3434 5442
956 380 1370 442 EXPLANAT.
1418 381 1494 444 ΙΝ
1539 380 1898 443 DONATVM
1942 379 2084 442 Lm.
2131 379 2181 440 ll
2612 404 2620 412 ·
2723 383 2846 448 563

386 489 418 532 ι.
445 491 509 533 ⁷².
536 489 614 532 ⁷2*
640 489 721 531 eoa
764 489 866 530 ιω.

1247 616 1345 697 ‘ns
1388 634 1875 698 soLonclsmo.

452 771 847 834 Soloecismus
891 777 980 832 est
1020 773 1210 832 oratio
1252 771 1603 834 inordinatis
1656 771 2012 834 dictionibus
2053 773 2337 834 instructa
2383 779 2586 832 contra
2631 778 2851 834 rectam

280 873 563 955 loquendi
608 872 1111 936 consuetudinem.
1176 875 1333 936 inter
1388 873 1818 937 barbarismum
1865 881 1926 934 et
1976 873 2388 935 soloecismum
2433 871 2547 935 hoc
2589 874 2851 941 interest.

281 977 441 1057 quod
486 974 887 1038 barbarismus
929 977 991 1036 in
1036 973 1281 1054 singulis
1326 973 1519 1038 verbis
1573 975 1639 1038 fit
1692 983 1754 1036 et
1807 977 1871 1036 in
1914 992 2284 1056 quocumque
2329 974 2538 1038 ordine
2578 971 2606 1058 ss
2647 982 2853 1036 contra

282 1095 515 1140 morem
554 1077 913 1146 Latinitatis:
960 1075 1339 1139 soloecismus
1382 1085 1610 1148 autem,
1658 1075 1892 1158 quando
1937 1077 2340 1158 discrepantes
2367 1077 2522 1138 inter
2551 1095 2616 1138 se
2648 1075 2852 1138 dictio·
2881 1095 2906 1134 s

284 1198 391 1240 nes
434 1178 630 1241 habet.
718 1179 865 1240 fiunt
906 1186 1103 1241 autem
1146 1176 1481 1240 soloecismi
1522 1198 1631 1260 per
1674 1197 1880 1242 omnes
1923 1186 2123 1260 partes
2165 1180 2450 1240 orationis
2495 1186 2596 1241 aut
2637 1197 2744 1258 per
2787 1198 2854 1240 ea

282 1299 435 1362 quae
464 1279 738 1344 accidunt
764 1279 1029 1362 partibus
1070 1281 1370 1344 orationis.
1446 1298 1554 1360 per
1598 1283 1838 1344 nomina
1880 1282 2028 1344 fiunt
2069 1280 2428 1351 soloecismi,
2472 1299 2606 1342 cum
2653 1288 2755 1342 aut
2795 1283 2856 1342 in

280 1380 665 1463 qualitatibus
720 1401 925 1445 eorum
981 1389 1263 1461 peccatur
1318 1388 1419 1444 aut
1472 1383 1535 1444 in
1590 1382 1908 1462 generibus
1950 1392 2053 1446 aut
2092 1384 2154 1444 in
2199 1381 2716 1462 conparationibus
2759 1391 2860 1445 aut

282 1485 349 1547 in
392 1487 661 1548 numeris
704 1493 806 1548 aut
846 1487 909 1547 in
954 1483 1204 1548 casibus.
1292 1503 1401 1565 per
1444 1483 1752 1565 qualitates
1793 1485 1942 1548 flunt.
1985 1484 2346 1554 soloecismi,
2391 1493 2458 1546 ut

588 1587 896 1650 hauriat
935 1587 1128 1649 hunc
1170 1585 1414 1649 oculis
1456 1587 1701 1666 ignem
1747 1586 2080 1650 crudelis
2125 1585 2207 1649 ab
2253 1585 2403 1650 alto
2883 1597 2934 1638 ¹⁰

589 1688 999 1751 Dardanus:
1092 1747 1097 1752 .

286 1790 595 1854 Dardanus
650 1790 797 1852 dixit
846 1807 959 1869 pro
1013 1790 1369 1860 Dardanius:
1426 1789 1633 1852 debuit
1684 1792 1842 1852 enim
1902 1809 1932 1852 a
1979 1790 2252 1852 Dardano
2295 1789 2596 1852 dirivative
2640 1789 2860 1852 Darda-

285 1894 451 1956 nium
505 1893 737 1955 dicere:
794 1893 1101 1973 proprium
1158 1893 1353 1972 posuit
1405 1909 1515 1972 pro
1588 1889 1954 1972 appellativo.
2044 1892 2158 1954 lnoc
2213 1900 2304 1953 est
2355 1909 2465 1972 per
2519 1890 2858 1973 qualitatem

286 1993 487 2058 facere
530 1993 960 2058 soloecismum.
1048 2011 1155 2074 per
1200 2012 1449 2074 genera,
1494 1996 1648 2056 sicut
1690 1994 1846 2075 apud
1889 1993 2142 2058 Ennium

590 2096 723 2158 llia
766 2097 883 2158 dia
928 2111 1155 2174 nepos
1198 2114 1377 2176 quas
1418 2113 1764 2158 erumnas
1805 2095 2170 2166 tetulisti,
2887 2107 2936 2150 1⁵

284 2216 397 2280 pro
441 2200 664 2278 neptis:
712 2205 770 2259 et
813 2197 967 2278 apud
1012 2197 1325 2260 Pacuvium

590 2301 757 2381 quis
786 2307 863 2360 tu
893 2317 995 2370 es,
1026 2298 1319 2370 mulier,
1351 2317 1540 2379 quae
1570 2319 1677 2362 me
1705 2301 2012 2362 insueto
2043 2300 2497 2386 nuncupasti
2527 2299 2862 2361 nomine?

284 2421 399 2482 pro
452 2419 602 2481 qnae
655 2401 786 2482 quis
841 2399 1015 2463 dixit:
1088 2399 1477 2464 masculinum
1535 2419 1645 2482 pro
1703 2402 1986 2464 feminino
2041 2403 2254 2480 posuit.
2342 2419 2450 2482 per
2493 2403 2863 2480 conparatio-

286 2521 427 2566 nem
470 2505 588 2572 sic,

591 2604 1005 2685 respondit
1045 2603 1225 2666 luno
1270 2605 1625 2668 Saturnia
1667 2614 1919 2668 sancta
1963 2605 2306 2676 dearum,
2886 2615 2939 2656 2⁰

286 2725 401 2788 pro
444 2707 838 2777 sanctissima,
898 2707 1033 2788 quia
1088 2704 1475 2785 superlativus
1529 2708 1785 2786 genitivo
1827 2705 2042 2788 plurali
2087 2705 2493 2785 subiungitur:
2552 2709 2862 2789 positivum

288 2827 404 2888 pro
454 2805 807 2887 superlativo
862 2809 1077 2886 posuit.
1168 2806 1310 2888 [per
1360 2817 1559 2888 partes
1613 2809 1899 2872 orationis
1951 2810 2098 2870 liunt
2152 2807 2514 2879 soloecismi,
2569 2826 2704 2870 cum
2753 2808 2863 2870 alia

289 2927 402 2991 pro
452 2907 567 2970 alia
620 2910 891 2987 ponitur.
953 2915 1019 2970 ut
1072 2913 1551 2991 ‘torvumque
1606 2917 1920 2990 repente
1981 2908 2321 2971 clamat':
2397 2907 2568 2972 aliam
2635 2918 2862 2990 partem

299 3029 411 3090 pro
456 3009 569 3072 alia
613 3011 839 3089 posuit,
886 3028 1101 3071 nomen
1147 3029 1257 3092 pro
1300 3010 1580 3073 adverbio
1623 3013 1846 3091 posuit:
1895 3019 2124 3073 torvum
2167 3013 2324 3072 enim
2359 3010 2502 3072 dixit
2530 3030 2641 3090 pro
2671 3010 2865 3093 torve]

289 3130 401 3193 per
444 3130 759 3174 numerum
804 3113 890 3174 sic
932 3113 1080 3174 flunt
1121 3109 1480 3184 soloecismi,
2888 3123 2940 3165 2⁵

597 3231 746 3290 vos,
790 3233 827 3274 o
871 3211 1234 3294 Calliope,
1281 3231 1549 3295 precor
1592 3214 1980 3296 adspirate
2024 3217 2358 3277 canenti:

292 3313 583 3396 pluralem
626 3315 837 3396 posuit
864 3334 975 3398 pro
1018 3313 1319 3395 singulari.
1405 3334 1515 3397 per
1558 3333 1730 3376 casus
1772 3317 1888 3387 sic,

1206 3437 1409 3498 quem
1458 3435 1589 3478 non
1634 3416 1816 3479 adeo
1858 3417 2166 3479 virtutis
2210 3426 2563 3496 egentem

598 3517 913 3581 abstulit
954 3527 1111 3580 atra
1157 3518 1311 3580 dies
1357 3527 1427 3580 ει
1472 3519 1746 3581 sunere
1787 3520 2050 3580 mersit
2092 3518 2396 3580 acerbo:

294 3621 409 3683 hoc
455 3619 742 3699 Vergilius
795 3621 859 3681 in
901 3619 1007 3691 XI,
1064 3622 1381 3700 genitivum
1438 3638 1547 3700 pro
1602 3619 1853 3682 ablativo
1907 3621 2120 3700 posuit.
2209 3637 2317 3698 per
2363 3619 2538 3683 verba
2583 3623 2728 3684 liunt
2771 3641 2864 3704 so·
2893 3632 2944 3674 ³⁰

294 3721 588 3792 loecismi,
635 3739 767 3783 cum
814 3729 913 3782 aut
952 3722 1017 3783 in
1059 3723 1377 3802 generibus
1419 3741 1625 3785 eorum
1670 3729 1951 3802 peccatur
1993 3730 2094 3783 aut
2134 3723 2192 3781 in
2237 3721 2429 3784 modis
2473 3731 2572 3786 aut
2613 3726 2673 3785 in
2720 3732 2866 3785 tem-

296 3823 542 3904 poribus
584 3831 685 3886 aut
725 3824 787 3884 in
830 3825 1119 3904 personis
1208 3843 1317 3905 per
1359 3842 1579 3904 genera
1624 3823 1939 3886 verborum
1982 3823 2132 3886 fiunt
2174 3822 2535 3896 soloecismi,
2591 3827 2774 3888 sicut·

301 4078 391 4130 olli
428 4079 699 4143 aliquando
734 4079 942 4144 ponitur
969 4095 1061 4147 pro
1096 4089 1213 4132 tunc
1243 4079 1319 4130 illi
1350 4080 1445 4146 (cf.
1466 4081 1613 4132 Sero.
1642 4083 1697 4131 in
1727 4080 1885 4144 Ver-0.
1913 4081 2048 4132 Aen.
2087 4080 2108 4129 I
2145 4079 2292 4143 254),
2331 4087 2386 4129 ut
2415 4081 2543 4136 folii
2577 4083 2756 4134 sedato
2791 4099 2868 4134 re-

298 4149 509 4216 spondit
544 4149 697 4198 corde
733 4149 943 4209 latinus,
987 4149 1177 4216 (Ver-q.
1211 4150 1341 4204 Aen.
1378 4149 1503 4208 ΧΠ,
1545 4149 1655 4212 18).
1708 4149 1966 4214 pernicies
2005 4149 2235 4200 scribunt
2279 4151 2484 4215 inperiti
2527 4159 2578 4202 et
2619 4151 2810 4204 faciunt
2841 4169 2869 4202 c

300 4221 584 4285 (geminum
614 4218 738 4269 add.
776 4220 829 4269 in
856 4219 1046 4285 mara.)
1072 4236 1172 4284 quo
1208 4219 1359 4270 modo
1392 4221 1501 4286 pati
1538 4226 1589 4270 et
1626 4234 1653 4268 s
1688 4219 1842 4284 ratior
1873 4219 2023 4284 (fort.
2065 4233 2165 4281 quo
2219 4220 2372 4270 modo
2415 4223 2616 4286 species
2661 4221 2867 4286 facies).
2913 4217 2918 4222 ’

301 4288 501 4340 feruere
535 4289 778 4354 corripuit
826 4303 919 4352 ue,
955 4304 1087 4353 quae
1136 4289 1431 4341 naturaliter
1474 4289 1628 4355 longa
1678 4297 1774 4342 est.
1827 4315 1886 4326 —
1935 4288 2152 4340 conlisio
2189 4289 2401 4340 barbara
2434 4292 2778 4357 pronuntiatio
2815 4302 2871 4344 ut

302 4358 593 4410 inconditae
630 4357 903 4420 loquellam
936 4359 1181 4414 effundat.
1256 4359 1327 4410 De
1364 4359 1667 4412 soloecismo
1702 4359 1754 4408 L
1789 4355 1859 4422 (f.
1896 4360 1986 4422 72)
2162 4358 2227 4410 10
2271 4357 2490 4426 hauriat]
2541 4362 2695 4427 Ver-9.
2735 4363 2863 4417 Aen.

305 4427 525 4482 1111661
675 4427 737 4480 15
766 4423 881 4494 Ilia]
922 4427 1026 4478 alia
1060 4430 1142 4480 L.-
1175 4431 1245 4492 cf.
1286 4429 1421 4482 Emi.
1451 4432 1625 4482 annal.
1662 4445 1707 4483 v.
1740 4427 1809 4480 56
1840 4429 1920 4480 ed.
1956 4428 2106 4483 Valet.
2149 4428 2346 4484 Charis.
2383 4445 2440 4494 p.
2466 4431 2534 4483 70
2674 4431 2740 4484 16
2776 4445 2869 4498 pro

304 4499 504 4565 nepotis
534 4506 593 4548 ut
626 4505 753 4564 aput
784 4499 1057 4564 pacuuium
1078 4501 1161 4550 L:
1198 4499 1267 4562 es.
1297 4501 1457 4552 Diom.
1492 4515 1548 4564 p.
1576 4500 1680 4552 449
1823 4498 1887 4549 17
1924 4497 2002 4566 es]
2045 4500 2090 4549 is
2117 4500 2167 4550 L
2307 4503 2608 4568 nuncupasti
2647 4515 2742 4568 pro
2775 4517 2867 4556 uo·

302 4603 437 4654 mine
473 4616 603 4666 quse
638 4601 689 4652 L
824 4601 894 4653 20
925 4603 1189 4669 respondit
1223 4603 1343 4653 iuno
1366 4579 1436 4624 Δ
1459 4618 1549 4654 sca
1569 4576 1638 4626 Α
1666 4601 1894 4653 saturnia
1919 4578 1988 4626 A
2017 4603 2224 4652 dearum
2258 4605 2340 4654 L.-
2377 4603 2508 4654 Eun.
2541 4607 2712 4658 annal.
2753 4605 2869 4657 165

302 4673 385 4726 ed.
426 4671 578 4726 Valet.
743 4673 812 4724 22
846 4686 937 4738 per
974 4681 1147 4738 partes
1180 4699 1247 4709 —
1283 4675 1353 4724 24
1387 4688 1480 4740 pro
1520 4681 1684 4736 torve,
1733 4687 1863 4736 quae
1891 4687 2134 4736 perverso
2176 4675 2354 4724 ordine
2389 4678 2520 4725 inter
2559 4677 2872 4727 soloecismos

300 4745 561 4802 nanim,
602 4744 689 4808 qm·
713 4757 811 4806 per
838 4743 1119 4794 accidentia
1144 4745 1287 4807 stum,
1308 4745 1477 4807 posita
1510 4749 1640 4804 ml,
1677 4749 1768 4792 ant
1800 4755 1871 4793 ea:
1903 4741 2102 4792 Donato
2120 4742 2214 4792 leuc
2247 4745 2410 4796 inlata
2440 4754 2570 4808 sumt,
2609 4753 2696 4796 aut
2713 4761 2872 4812 supra

300 4829 351 4866 v.
370 4815 403 4866 7
430 4821 549 4880 poet
572 4813 800 4879 partibus
835 4813 1081 4864 orationis
1116 4815 1227 4864 olba
1268 4815 1467 4876 scripta
1502 4820 1651 4864 erant
1800 4811 1868 4864 23
1907 4810 2226 4878 torvumque]
2275 4815 2434 4878 Vera.
2472 4816 2601 4866 Aen.
2645 4817 2732 4866 Vll
2769 4814 2872 4867 399

442 4881 513 4934 26
536 4879 649 4950 vos]
692 4884 851 4948 Ver-9.
888 4883 1016 4934 Aen.
1045 4882 1187 4933 vnn
1223 4885 1325 4936 5²5
1462 4882 1531 4936 28
1567 4882 1739 4951 quem]
1779 4884 1940 4948 Vera.
1967 4882 2100 4939 Aen.
2137 4882 2208 4932 Xl
2243 4885 2311 4936 27

2335 4969 2466 5040 36*
