3434 5442
937 331 1336 394 INSTITVTA
1376 327 1660 393 ARTIVM
1698 327 2034 394 238—248
2463 343 2472 354 ·
2695 327 2774 390 87

322 463 361 504 p.
388 447 469 490 199-
488 447 563 490 200
586 447 637 488 R.
2341 456 2384 497 p.
2413 442 2588 484 279-81
2621 443 2674 486 V.

234 527 350 586 item
391 530 445 582 et
479 519 583 582 alia
628 521 809 590 ratio,
858 537 973 600 qua
1016 518 1348 600 probantur
1402 519 1549 580 haec
1606 515 1815 578 eadem
1863 517 2098 595 generis
2141 517 2468 576 communis
2521 515 2774 584 nomina,

234 643 362 704 quae
406 623 651 684 diximus
698 623 1057 683 nominativo
1100 639 1237 684 casu
1292 624 1528 684 numeri
1570 617 1884 698 singularis
1921 637 1954 680 a
2005 617 2196 679 littera
2246 618 2582 686 terminari,
2641 635 2776 677 cum

232 737 421 804 genere
472 731 684 786 neutro
736 742 857 785 non
904 723 1229 786 secundum
1274 741 1471 802 ‘genus
1522 729 1800 786 neutrum
1859 719 2171 790 declinari;
2227 719 2448 782 scilicet
2501 719 2776 797 quoniam

230 843 601 908 quaecumque
656 828 899 886 nomina
957 828 1193 905 generis
1256 827 1451 888 neutri
1499 809 1876 886 nominativo
1905 839 2047 884 casu
2103 822 2338 882 numeri
2387 819 2702 899 singularis
2742 837 2775 880 a

228 930 387 990 littera
442 929 867 998 terminantur,
937 927 1083 989 haec
1144 927 1217 989 ab
1276 927 1483 989 eodem
1538 926 1898 988 nominativo
1957 941 2097 986 casu
2157 925 2391 985 numeri
2439 922 2771 1002 singularis,
2825 949 2851 988 ⁵

226 1037 441 1110 excepto
472 1032 807 1092 accusativo
851 1037 911 1092 et
944 1031 1206 1091 vocativo
1252 1049 1391 1093 casu
1430 1019 1665 1090 muneri
1706 1026 2038 1105 singularis,
2087 1043 2236 1103 quos
2275 1025 2498 1086 scilicet
2536 1026 2776 1086 nomina

224 1136 427 1212 generis
488 1133 689 1193 neutri
751 1131 973 1193 similes
1036 1150 1169 1193 cum
1234 1132 1591 1193 nominativo
1648 1129 1870 1192 habere
1935 1129 2350 1208 reperiuntur,
2419 1129 2478 1186 in
2545 1133 2776 1188 ceteros

222 1244 391 1297 autem
430 1251 605 1295 casus
650 1252 761 1314 per
806 1232 1057 1314 syllabas
1094 1243 1399 1304 crescunt,
1446 1230 1473 1318 ΙΙ
1514 1242 1581 1294 ut
1627 1239 1770 1311 puta
1827 1230 1942 1291 boc
1985 1229 2276 1308 glossema
2342 1229 2516 1291 huius
2555 1227 2775 1306 glosse-

222 1339 395 1398 matis:
450 1338 541 1396 sic
575 1347 639 1397 et
678 1353 787 1414 per
832 1344 1089 1405 ceteros,
1138 1344 1204 1406 ut
1248 1336 1547 1419 diiximuS,
1592 1353 1794 1405 casus,
1841 1343 2088 1412 excepto
2129 1333 2460 1394 accusativo
2503 1339 2562 1391 et
2603 1349 2773 1391 voca·

222 1440 316 1499 tiro
354 1454 487 1498 casu
526 1441 767 1500 numeri
805 1436 1149 1516 singulariS,
1196 1456 1305 1517 per
1349 1437 1599 1518 syllabas
1639 1441 1933 1499 crescunt.
2022 1452 2180 1494 nunc
2225 1451 2356 1494 cum
2403 1431 2670 1494 Sarmata
2715 1439 2773 1493 et
2801 1451 2849 1494 ιο

221 1548 389 1602 cetera
442 1538 584 1600 talia
642 1543 705 1600 in
762 1557 983 1618 genere
1030 1547 1242 1602 neutro
1299 1560 1333 1601 a
1388 1541 1746 1602 nominativo
1809 1555 1952 1600 casu
2013 1537 2244 1600 numeri
2289 1534 2603 1614 singularis
2665 1551 2774 1613 per

220 1649 419 1704 eeteros
473 1657 655 1704 casus
703 1641 881 1704 talem
938 1660 1147 1704 sonum
1206 1642 1402 1705 facere
1454 1659 1575 1702 non
1620 1631 2028 1720 reperiantur,
2099 1645 2157 1699 et
2207 1637 2340 1699 ideo
2387 1655 2519 1698 cum
2565 1637 2770 1698 eodem

221 1761 405 1822 genere
445 1752 669 1806 neutro
712 1745 1036 1807 secundum
1068 1743 1447 1814 locutionem,
1492 1761 1612 1806 non
1652 1743 1978 1810 secundum
2009 1757 2195 1820 genus
2227 1748 2506 1802 neutrum
2543 1744 2778 1816 oportet

220 1843 489 1906 declinari·
554 1849 702 1906 item
741 1854 800 1907 et
842 1846 953 1908 alia
987 1849 1156 1916 ratio,
1204 1864 1319 1926 qua
1364 1846 1691 1925 probantur
1734 1847 1882 1906 baec
1927 1843 2130 1906 eadem
2173 1844 2410 1921 generis
2445 1841 2774 1902 communis

219 1950 453 2018 nomina,
512 1965 673 2028 quae
716 1949 969 2010 diximus
1024 1950 1380 2010 nominativo
1424 1965 1565 2008 casu
1615 1948 1852 2008 numeri
1895 1944 2207 2025 singularis
2250 1965 2282 2006 a
2318 1944 2510 2006 littera
2568 1945 2768 2004 termi-
2800 1961 2846 2004 ιε

218 2052 351 2122 nari,
395 2067 529 2112 cum
570 2068 797 2129 genere
842 2059 1050 2112 neutro
1094 2069 1213 2112 non
1254 2049 1581 2114 secundum
1622 2067 1810 2128 genus
1845 2055 2124 2110 neutrum
2172 2045 2484 2114 declinari:
2551 2045 2776 2107 scilicet

218 2135 467 2231 quoniam
512 2169 931 2233 quaecumque
974 2155 1211 2214 nomina
1269 2153 1505 2230 generis
1548 2153 1743 2214 neutri
1795 2152 2153 2212 nominativo
2197 2167 2338 2210 casu
2381 2149 2617 2209 numeri
2657 2149 2773 2209 sin-

218 2253 407 2331 gularis
453 2274 485 2315 a
532 2254 735 2317 littera
800 2257 1221 2323 terminantur,
1282 2255 1429 2316 haec
1492 2271 1671 2316 sonos
1724 2253 1960 2314 Latinos
2021 2251 2259 2314 efficere
2323 2268 2440 2311 non
2507 2255 2771 2329 possunt.

218 2359 333 2416 item
368 2357 708 2436 quaeritur,
766 2374 879 2436 qua
923 2357 997 2418 de
1034 2375 1209 2418 causa
1262 2356 1409 2418 haec
1452 2373 1635 2436 supra
1672 2358 1930 2434 scriptae
1977 2355 2202 2416 formae
2247 2354 2484 2415 nomina
2541 2352 2774 2430 generis

218 2460 515 2520 communis
552 2475 693 2521 esse
736 2459 1027 2522 dicantur.
1114 2459 1227 2519 bac
1272 2460 1347 2521 de
1388 2475 1598 2528 causa,
1654 2459 1934 2538 quoniam
1985 2473 2394 2538 quaecumque
2447 2453 2771 2516 masculina
2797 2473 2849 2514 το

220 2559 465 2622 vocabula
524 2562 893 2622 nominativo
946 2578 1087 2622 casu
1148 2563 1385 2623 numeri
1432 2560 1748 2639 singularis
1801 2577 1834 2620 a
1881 2553 2103 2621 littera·
2134 2559 2526 2621 terminantur
2585 2563 2644 2618 et
2701 2576 2775 2619 ex
2951 2591 2986 2608 -

216 2681 301 2724 sua
337 2664 533 2741 specie
590 2661 875 2724 vocabula
914 2664 1197 2725 feminina
1240 2664 1437 2726 faeere
1475 2669 1750 2742 possunt,
1811 2662 1959 2723 haec
2001 2660 2209 2723 eadem
2255 2662 2492 2722 nomina
2537 2661 2774 2736 generis

218 2767 515 2826 eommunis
560 2781 701 2826 esse
742 2767 1219 2844 pronuntiantur.
1308 2765 1383 2828 de
1437 2764 1627 2828 forma
1672 2766 1905 2844 generis
1950 2764 2311 2834 communis,
2365 2781 2482 2842 qua
2523 2760 2807 2823 ablativo&

216 2886 329 2928 casu
380 2868 625 2930 numeri
674 2866 991 2944 singularis
1046 2869 1281 2928 nomina
1324 2887 1357 2928 a
1418 2867 1611 2929 littera
1667 2867 2059 2928 terminantur
2119 2873 2178 2926 et
2220 2865 2575 2926 nominativo
2635 2883 2774 2926 casu

217 2971 415 3032 numeri
453 2969 779 3049 singularis
824 2971 879 3031 ia
920 2969 1133 3031 litteris
1180 2970 1565 3040 definiuntur,
1629 2977 1914 3049 quantum
1971 2968 2121 3029 ratio
2189 2967 2500 3045 poscebat,
2557 2973 2771 3028 tracta·
2801 2983 2850 3024 25

216 3073 392 3133 vimus·

356 3174 433 3236 De
476 3172 743 3235 ablativo
790 3193 929 3236 casu
974 3176 1211 3242 numeri
1246 3173 1589 3253 singularis,
1646 3173 1746 3252 qui
1791 3191 1862 3234 ex
1907 3189 2128 3250 genere
2169 3171 2468 3232 communi
2509 3189 2542 3232 a
2583 3169 2774 3232 littera

218 3279 565 3348 terminatur,
629 3283 911 3355 quantum
957 3278 1106 3338 ratio
1148 3276 1443 3356 poscebat,
1482 3277 1890 3344 tractavimus;
1951 3281 2010 3334 et
2051 3273 2183 3335 ideo
2236 3274 2354 3334 iam
2409 3272 2483 3334 de
2525 3271 2774 3333 ablativo

218 3395 331 3439 casn
368 3380 611 3441 numeri
654 3378 985 3456 singularis,
1032 3381 1135 3460 qui
1182 3399 1213 3442 e
1250 3379 1443 3440 littera
1478 3379 1858 3448 terminatur,
1903 3377 2272 3454 incipiamus,

358 3481 437 3544 De
476 3503 530 3544 c.
630 3499 666 3541 e
706 3471 899 3544 littera
944 3481 1231 3544 ablativus
1270 3499 1441 3542 casus
1480 3481 1714 3542 numeri
1743 3479 2054 3556 singularis
2091 3479 2434 3540 terminatus
2478 3461 2770 3558 duplicem
2799 3493 2850 3536 so

220 3581 597 3644 declinationis
642 3585 903 3645 continet
958 3585 1227 3646 formam.
1314 3600 1435 3643 una
1477 3583 1630 3643 enim
1668 3589 1785 3651 est,
1843 3599 1998 3662 quae
2039 3581 2114 3643 ab
2157 3601 2190 3642 e
2232 3581 2524 3660 producto
2575 3581 2774 3642 venire

218 3685 561 3764 intellegitur,
608 3684 719 3748 alia
762 3703 921 3756 vero,
966 3703 1118 3767 quae
1154 3685 1228 3748 ab
1269 3705 1303 3748 e
1348 3692 1623 3764 correpto
1664 3685 1864 3746 venire
1903 3687 2232 3764 repet-itum
2281 3691 2338 3746 et
2374 3683 2508 3745 ideo
2553 3684 2774 3745 utrius-

222 3804 313 3865 que
344 3789 567 3851 formae
620 3789 913 3850 rationem
950 3786 1292 3850 subicimus,

356 3891 437 3952 De
478 3911 515 3953 e
552 3891 874 3971 producto.
964 3909 997 3952 e
1040 3889 1235 3952 littera
1293 3891 1582 3969 producta
1636 3888 1920 3970 ablativus
1965 3905 2136 3950 casus
2192 3889 2424 3950 numeri
2465 3886 2777 3965 singularis

222 3994 537 4056 terminatus
586 3992 933 4054 femininum
973 4009 1161 4070 genus
1206 3977 1465 4056 continet
1500 4000 1746 4054 tantum.
2801 4001 2852 4043 ³⁵

359 4097 441 4158 Dc
473 4113 707 4175 genere
746 4095 1048 4156 feminino.
1106 4095 1375 4158 seminini
1418 4096 1655 4172 generis
1698 4095 1936 4154 nomina
1971 4093 2170 4154 Latina
2201 4087 2228 4175 ss
2262 4093 2579 4162 dumtaxat,
2624 4110 2776 4173 quae

224 4194 435 4260 ablativo
490 4215 637 4261 casu
693 4199 928 4258 numeri
982 4195 1301 4276 singularis
1348 4215 1381 4259 e
1434 4196 1626 4258 littera
1686 4196 1978 4277 producta
2026 4197 2452 4265 terminantur,
2511 4193 2661 4255 baec
2713 4196 2775 4254 in

226 4302 549 4362 nominativo
598 4319 741 4362 casu
782 4301 1019 4361 numeri
1061 4297 1376 4378 singularis
1410 4317 1529 4387 una
1573 4299 1685 4361 bac
1727 4298 1916 4360 forma
1967 4298 2327 4359 definiuntur
2368 4304 2627 4366 tantum,
2665 4297 2774 4368 ies,

228 4409 277 4460 ut
312 4411 439 4479 puta
495 4403 575 4464 ab
618 4404 733 4464 hac
786 4403 985 4482 specie
1038 4401 1187 4463 haec
1240 4403 1499 4482 specie&
1556 4408 1617 4462 et
1680 4401 1756 4462 ad
1809 4401 1926 4462 hoc
1982 4399 2316 4479 exemplum
2371 4397 2772 4460 declinantur:

230 4506 426 4566 numeri
477 4505 799 4584 singularis
857 4502 1004 4566 haec
1046 4505 1276 4584 species
1339 4503 1539 4566 huius‘
1564 4505 1780 4584 speciei
1850 4503 1988 4564 huic
2031 4502 2249 4582 speciei
2314 4501 2468 4562 hanc
2515 4503 2770 4580 speciem
2799 4509 2851 4553 ⁴⁰

344 4676 367 4726 1
399 4677 679 4742 probantur
708 4676 783 4726 Br
817 4675 1059 4741 probatur
1094 4676 1141 4728 R
1245 4677 1279 4728 8
1316 4682 1484 4726 autem
1522 4691 1612 4726 om.
1641 4692 1689 4737 v,
1727 4674 1849 4726 add.
1878 4675 1923 4725 R
2033 4672 2099 4726 10
2132 4680 2354 4724 sarmata
2389 4689 2524 4724 corr.
2562 4689 2700 4726 arma
2725 4675 2772 4724 12

236 4755 399 4796 sumata
429 4747 480 4797 B
514 4746 831 4814 glossemata
865 4763 895 4795 v
1036 4747 1101 4798 12
1140 4759 1239 4797 non
1278 4761 1369 4796 om.
1401 4746 1498 4806 Bv,
1534 4745 1656 4796 add.
1690 4743 1738 4795 R
1880 4745 1942 4795 14
1987 4744 2263 4810 probantur
2298 4760 2329 4794 r
2363 4745 2642 4812 probentur
2676 4744 2778 4796 RB

345 4817 407 4866 24
438 4818 647 4868 nomina
678 4833 777 4870 om.
814 4817 877 4878 R,
916 4816 1042 4870 add.
1080 4831 1141 4866 ru
1278 4815 1347 4868 38
1378 4823 1570 4866 tantum
1605 4818 1678 4865 ies
1714 4815 1796 4864 rB
1831 4821 2024 4867 tantum
2061 4831 2116 4866 es
2153 4815 2200 4866 R

1050 4985 1056 4992 ’
1151 5007 1161 5040 ι
