3434 5442
345 989 372 1008 d

543 968 569 1006 5

523 1473 572 1512 lo

526 2483 579 2522 20

531 3495 583 3535 30

594 363 716 429 398
1738 355 2015 418 DONA'H

697 481 739 518 ρ.
767 468 832 509 31.
861 467 911 508 82
941 467 985 507 1..
2732 473 2776 514 p.
2804 461 2916 503 17⁷³.
2944 461 2999 502 u
3028 459 3084 501 ι».

761 545 1132 625 Anadiplosis
1187 552 1277 606 est
1333 544 1765 623 congeminatio
1834 542 2107 602 dictionis
2164 559 2235 602 ex
2304 539 2507 601 ultimo
2571 540 2731 602 loco‘
2770 539 3205 620 praecedentis

593 667 797 709 versus
843 655 902 708 et
945 647 1238 727 principio
1282 646 1610 725 sequentis,
1655 652 1723 705 ut
1812 659 1817 666 ·

1612 748 1968 825 sequitur
2011 743 2579 823 pulcherrimus
2622 745 2869 812 Astur,

897 850 1115 910 Astur
1161 865 1346 926 equo
1390 847 1658 908 sidens.

765 947 1078 1029 Anaphora
1137 956 1226 1009 est
1281 947 1488 1009 relatio
1545 947 1809 1009 eiusdem
1870 946 2034 1008 verbi
2089 965 2197 1027 per
2243 947 2531 1026 principia
2578 964 2846 1008 versuum
2892 943 3205 1024 plurimo·

591 1070 754 1122 rum,
800 1058 865 1112 ut
892 1047 920 1136 ΙΙ

701 1199 714 1210 .
807 1214 820 1222 ,
901 1160 1098 1221 nate,
1143 1169 1350 1212 meae
1393 1153 1624 1221 vireS,
1671 1168 1831 1211 mea
1874 1167 2133 1228 magna
2178 1150 2525 1229 potentia
2572 1148 2804 1217 soluS,

901 1261 1070 1314 nate
1113 1254 1358 1332 patris
1401 1253 1687 1323 summi,
1733 1253 1863 1330 qui
1904 1251 2054 1311 tela
2100 1250 2445 1330 Typhoea
2490 1253 2779 1312 temnis,

765 1354 1150 1435 Epanalepsis
1193 1361 1285 1416 est
1324 1353 1488 1415 verbi
1530 1355 1594 1414 in
1637 1353 1929 1432 principio
1970 1371 2174 1413 versus
2218 1353 2393 1431 positi
2436 1353 2500 1412 in
2544 1351 2803 1412 eiusdem
2848 1351 2971 1410 line
3016 1367 3207 1428 repe·

600 1459 756 1530 titio,
803 1467 869 1517 ut

837 1553 846 1562 ’
901 1565 1075 1618 ante
1120 1559 1342 1618 etiam
1387 1563 1775 1635 sceptrum
1821 1555 2121 1616 Dictaei
2164 1556 2369 1632 regis
2414 1562 2485 1614 et
2528 1562 2727 1616 ante.

767 1658 1078 1738 Epizeuxis
1122 1666 1212 1720 est
1255 1657 1516 1719 eiusdem
1551 1656 1718 1718 verbi
1760 1659 1823 1717 in
1867 1656 2076 1717 eodem
2108 1675 2280 1716 versu
2324 1657 2451 1716 sine
2495 1653 2688 1734 aliqua
2732 1651 3019 1715 dilatione
3052 1671 3211 1713 con-

598 1741 946 1840 geminatio,
991 1767 1060 1821 ut
2607 1775 2611 1780 ·

901 1880 1038 1933 me,
1085 1879 1221 1930 me,
1269 1859 1522 1920 adsum
1567 1853 1692 1939 qui
1736 1859 1913 1928 l'eci,
1959 1861 2031 1918 in
2078 1877 2187 1919 me
2231 1859 2654 1919 convertite
2700 1857 3007 1918 ferrum.

770 1963 1190 2024 paronomasia
1235 1968 1324 2021 est
1366 1959 1544 2021 veluti
1588 1960 1876 2040 quaedam
1921 1959 2347 2030 denominatio,
2396 1969 2459 2021 ut

907 2082 1061 2125 nam
1106 2063 1448 2142 inceptio
1495 2069 1606 2122 est
1649 2061 2077 2132 amentium,
2137 2062 2315 2122 haut
2358 2062 2782 2122 amantium.

772 2166 1008 2228 Schesis
1059 2171 1378 2225 onomaton
1435 2170 1526 2224 est
1581 2161 1893 2224 multitudo
1940 2164 2246 2224 nominum
2290 2164 2739 2224 coniunctorum
2784 2160 3047 2240 quodam
3102 2160 3217 2220 ha-

602 2268 726 2329 bitu
771 2265 1114 2346 copulandi,
1161 2272 1228 2326 ut

905 2353 1144 2428 Marsa
1191 2384 1480 2437 manus»,
1527 2363 1841 2443 Peligna
1887 2365 2200 2435 cohors,
2247 2363 2554 2426 Vestina
2602 2367 2831 2424 virum
2878 2365 3012 2423 vis.

775 2469 787 2553 Ι
833 2468 1246 2530 Parhomoeon
1292 2474 1410 2537 est,
1457 2483 1590 2527 cum
1635 2464 1708 2528 ab
1753 2466 1941 2527 isdem
1986 2464 2199 2528 litteris
2242 2467 2469 2527 diversa
2514 2465 2693 2526 verba
2739 2473 3097 2536 sumuntur,
3150 2471 3223 2524 ut

910 2589 946 2630 o
989 2569 1156 2629 Tite
1203 2576 1362 2628 tute
1397 2569 1563 2629 Tati
1607 2566 1751 2628 tibi
1795 2574 2003 2629 tanta
2048 2578 2365 2646 tyranne
2411 2566 2681 2628 tulisti.

775 2671 1253 2749 Ilomoeoptoton
1298 2677 1414 2739 est,
1463 2686 1598 2729 cum
1643 2670 1704 2728 in
1750 2668 1973 2742 similes
2018 2687 2187 2730 casus
2232 2677 2451 2731 exeunt
2496 2668 2677 2730 verba
2720 2668 2975 2736 diversa,
3026 2677 3105 2728 ut

909 2781 1291 2833 merentes
1336 2768 1618 2830 flentes
1659 2768 2161 2832 lacrimantes
2206 2772 2855 2832 commiserantes,

775 2872 1306 2935 Homoeoteleuton
1351 2878 1469 2942 est,
1517 2888 1650 2932 cum
1698 2870 1875 2931 simili
1904 2872 2083 2932 modo
2114 2873 2405 2933 dictiones
2448 2871 2739 2952 plurimae
2782 2872 3115 2940 liniuntur,
3152 2879 3219 2930 ut

911 2992 1042 3036 eos
1081 2973 1340 3034 reduci
1383 2991 1594 3052 quam
1640 2970 2002 3052 relinqui,
2050 2973 2315 3035 devehi
2358 2991 2563 3054 quam
2608 2973 2867 3034 deseri

907 3074 1152 3136 malui.

773 3176 1126 3257 Polyptoton
1171 3184 1260 3237 est
1303 3175 1617 3236 multitudo
1661 3193 1902 3236 casuum
1948 3177 2227 3237 varietate
2273 3176 2574 3246 distincta,
2622 3185 2689 3237 ut

908 3277 1140 3337 litora
1183 3259 2033 3347 litoribus’contraria,-
2064 3276 2429 3338 fluctibus
2472 3278 2706 3338 undas
3042 3351 3071 3376 ο

910 3380 1296 3457 inprecor,
1343 3395 1544 3439 arma
1589 3380 1852 3448 armiS,
1900 3387 2234 3457 pugnent
2275 3381 2572 3459 ipsique
2616 3386 3122 3458 nepotesque.

777 3481 1014 3540 Hirmos
1070 3489 1160 3539 est
1211 3480 1396 3540 series
1461 3481 1745 3556 orationis
1810 3485 2083 3540 tenorem
2144 3498 2315 3542 suum
2374 3498 2559 3558 usque
2614 3480 2688 3540 ad
2744 3478 3017 3540 ultimum
3080 3497 3217 3538 ser-

612 3601 776 3651 vam,
825 3587 890 3640 ut

746 3783 780 3834 3
817 3783 1040 3846 equitum
1079 3771 1384 3845 S'sequitur
1416 3799 1476 3836 s.-
1518 3784 1678 3850 Ver-9.
1721 3784 1852 3839 Aen.
1890 3783 1939 3834 X
1980 3782 2079 3835 180
2216 3792 2355 3834 antor
2404 3791 2544 3834 ustor
2586 3785 2629 3835 S
2766 3783 2800 3832 7
2848 3775 2988 3847 nale]
3038 3784 3213 3848 Ver-9.

609 3855 741 3906 Aen.
785 3855 804 3902 1
840 3853 946 3905 664
1083 3851 1118 3902 8
1149 3855 1305 3915 patris
1341 3879 1409 3890 ——
1437 3855 1624 3904 temnis
1653 3869 1745 3906 om.
1788 3855 1865 3914 L,
1904 3855 2025 3903 add.
2068 3855 2089 3901 l
2224 3853 2402 3920 typhia
2435 3854 2479 3904 S
2512 3853 2731 3918 typhoea
2758 3869 2787 3904 ε
2926 3852 2963 3903 9
3002 3853 3215 3916 Epona-

610 3924 784 3974 lemsis'
821 3921 962 3972 LSP
1103 3922 1160 3972 11
1195 3921 1335 3989 ante]
1381 3925 1540 3986 Vero.
1575 3938 1753 3990 geor-9.
1789 3925 1830 3973 11
1866 3923 1970 3976 536
2126 3924 2191 3974 12
2236 3923 2533 3973 dilatatione
2568 3939 2708 3975 corr.
2744 3923 2989 3973 dilatione
3023 3923 3067 3973 S

613 3996 678 4046 14
709 3989 812 4057 me]
863 3993 1021 4056 Ver-9.
1061 3991 1189 4044 Aen.
1232 3993 1367 4042 Vllll
1399 3994 1502 4045 427
1645 3993 1708 4042 15
1746 3992 2107 4042 Paranomasia
2140 4001 2217 4042 est
2254 3993 2671 4057 quotiescumque
2708 3993 2771 4042 de
2814 3993 3025 4042 nomine
3058 3993 3213 4042 aliud

609 4063 826 4113 efficitur
853 4075 1036 4111 nomen
1073 4059 1229 4110 ueluti
1264 4062 1316 4110 P
1484 4061 1551 4112 16
1591 4058 1728 4126 nam]
1778 4061 1981 4115 Terent.
2021 4062 2186 4114 Andr.
2220 4064 2238 4111 l
2275 4062 2326 4125 3,
2368 4063 2440 4114 13
2580 4064 2855 4112 amentium
2894 4071 2983 4111 aut
3026 4077 3213 4111 emun-

611 4134 735 4183 tium
771 4131 872 4180 LP
915 4131 1190 4180 amantium
1237 4141 1324 4180 aut
1371 4131 1648 4180 amentium
1681 4145 1718 4192 p
1766 4147 1879 4181 ame
1903 4174 1947 4186 ,,
1973 4146 2087 4185 ,um
2124 4147 2163 4195 p
2200 4142 2287 4180 aut
2324 4133 2598 4181 amentium
2636 4133 2679 4183 S
2711 4133 2987 4182 amentium
3024 4147 3065 4195 g>
3108 4145 3213 4180 nou

609 4202 888 4253 amantium
925 4217 954 4252 ε
1092 4201 1155 4250 17
1193 4197 1367 4250 habitu
1401 4201 1451 4249 P
1486 4201 1623 4249 abitu
1659 4201 1755 4250 LS
1778 4203 1971 4251 ambitu
2004 4217 2031 4249 s
2210 4201 2272 4253 19
2316 4198 2502 4266 Marsa]
2547 4203 2713 4254 Ennio
2748 4201 2973 4253 tribuere
3008 4202 3217 4251 videtur

608 4272 820 4336 Sergius
853 4270 965 4322 cod.
1009 4270 1228 4322 Levant.
1263 4271 1309 4332 f.
1349 4271 1449 4320 74:
1482 4270 1553 4333 cs.
1593 4269 1729 4322 Emi.
1773 4273 1946 4324 annal.
1986 4271 2102 4318 Vlll
2138 4269 2241 4322 208
2275 4273 2355 4321 ed.
2400 4271 2551 4325 Vane.
2700 4272 2909 4322 Vestina
2940 4270 2989 4324 I.
3026 4272 3213 4320 Donec

608 4342 751 4407 apud
784 4340 1040 4390 Merulam
1074 4341 1126 4390 in
1160 4338 1294 4392 Eun.
1335 4340 1506 4389 annal.
1537 4355 1598 4402 p.
1624 4341 1729 4388 453
1766 4339 1953 4390 festina
1994 4339 2130 4390 LSP
2266 4339 2335 4390 20
2378 4341 2692 4391 paromoeon
2728 4341 2779 4390 P
2820 4340 3213 4390 Paronomoeon

545 4395 562 4418 ⁸
609 4413 652 4463 S
685 4411 1034 4460 Paronomeon
1073 4410 1122 4459 L
1263 4408 1328 4458 21
1379 4425 1408 4458 ο
1445 4417 1552 4457 tute
1597 4409 1686 4456 tite
1722 4407 1777 4472 (ο
1814 4412 1903 4459 tite
1938 4419 2045 4458 tute
2078 4418 2181 4459 tate
2214 4411 2277 4474 p)
2314 4411 2407 4459 tibi
2443 4409 2494 4457 P
2528 4426 2558 4460 o
2594 4410 2684 4458 tite
2718 4419 2773 4459 tu
2814 4447 2831 4463 .
2860 4445 2873 4457 .
2904 4447 2919 4460 .
2956 4411 3055 4459 tibi
3094 4411 3142 4459 L
3182 4425 3213 4456 o

609 4482 698 4530 tite
732 4489 788 4528 tu
825 4481 912 4529 tati
947 4479 1040 4528 tibi
1076 4481 1125 4529 l.-
1162 4479 1294 4542 Egm.
1334 4481 1510 4530 annal.
1551 4477 1570 4525 1
1610 4476 1707 4529 113
1747 4480 1829 4533 ed.
1874 4477 2023 4531 Valet.
2168 4486 2406 4542 tyrranne
2430 4481 2475 4530 S
2548 4492 2559 4503 ·
2610 4480 2678 4529 22
2716 4479 3124 4543 Homoeoptotou
3148 4505 3211 4512 —

610 4550 1028 4599 commiserantes
1061 4556 1182 4611 post
1212 4547 1662 4598 Homoeoteleuton
1699 4576 1771 4586 —
1804 4549 1961 4598 malui
1990 4548 2141 4598 habet
2173 4548 2225 4596 P
2359 4549 2427 4599 23
2477 4546 2749 4614 merentes]
2792 4547 2928 4601 Eun.
2968 4551 3146 4599 annal.
3192 4547 3209 4594 Ι

613 4618 712 4671 107
748 4617 830 4672 ed,
880 4617 1029 4671 Vald.
1059 4633 1071 4666 ι
1111 4619 1297 4667 Plauto
1331 4617 1504 4668 tribuit
1536 4617 1749 4680 Sergius
1777 4619 1890 4667 cod.
1927 4618 2146 4670 Levant.
2182 4619 2227 4680 f.
2266 4618 2336 4668 74
2510 4619 2578 4669 24
2612 4626 2691 4667 est
2729 4631 2845 4668 cum
2884 4618 3127 4668 similiter
3168 4615 3214 4663 P

613 4697 690 4737 est
727 4689 897 4736 oracio
933 4701 1046 4736 eum
1081 4687 1238 4736 simili
1277 4687 1426 4736 modo
1463 4688 1505 4737 S
1646 4687 1712 4737 25
1752 4701 1841 4736 eos
1879 4689 2017 4736 reuei
2053 4689 2096 4737 S
2131 4703 2219 4737 eos
2254 4687 2427 4736 reduci
2462 4703 2521 4738 a:
2569 4687 2703 4740 Eun.
2741 4687 2980 4753 Iphigen.
3016 4689 3209 4752 froya.

609 4757 645 4808 9
681 4758 762 4808 ed.
799 4757 972 4819 Valet„
1007 4758 1078 4819 cf.
1121 4756 1319 4808 Charis.
1356 4771 1410 4818 p.
1449 4756 1551 4806 ‘251
1655 4757 1941 4819 relinquere
1978 4756 2224 4820 (relinqui
2260 4756 2313 4817 ε)
2352 4757 2501 4805 deuei
2534 4758 2578 4808 S
2714 4757 2783 4808 28
2820 4754 2995 4823 litora]
3048 4759 3209 4820 Ver-9.

611 4825 743 4878 Aen.
779 4825 999 4876 1111628
1137 4826 1206 4876 29
1243 4827 1529 4890 inpugnent
1567 4826 1615 4874 L
1755 4840 1849 4874 nee
1871 4833 2169 4891 potesteque
2206 4827 2250 4876 S
2278 4835 2589 4891 nepotesque
2622 4841 2651 4876 ε
