3434 5442
569 363 694 426 384
1499 331 1506 337 ’
1720 359 1998 424 ιιοΝΑτι

671 479 718 518 p.
747 467 810 508 19.
841 468 894 508 20
921 467 968 509 L.
2708 484 2754 524 p.
2783 470 2897 514 1757.
2929 473 2978 515 ss
3002 473 3046 514 Ρ.

738 547 983 607 Numeri
1040 545 1236 606 verbis
1294 544 1570 606 accidunt
1626 545 1775 617 duo,
1842 547 2153 626 singularis
2219 556 2279 609 et
2340 548 2611 627 pluralis:
2680 550 3021 630 singularis,
3082 561 3165 612 ut

568 647 732 726 lego,
779 646 1052 726 pluraliS,
1099 656 1164 707 ut
1205 645 1483 724 legimus3
1530 648 1672 708 item
1720 648 2046 709 secundum
2089 649 2373 729 quosdam
2419 649 2636 721 dualiS,
2694 660 2761 712 ut
2804 649 3021 730 legere.

738 749 990 826 Figurae
1047 748 1366 810 verborum
1421 749 1572 809 duae
1626 758 1804 819 sunt,
1851 750 2100 831 simplex
2144 762 2204 811 et
2248 753 2571 830 conposita.
2661 762 2765 813 aut
2811 754 2965 814 enim
3009 755 3161 815 sim-

567 850 742 929 plicia
797 858 936 913 sunt
988 850 1192 920 verba,
1256 859 1323 911 ut
1376 849 1605 919 scribo,
1673 858 1775 912 aut
1828 853 2159 931 conposita,
2227 860 2293 913 ut
2354 852 2647 915 describo.
2738 863 3164 934 conponuntur

517 968 542 1006 5
570 960 766 1012 autem
819 950 997 1012 verba
1053 959 1329 1032 quattuor
1382 949 1599 1020 modiS,
1657 953 1811 1012 sicut
1865 959 2099 1013 ceterae
2152 963 2352 1033 partes
2408 956 2727 1015 orationis:
2802 974 2875 1015 ex
2920 955 3159 1016 duobus

567 1054 889 1133 corruptis,
937 1060 1002 1112 ut
1045 1053 1270 1122 officim
1317 1071 1389 1112 ex
1435 1051 1664 1114 duobus
1707 1054 1987 1132 integriS,
2036 1061 2099 1114 ut
2142 1053 2406 1122 0bduco;
2454 1073 2526 1116 ex
2572 1064 2857 1135 corrupto
2902 1065 2963 1116 et
3002 1058 3157 1117 inte—

567 1171 703 1231 gro,
753 1163 816 1215 ut
859 1153 1059 1234 alligo‚·
1110 1173 1180 1216 ex
1225 1156 1460 1232 integro
1505 1161 1566 1214 et
1607 1162 1922 1235 corrupto,
1968 1161 2057 1214 ut·
2080 1145 2393 1232 defringo.⁴
2442 1165 2580 1216 sunt
2620 1155 2805 1217 verba
2850 1159 3155 1236 conposita

567 1273 718 1334 quae
761 1254 1049 1334 simplicia
1105 1259 1235 1320 lieri
1279 1263 1552 1336 possunt,
1609 1263 1674 1315 ut
1715 1273 1943 1335 repono
1988 1255 2287 1324 distraho;
2346 1265 2484 1317 sunt
2526 1274 2677 1337 quae
2724 1276 2846 1318 non
2890 1267 3153 1338 possunt,

565 1363 632 1416 ut
675 1358 930 1436 suspicio
977 1357 1244 1437 conple0.

494 1468 546 1508 1⁰
741 1459 1034 1538 Tempora
1067 1457 1260 1519 verbis
1290 1456 1565 1518 accidunt
1592 1459 1737 1527 tria,
1783 1475 2067 1536 praesens
2109 1461 2491 1538 praeteritum
2538 1469 2597 1520 et
2640 1459 2940 1521 futurum:
2988 1479 3153 1540 prae·

570 1577 736 1631 senS,
794 1567 860 1620 ut
913 1559 1078 1638 lego,
1137 1563 1520 1640 praeteritum
1544 1606 1561 1630 ‚
1617 1565 1684 1620 ut
1728 1557 1877 1637 legi,
1938 1559 2234 1631 futurum,
2288 1567 2357 1620 ut
2398 1558 2609 1638 legam.
2698 1562 2803 1622 sed
2851 1564 3157 1639 praeteriti

569 1663 858 1741 temporis
915 1661 1280 1723 differentiae
1335 1668 1474 1722 sunt
1527 1667 1678 1730 treS,
1726 1658 2055 1740 inperfecta
2099 1659 2363 1740 perfecta
2404 1660 3017 1741 plusquamperfecta:
3072 1665 3159 1720 in-

571 1763 862 1842 perfecta,
923 1770 991 1824 ut
1045 1761 1343 1841 legebam,
1402 1760 1696 1840 perfecta,
1774 1769 1838 1821 ut
1892 1758 2035 1838 legi,
2092 1759 2693 1841 plusquamperfecta,
2752 1771 2820 1824 ut
2874 1763 3159 1842 legeram.

571 1882 716 1943 ergo
759 1867 824 1925 in
877 1865 1070 1927 modis
1115 1863 1431 1925 verborum
1477 1863 1738 1942 quinque
1795 1868 2063 1942 tempora
2108 1861 2575 1933 numerabimuS,
2622 1881 2943 1942 praesens,
2990 1883 3167 1944 prae·

497 1985 544 2024 15
572 1966 809 2026 teritum
865 1965 1286 2045 inperfectum,
1345 1965 1733 2044 praeteritum
1788 1962 2146 2044 perfectum,
2207 1965 2594 2042 praeteritum
2648 1964 3168 2046 plusquamperfe-

569 2074 758 2138 ctum,
805 2068 1087 2128 futurum.

738 2168 1034 2230 Personae
1078 2166 1276 2228 verbis
1317 2165 1593 2228 accidunt
1635 2173 1792 2235 treS,
1840 2166 2031 2244 prima
2076 2165 2333 2226 secunda
2380 2165 2571 2228 tertia.
2633 2168 2829 2244 prima
2874 2177 2968 2230 est
3009 2187 3169 2248 quae

569 2270 738 2340 dicit,
795 2268 960 2348 lego,
1017 2268 1277 2332 secunda
1331 2269 1428 2329 cui
1483 2267 1729 2337 dicitur,
1785 2265 1963 2345 legis,
2024 2268 2193 2326 tertia
2239 2266 2314 2326 de
2367 2285 2482 2348 qua
2538 2267 2779 2338 dicitur,
2846 2269 3011 2348 legit,
3110 2279 3171 2329 et

569 2373 761 2452 prima
815 2390 1072 2451 persona
1128 2388 1247 2432 non
1300 2376 1435 2448 eget
1488 2387 1652 2438 casu,
1713 2367 1816 2428 sed
1874 2367 2125 2429 admittit
2174 2367 2524 2448 plerumque
2580 2371 3038 2441 nominativum,
3104 2380 3172 2432 ut

495 2491 546 2530 ω
575 2471 855 2533 verberor
897 2475 1214 2544 innocens,
1259 2471 1413 2532 liber
1455 2471 1676 2532 servio:
1740 2467 1998 2530 secunda
2042 2486 2297 2549 persona
2338 2471 2519 2531 trahit
2562 2488 2763 2531 casum
2808 2473 3166 2542 vocativum,

573 2583 638 2635 ut
683 2573 1013 2634 verberaris
1057 2575 1369 2642 innocenS,
1417 2569 1571 2632 liber
1615 2572 1828 2632 servis:
1904 2572 2076 2632 tertia
2114 2571 2297 2632 trahit
2338 2572 2793 2642 nominativum,
2840 2580 2907 2633 ut
2948 2572 3163 2634 verbe-

572 2683 736 2737 ratur
793 2676 1110 2746 innocens,
1167 2673 1320 2734 liber
1373 2675 1572 2734 servit.
1660 2673 1839 2733 etiam
1900 2671 2079 2732 verba
2135 2670 2561 2752 inpersonalia,
2608 2691 2760 2752 quae
2802 2674 2867 2733 in
2910 2681 3009 2734 tur
3056 2693 3167 2735 ex-

571 2786 740 2849 eunt,
800 2778 962 2838 casui
1018 2777 1282 2837 serviunt
1336 2773 1614 2846 ablativo,
1671 2782 1740 2835 ut
1793 2774 2021 2852 geritur
2076 2793 2109 2834 a
2164 2792 2259 2834 me
2306 2793 2339 2834 a
2382 2780 2441 2834 te
2484 2773 2557 2834 ab
2602 2773 2735 2835 illo:
2809 2792 2962 2854 quae
3003 2776 3071 2835 in
3122 2777 3171 2835 it

572 2885 819 2947 exeunt,
866 2879 1030 2938 casui
1074 2878 1339 2938 serviunt
1383 2876 1603 2946 dativo,
1651 2881 1716 2936 ut
1761 2875 2049 2952 contingit
2092 2875 2237 2934 mihi
2284 2873 2388 2935 tibi
2430 2873 2542 2934 illi:
2601 2894 2751 2955 quae
2794 2895 2936 2936 vero
2981 2879 3045 2937 in
3098 2887 3163 2937 et

491 2997 544 3038 25
571 2985 817 3049 exeunt,
865 2996 934 3039 ea
976 2977 1156 3040 modo
1201 2978 1394 3039 dativo
1439 2975 1616 3036 modo
1661 2977 1991 3036 accusativo
2021 2971 2049 3059 ΙΙ
2078 2977 2241 3036 casui
2284 2977 2575 3045 serviunt;
2633 2975 2855 3048 dativo,
2902 2985 2969 3038 ut
3009 2977 3169 3038 libet

569 3081 714 3143 mihi
771 3079 878 3140 tibi
931 3079 1045 3152 illi,
1105 3079 1466 3147 accusativo,
1527 3086 1590 3138 ut
1645 3077 1818 3137 decet
1872 3095 1969 3137 me
2025 3086 2083 3137 te
2134 3075 2320 3137 illum.
2410 3085 2548 3138 sunt
2589 3076 2769 3139 verba
2824 3087 3165 3157 praeterea,

570 3201 821 3264 quorum
870 3180 982 3242 alia
1027 3181 1284 3260 genetivi
1328 3197 1498 3239 casus
1543 3176 1857 3239 formulam
1902 3187 2167 3249 servant,
2214 3185 2279 3240 ut
2306 3178 2595 3239 misereor
2624 3181 2995 3248 reminiscor,
3040 3178 3166 3240 alia

569 3283 774 3362 dativi,
823 3293 888 3345 ut
929 3282 1216 3344 maledico
1260 3279 1510 3350 suadeo,
1555 3276 1668 3340 alia
1712 3280 2044 3350 accusativi,
2088 3287 2156 3340 ut
2198 3297 2411 3340 accuso
2454 3281 2685 3351 invoco,
2730 3279 2841 3341 alia
2886 3279 3157 3349 ablativi,

579 3393 643 3447 ut
687 3384 942 3446 abscedo
987 3393 1250 3454 avertor,
1297 3381 1407 3443 alia
1453 3381 1689 3461 septimi
1735 3397 1932 3450 casus,
1980 3387 2045 3440 ut
2081 3379 2247 3441 fruor
2288 3382 2505 3460 potior.

498 3497 550 3538 ³⁰
749 3485 756 3568 Ι
792 3485 1003 3546 Omnia
1063 3483 1242 3545 verba
1299 3481 1460 3544 modi
1515 3481 1814 3542 indicativi
1859 3482 2144 3559 temporis
2184 3483 2513 3560 praesentis
2556 3485 2795 3543 numeri
2837 3481 3165 3560 singularis

569 3590 798 3666 primae
842 3603 1132 3666 personae
1177 3593 1278 3646 aut
1321 3603 1354 3645 e
1399 3590 1500 3644 aut
1542 3585 1564 3642 i
1607 3590 1708 3644 aut
1749 3600 1789 3642 u
1834 3589 1969 3642 ante
2014 3601 2049 3642 o
2094 3580 2332 3642 habent.
2394 3584 2445 3643 si
2488 3590 2683 3645 autem
2716 3581 2974 3644 vocalem
3018 3593 3165 3645 ante

569 3707 604 3748 o
648 3688 910 3749 litteram
955 3705 1076 3747 non
1101 3685 1450 3768 habebunt,
1511 3685 1771 3764 exceptis
1816 3683 1844 3744 s
1882 3691 1941 3744 et
1982 3681 2022 3742 k
2067 3689 2127 3743 et
2170 3701 2207 3760 q
2252 3690 2481 3744 ceteras
2526 3703 2732 3746 omnes
2775 3685 3013 3746 Latinas
3054 3704 3159 3746 re-

569 3790 793 3869 cipient
845 3794 1270 3858 consonantes,
1327 3794 1394 3847 ut
1447 3784 1626 3847 sedeo
1681 3783 1839 3845 lanio
1896 3787 2070 3845 inruo
2124 3781 2247 3845 libo
2290 3803 2435 3846 voco
2480 3785 2628 3847 vado
2672 3784 2805 3865 lego
2850 3785 3021 3847 traho
3062 3789 3163 3847 in·

710 3943 735 3992 l
778 3957 843 3991 nn
877 3955 1080 3996 noniano
1117 3939 1326 3990 Numeri
1370 3936 1446 3988 S.-
1479 3937 1688 3987 Numeri
1721 3963 1787 3972 —
1816 3937 1852 3988 9
1880 3936 2089 4002 conpleo
2122 3937 2356 3990 Consent.
2390 3953 2449 4001 p.
2490 3937 2629 3989 2066
2650 3954 2731 4004 sq.
2873 3937 3161 4004 singularis

565 4019 615 4061 et
641 4011 850 4076 pluralis
884 4027 976 4060 om.
1018 4013 1066 4060 L
1203 4007 1236 4059 3
1269 4023 1334 4058 na
1373 4023 1556 4058 rmum
1587 4008 1803 4072 Figurae
1830 4007 1875 4056 S
2010 4006 2231 4070 simplex
2266 4014 2316 4055 et
2341 4009 2607 4073 conposita
2628 4023 2721 4060 om.
2763 4006 2866 4055 LP
3001 4013 3038 4058 4
3074 4008 3160 4057 di-

565 4082 728 4131 scribo
765 4083 808 4132 S
836 4081 1070 4130 describo
1101 4095 1129 4129 s
1266 4079 1298 4128 5
1336 4075 1527 4142 autem]
1566 4077 1718 4125 etiam
1752 4075 1853 4124 LP
1990 4073 2138 4142 sicut]
2178 4083 2233 4124 ut
2265 4074 2368 4123 LP
2470 4091 2538 4126 ex
2568 4077 2767 4127 duobus
2800 4079 3054 4142 corruptis
3086 4107 3161 4116 -

564 4150 802 4216 dest-ingo
832 4165 926 4202 om.
959 4150 1006 4198 L
1145 4147 1179 4198 6
1211 4147 1378 4197 efficio
1408 4147 1461 4195 P
1571 4144 1749 4194 abdico
1779 4146 1830 4193 P
1967 4145 2001 4195 8
2024 4145 2217 4196 distrao
2244 4145 2294 4193 L
2430 4145 2465 4198 9
2499 4147 2727 4211 suscipio
2754 4147 2847 4197 LS
2989 4145 3055 4196 10
3090 4161 3161 4195 οε

563 4234 878 4271 rauroamus
907 4221 1160 4285 Tempora
1183 4219 1225 4268 S
1357 4229 1605 4282 praesens
1637 4215 1959 4278 praeteritum
1993 4221 2041 4263 et
2070 4213 2298 4264 futurum
2335 4229 2427 4268 om.
2458 4214 2509 4262 P
2625 4217 2687 4268 11
2726 4215 2819 4265 sed
2852 4231 2947 4267 mn,
2978 4214 3023 4264 S

566 4289 630 4338 12
656 4290 939 4356 inperfecta
979 4287 1206 4355 perfecta
1239 4283 1745 4351 plusquamperfecto
1779 4299 1870 4337 om.
1912 4283 1960 4330 L
2097 4283 2164 4333 14
2195 4284 2574 4333 numerabimus
2602 4299 2741 4338 corr.
2771 4286 3159 4335 numerauimus

562 4359 613 4407 P
641 4360 1018 4412 numerauimus
1054 4358 1097 4408 S
1127 4355 1534 4406 enumerabimus
1565 4354 1614 4402 L
1659 4367 1987 4403 numeramus
2025 4351 2289 4404 cledonizoe
2320 4369 2378 4418 p.
2420 4351 2555 4404 1917
2732 4355 2798 4406 17
2832 4369 2898 4404 ιιι
2930 4369 3159 4405 rnnsozu

562 4430 810 4479 Personae
834 4430 1105 4478 uerborum
1141 4427 1184 4476 S
1193 4443 1212 4475 .·
1245 4427 1498 4475 Personae
1521 4449 1592 4458 -—-
1623 4422 1692 4473 26
1717 4423 1861 4472 decet
1888 4437 1967 4471 me
1990 4429 2041 4471 te
2064 4423 2207 4472 illum
2240 4423 2472 4475 Comani.
2504 4437 2558 4486 p.
2594 4422 2731 4474 2067
2756 4438 2835 4489 sq.
2986 4423 3052 4474 18
3074 4439 3159 4474 se-

563 4499 727 4546 cunda
759 4513 858 4560 que
887 4497 1010 4548 dicit
1043 4495 1086 4546 S
1121 4495 1346 4546 secunda
1381 4495 1464 4542 cui
1494 4493 1680 4542 dicitur
1703 4509 1731 4542 a
1869 4491 2019 4541 tertia
2046 4507 2144 4555 que
2172 4491 2293 4541 dicit
2314 4490 2357 4540 S
2382 4493 2527 4542 tertia
2556 4493 2621 4542 de
2650 4507 2751 4556 qua
2780 4493 2968 4542 dicitur
2990 4509 3020 4542 ε

565 4567 630 4618 19
663 4568 754 4616 sed
783 4581 1004 4632 persona
1031 4567 1196 4632 prima
1239 4565 1338 4614 LP
1469 4563 1532 4612 21
1569 4563 1734 4612 seruis
1758 4562 1885 4611 liber
1913 4560 1957 4609 S
2092 4563 2160 4612 22
2188 4562 2349 4611 seruit
2376 4561 2504 4611 liber
2530 4563 2574 4612 S
2710 4563 2861 4612 etiam
2892 4562 2942 4611 L
2976 4562 3163 4613 OEedo·

559 4638 670 4685 nius
699 4651 752 4698 p.
788 4637 918 4688 1917
957 4645 1074 4687 sunt
1101 4636 1251 4685 etiam
1281 4633 1374 4683 SP
1397 4634 1516 4695 quin
1551 4633 1703 4681 etiam
1738 4643 1773 4686 ς
1880 4629 1949 4681 23
1979 4639 2028 4679 et
2054 4631 2197 4680 casui
2234 4631 2337 4680 Pe:
2364 4638 2415 4680 et
2440 4645 2532 4680 om.
2562 4629 2605 4680 S
2706 4647 2838 4694 quae
2870 4645 3001 4680 uero
3034 4633 3089 4680 in
3123 4633 3161 4681 it

561 4705 604 4754 S
703 4707 772 4756 26
797 4713 914 4754 sunt
943 4731 1012 4741 -
1036 4706 1106 4756 29
1139 4705 1307 4770 potior
1343 4703 1576 4753 Gon-sent.
1612 4716 1668 4764 p.
1707 4700 1847 4752 2074
1944 4699 2014 4751 30
2046 4701 2242 4749 numeri
2272 4701 2555 4766 singularis
2590 4715 2683 4754 om.
2719 4701 2763 4750 S
2865 4699 2935 4750 32
2975 4702 3163 4750 latinas

562 4773 809 4836 recipiunt
841 4781 1179 4824 consonantes
1218 4773 1316 4821 LP
1357 4771 1540 4821 latinas
1586 4775 1926 4820 consonantes
1964 4769 2217 4834 recipiunt
2252 4769 2297 4818 S
2307 4787 2327 4821 .·
2370 4770 2553 4820 latinas
2600 4769 2849 4836 recipient
2890 4769 3167 4822 cledoniu

553 4859 612 4907 p.
654 4841 786 4892 1918
919 4841 986 4893 33
1017 4841 1155 4910 lego]
1193 4858 1290 4908 ago
1315 4839 1358 4890 S
