3434 5442
886 368 1300 432 EXPLANAT.
1345 367 1420 430 ΙΝ
1465 367 1824 430 DONATVM
1866 369 2009 431 LlB.
2057 368 2107 429 Π
2652 375 2775 438 545

2164 473 2198 518 r.
2224 475 2315 517 63⁴.
2344 475 2393 518 65
2418 475 2518 516 eoa.
2551 473 2660 517 [ιν.

369 558 456 620 De
521 558 850 620 accusativo
916 555 1149 638 plurali.
1221 556 1328 616 has
1369 556 1583 637 puppis
1638 555 1745 617 has
1799 555 2001 618 classis
2056 556 2167 620 hos
2221 554 2387 636 agilis
2447 556 2775 618 accusativo

195 657 418 739 plurali
472 659 856 740 pronuntiare
912 657 1194 721 debemus
1253 656 1381 739 [ubi
1437 656 1720 720 ablativus
1776 661 1897 719 exit
1949 659 2007 720 in
2051 661 2101 730 i,
2161 665 2226 719 ut
2267 657 2341 718 ab
2385 658 2497 720 hac
2540 657 2775 740 puppi],

196 762 482 841 quoniam
535 762 772 822 nomina
815 779 966 841 quae
1009 761 1030 821 i
1073 759 1268 823 littera
1308 763 1708 822 terminantur
1752 759 2003 822 ablativo
2046 758 2331 840 singulari
2373 763 2632 840 acceptis
2676 777 2775 820 um

196 861 414 925 litteris
459 862 684 924 faciunt
725 865 1044 940 genitivum
1089 861 1406 945 pluralem,
1469 862 1675 924 eadem
1720 864 2051 925 accusativo
2093 860 2307 942 plurali
2350 864 2411 924 in
2456 865 2507 922 is
2551 861 2778 923 litteras

197 974 449 1036 exeunt,
525 971 588 1026 ut
643 965 716 1026 ab
771 964 882 1029 hac
936 967 1119 1046 puppi
1175 966 1382 1027 harum
1439 967 1725 1045 puppium
1781 965 1889 1027 has
1941 965 2155 1044 puppis
2211 971 2271 1025 et
2323 963 2396 1024 ab
2451 964 2563 1025 hac
2628 967 2778 1026 turri
2803 979 2827 1020 5

197 1067 415 1128 harum
461 1069 714 1128 turrium
759 1068 867 1128 bas
910 1069 1108 1128 turris,
1197 1067 1547 1148 plerumque
1589 1074 1818 1129 veteres
1863 1067 2075 1128 horum
2120 1067 2423 1128 nominum
2472 1073 2532 1126 et
2573 1065 2778 1129 ablati-

197 1187 338 1230 vum
396 1169 758 1248 singularem
818 1188 851 1230 e
905 1168 1099 1232 littera
1153 1170 1647 1241 terminaverunt,
1713 1177 1781 1230 ut
1832 1167 1981 1229 urbe
2035 1185 2205 1238 sene,
2274 1174 2333 1228 et
2385 1170 2776 1229 accusativum

196 1269 492 1352 pluralem
553 1289 661 1353 per
715 1289 778 1332 es
829 1270 1054 1334 litteras
1117 1274 1603 1344 enuntiaverunt,
1681 1278 1748 1332 ut
1802 1269 2093 1350 Vergilius
2161 1275 2490 1332 ‘centum
2557 1268 2779 1331 urbes

197 1372 553 1437 habitant
593 1379 943 1452 magnas’.

371 1476 531 1538 Haec
573 1474 775 1556 regula
818 1475 1018 1546 docet,
1073 1476 1136 1536 in
1182 1494 1356 1556 quam
1399 1473 1680 1556 syllabam
1740 1475 1899 1536 exire
1942 1473 2197 1536 debeant
2238 1471 2465 1535 dativus
2508 1480 2567 1534 et
2610 1471 2771 1534 abla-
2800 1490 2849 1533 ιο

198 1579 356 1640 tivus
402 1581 632 1640 numeri
676 1576 949 1657 pluralis,
1007 1596 1084 1638 ne
1136 1596 1246 1658 per
1301 1579 1590 1657 ignaviam
1647 1576 1911 1638 dicamus
1968 1577 2225 1638 hominis
2280 1593 2389 1656 pro
2444 1573 2782 1637 hominibus

199 1691 306 1742 aut
348 1699 460 1762 pro
501 1679 618 1741 illis
659 1677 889 1752 illihus,
936 1681 1198 1759 quamvis
1239 1679 1397 1761 apud
1441 1687 1669 1741 veteres
1711 1679 1820 1740 suit
1864 1678 1963 1740 hic
2007 1695 2175 1749 usus,
2220 1685 2287 1741 ut
2327 1675 2577 1740 ablativo
2621 1679 2780 1738 dice-

193 1789 342 1843 rent
391 1779 621 1852 illibus;
676 1799 854 1862 quam
910 1779 1364 1843 declinationem
1417 1780 1658 1843 Plautus
1710 1779 1927 1842 crebro
1983 1781 2168 1842 utitur
2222 1786 2457 1842 secutus
2521 1787 2779 1840 veterem

198 1883 710 1946 consuetudinem.
771 1881 1056 1945 ablativus
1101 1901 1134 1944 a
1177 1882 1266 1944 vel
1310 1903 1346 1945 o
1389 1887 1741 1945 terminatus
1796 1886 1860 1944 in
1902 1883 1955 1944 is
1998 1882 2178 1944 mittit
2220 1881 2475 1944 dativum
2521 1890 2581 1943 et
2622 1880 2781 1944 abla-

197 1989 415 2057 tivum,
475 1994 542 2048 ut
585 1985 660 2047 ab
707 1986 820 2047 hoc
863 2003 1105 2048 scamno
1162 1984 1255 2046 liis
1299 1994 1358 2047 et
1399 1983 1475 2046 ab
1519 1985 1610 2046 his
1653 1986 1929 2047 scamnis.
2018 1983 2301 2046 ablativus
2345 2002 2377 2044 e
2422 1985 2442 2044 i
2486 2002 2525 2045 u
2561 1983 2781 2056 litteris
2808 1999 2857 2042 ιε

199 2091 560 2150 terminatus
603 2089 666 2148 in
711 2086 823 2149 bus
867 2088 1044 2149 mittit
1088 2085 1346 2148 dativum
1391 2097 1452 2149 et
1495 2086 1811 2150 ablativum
1856 2086 2166 2168 pluralem.
2239 2094 2444 2147 contra
2488 2087 2642 2147 banc
2686 2104 2779 2148 re-

198 2190 406 2270 gulam
457 2191 699 2250 veniunt
741 2189 848 2250 dea
893 2188 1009 2251 fllia
1055 2188 1212 2251 mula
1257 2207 1407 2270 equa
1452 2208 1626 2252 cerva
1671 2186 1942 2271 [domus]
1976 2196 2037 2249 et
2065 2195 2257 2249 cetera
2288 2184 2500 2248 similia
2543 2191 2781 2265 generis

198 2310 382 2356 eausa
427 2294 540 2365 sic,
589 2290 812 2354 deabus
854 2289 1128 2353 mulabus
1167 2291 1400 2354 filiabus
1445 2291 1534 2374 [et
1581 2291 1652 2354 ab
1697 2291 1809 2352 hac
1853 2290 2030 2354 domo
2075 2288 2371 2370 domibus]
2416 2297 2477 2352 et
2520 2296 2737 2352 cetera.

603 2393 638 2431 ὑ
1041 2395 1073 2430 t
1478 2395 1513 2433 ἡ
1914 2393 1945 2430 C
2350 2390 2385 2428 ὑ

974 2577 1003 2666 ΙΙ
1051 2579 1525 2644 EXPLANATIO
1567 2576 2049 2644 PRONOMINIS.

375 2718 462 2780 De
504 2719 858 2798 pronomine
900 2717 962 2777 in
1005 2719 1213 2798 primis
1257 2715 1481 2779 artibus
1525 2717 1929 2780 disseruimus,
1988 2715 2104 2777 hoc
2145 2733 2285 2776 vero
2329 2713 2481 2777 libro
2524 2716 2597 2778 de
2640 2733 2779 2796 pro·
2807 2733 2859 2773 ao

203 2821 512 2882 nominum
566 2818 842 2901 qu'alitate
899 2817 1316 2899 disputandum
1375 2827 1481 2882 est.
1569 2837 1898 2900 pronomen
1946 2828 2035 2880 est
2079 2835 2216 2896 pars
2270 2819 2586 2889 orationis,
2632 2837 2783 2899 quae

199 2923 398 3004 posita
458 2941 569 3003 pro
627 2919 889 3002 quolibet
944 2922 1184 2983 nomine
1237 2922 1432 2982 minus
1486 2921 1726 3001 quidem
1782 2919 1983 3001 plene,
2030 2926 2227 2980 tamen
2272 2919 2430 2981 idem
2474 2921 2777 3000 significat.

203 3022 363 3106 [cni]
422 3025 760 3103 pronomini
819 3023 1093 3085 accidunt
1148 3021 1396 3103 qualitas
1450 3040 1636 3102 genus
1688 3022 1877 3102 figura
1934 3039 2217 3084 numerus
2284 3039 2453 3083 casus
2508 3038 2781 3101 persona.

201 3124 456 3208 qualitas
499 3125 915 3204 pronominum
962 3132 1062 3187 aut
1101 3125 1263 3187 finita
1309 3133 1398 3187 est
1443 3133 1541 3186 aut
1582 3125 1825 3186 infinita.
1913 3124 2078 3186 linita
2104 3131 2211 3185 ·est
2254 3143 2403 3204 quae
2448 3132 2611 3186 notat
2654 3143 2783 3187 cer-

203 3236 333 3290 tum
377 3245 692 3290 numerum
736 3236 1074 3309 certamque
1116 3245 1460 3308 personam,
1507 3235 1574 3288 ut
1617 3244 1729 3306 ego
1769 3234 1835 3288 tu
1878 3224 2005 3296 ille;
2050 3225 2278 3289 infinita
2322 3245 2471 3306 quae
2518 3244 2635 3288 non
2680 3227 2780 3288 de·
2807 3252 2859 3292 25

201 3332 430 3409 signat,
489 3331 582 3391 cui
639 3328 1080 3391 adcommodata
1125 3331 1229 3402 sit,
1289 3337 1354 3392 ut
1395 3337 1648 3410 quantus
1712 3327 1918 3411 qualis.
2008 3327 2212 3390 volunt
2240 3347 2395 3405 ‚esse
2451 3345 2783 3398 commune,

204 3451 343 3493 cum
399 3422 677 3494 dicimus'
702 3433 803 3512 qui
857 3433 946 3492 vir
999 3439 1058 3493 et
1118 3431 1220 3512 qui
1274 3433 1409 3492 viri:
1467 3438 1527 3493 et
1583 3429 1941 3509 singularem
1986 3430 2165 3492 habet
2209 3437 2271 3492 et
2310 3429 2624 3511 pluralem,
2672 3431 2785 3492 hoc

205 3543 300 3596 est
345 3551 676 3595 commune.
733 3542 871 3595 sunt
907 3535 1258 3613 pronomina
1305 3536 1674 3594 extrinsecus
1714 3535 2071 3610 sinyularia,
2116 3536 2471 3595 intrinsecus
2512 3531 2781 3612 pluralia,

208 3645 274 3697 ut
319 3639 372 3697 si
421 3637 581 3698 dicas
625 3639 644 3668 ‘
663 3643 866 3697 noster
910 3641 1180 3706 servus’;
1237 3643 1379 3699 sunt
1433 3637 1802 3698 extrinsecus
1855 3633 2135 3717 pluralia,
2181 3636 2539 3696 intrinsecus
2582 3637 2784 3714 singu·

205 3738 383 3809 laria,
433 3744 497 3800 ut
540 3743 706 3800 ‘mea
751 3744 888 3799 sunt
930 3740 1116 3800 ista’.·
1176 3737 1324 3799 haec
1365 3745 1562 3800 autem
1607 3735 1698 3798 vel
1741 3737 2097 3799 intrinsecus
2138 3736 2457 3816 singularia
2502 3737 2652 3800 fiunt
2694 3736 2780 3798 vel
2808 3759 2860 3802 ao

355 3892 381 3942 l
422 3889 578 3944 clasis
610 3891 660 3940 L
801 3892 834 3941 4
871 3891 1049 3942 eodem
1086 3891 1136 3942 L
1273 3891 1314 3944 6
1343 3891 1562 3942 ablatiuo
1595 3891 1733 3957 sing.
1771 3889 1821 3940 L
1960 3891 1990 3940 7
2024 3890 2148 3941 urbe
2185 3906 2340 3959 scene
2374 3901 2424 3940 et
2460 3906 2564 3945 acc.
2601 3891 2706 3956 plu.
2738 3893 2782 3941 L

348 3960 383 4010 8
419 3957 703 4028 Vergilius]
741 3961 873 4014 Aen.
913 3962 982 4011 111
1019 3961 1144 4013 106:
1182 3962 1252 4027 cf.
1291 3961 1419 4014 Gen.
1460 3959 1578 4012 Xlll
1616 3963 1674 4012 21
1716 3959 1839 4026 (20)
2012 3959 2077 4013 10
2112 3962 2164 4011 in
2201 3975 2301 4024 qua
2332 3961 2529 4026 syllaba
2566 3963 2613 4011 L

215 4033 278 4083 12
313 4031 539 4081 dicerent
571 4046 663 4084 om.
703 4031 753 4080 L
897 4029 961 4083 13
998 4032 1166 4097 platus
1204 4032 1251 4081 L
1395 4031 1458 4083 18
1493 4041 1542 4082 et
1568 4039 1752 4084 cetera.
1790 4031 1929 4096 greci
1976 4031 2181 4097 regulas
2218 4059 2291 4070 -
2316 4031 2361 4095 f.
2397 4030 2499 4082 64*
2534 4033 2579 4080 si
2614 4038 2781 4080 autem

209 4102 399 4152 habent
428 4108 787 4152 consonantem
815 4101 1154 4166 corripiuntur
1181 4108 1237 4150 ut
1265 4115 1385 4165 spes
1423 4116 1503 4152 res
1533 4099 1662 4152 fides
1704 4101 1766 4155 L.
1806 4103 2180 4152 commentarius
2208 4103 2271 4152 de
2302 4101 2504 4152 casibus
2530 4104 2784 4165 norvanum,

207 4173 296 4238 qm·
330 4178 408 4222 est
438 4173 489 4222 t‘n
513 4173 698 4222 minore
726 4180 839 4223 arte
865 4188 922 4237 p.
952 4169 1227 4223 495—501
1253 4171 1334 4222 ed.
1356 4171 1534 4230 Lina„
1559 4169 1651 4221 hoc
1683 4172 1795 4223 loco
1830 4172 1881 4221 in
1904 4172 2075 4222 codice
2108 4173 2351 4234 repetitus
2383 4179 2473 4224 est.
2512 4179 2787 4238 sequuntur

206 4241 392 4292 deinde
421 4245 632 4308 regulae
647 4241 954 4308 syllabarum
973 4243 1215 4305 finalium,
1239 4256 1369 4306 quae
1390 4249 1508 4291 tunt
1529 4243 1580 4292 in
1597 4241 1799 4292 casibus
1826 4244 2083 4302 nonzimoeu,
2101 4240 2324 4292 subiecta
2344 4240 2485 4292 brevi
2500 4241 2785 4304 definitione

206 4310 490 4375 ammae
525 4320 574 4363 et
598 4313 882 4378 analogiae,
915 4313 1122 4363 nomina
1157 4326 1287 4376 quae
1315 4326 1345 4361 a
1380 4310 1549 4362 littera
1574 4313 1910 4362 terminantur
1945 4313 1995 4361 in
2034 4312 2348 4362 nominatiuo
2376 4325 2498 4360 casu
2534 4311 2783 4377 singulari

207 4381 490 4447 corripiunt
535 4382 760 4433 ultimam
799 4381 1042 4450 syllabam
1075 4409 1142 4418 —
1171 4381 1422 4433 ablatiuus
1470 4380 1682 4447 pluralis
1724 4390 1844 4431 tunc
1875 4381 2109 4446 producit
2146 4382 2227 4431 uel
2256 4395 2384 4433 corr.
2428 4395 2541 4430 cum
2578 4381 2783 4430 datiuus

207 4453 252 4501 is
287 4452 373 4501 uel
409 4451 503 4502 bus
539 4451 694 4504 fuerit
726 4451 1038 4503 terminatus.
1079 4452 1284 4503 eutonla
1317 4457 1394 4501 est
1420 4451 1600 4501 melius
1635 4452 1867 4502 sonantis
1904 4452 2144 4502 orationis
2166 4492 2177 4503 .
2214 4449 2455 4516 analogia
2495 4458 2573 4500 est
2604 4449 2785 4517 regula

208 4521 398 4572 artium
439 4522 508 4572 ad
548 4521 860 4586 loquendum
897 4547 965 4558 —-
1000 4523 1054 4570 in
1092 4536 1148 4572 or
1181 4523 1453 4573 terminata
1489 4522 1541 4570 in
1580 4519 1825 4573 feminino
1858 4535 2045 4588 genere
2084 4523 2288 4572 nomina
2326 4519 2469 4570 finita
2500 4528 2604 4571 trea
2640 4521 2785 4569 inue-

209 4592 324 4712 {iges
361 4591 476 4659 plus
513 4607 632 4643 non.
669 4591 822 4712 arb}
849 4605 1161 4711 {oroi-,luxlon
1197 4589 1636 4713 ιέἓτιῖιᾼήᾼτιρ
1674 4606 1985 4714 ριιοκιιέκιιηιε
2016 4589 2191 4711 ΙῙΞ265
2225 4660 2235 4674 ·
2328 4589 2392 4640 21
2419 4603 2696 4710 prlononzen
2718 4617 2784 4626 -

319 4674 590 4713 commune
624 4677 736 4712 exc.
823 4674 852 4712 o
887 4697 900 4712 .
933 4678 963 4712 v
1016 4696 1028 4708 .
1157 4702 1170 4714 .
1459 4661 1655 4713 Charus.
1734 4703 1746 4717 .
2171 4673 2339 4710 minus
2411 4675 2460 4708 ui
2498 4676 2578 4710 em
2636 4675 2785 4710 amen

211 4733 364 4797 piene
401 4733 454 4782 id
484 4730 736 4798 significat
769 4733 856 4796 qui
893 4729 1058 4794 (corr.
1097 4675 1177 4780 cliii
1208 4698 1330 4796 012⁹
1405 4699 1420 4726 ⁹
1461 4733 1532 4784 26
1563 4678 1743 4783 uolmzi't
1775 4747 1889 4783 esse
1922 4744 2211 4781 commones
2246 4731 2311 4783 L.
2348 4675 2541 4782 'taimen
2569 4731 2787 4792 definitio

211 4808 398 4856 omissa
431 4809 512 4853 cat
646 4801 714 4852 28
739 4801 1037 4868 pronomina
1071 4801 1389 4852 extrinsecus
1417 4799 1579 4865 (corr.
1618 4801 1945 4862 intrinsecus)
1973 4800 2193 4867 pluralia
2230 4809 2285 4850 ut
2320 4802 2363 4851 si
2405 4802 2448 4850 L
2566 4799 2637 4853 30
2662 4799 2789 4850 haec

214 4885 386 4925 autem
427 4871 736 4922 intrinsecus
772 4871 1088 4923 extrinsecus
1123 4871 1204 4922 uel
1242 4871 1524 4939 singularia
1557 4871 1680 4924 flunt
1715 4873 1799 4924 uel
1828 4871 2045 4938 pluralia
2083 4872 2132 4921 L

314 4961 616 5007 calumum
645 4963 767 5007 ιΑτ.
799 4962 890 5006 uu.
2306 4963 2385 5025 35
