3434 5442
669 357 692 415 1
709 352 790 415 82
1850 352 2077 415 PROBl

769 483 813 525 p.
841 470 936 513 ato.
959 470 1006 509 ιτ
1039 471 1092 510 n.
2840 482 2886 523 p.
2910 470 3003 510 m.
3022 470 3075 512 τε
3104 470 3166 513 ν.

667 560 784 621 qua
821 542 896 602 de
919 530 1113 602 'causa
1145 540 1352 603 Cicero
1395 542 1546 619 perii
1581 540 1997 619 pronuntiarit.
2056 541 2170 601 hac
2214 541 2289 603 de
2318 560 2514 612 causa,
2562 542 2839 621 quoniam
2884 541 3069 603 verba
3104 542 3271 603 modi

667 644 961 704 indicativi
1007 643 1206 721 specie
1249 643 1510 721 perfecta
1563 662 1634 703 ex
1682 644 1873 721 prima
1916 660 2171 721 persona
2226 644 2459 703 numeri
2500 642 2749 721 pluralis
2789 662 2923 704 mus
2980 642 3269 723 syllabam

667 746 944 805 omittunt
983 751 1043 805 et
1085 744 1336 805 eandem
1379 762 1694 823 personam
1740 747 1973 806 numeri
2017 744 2333 823 singularis
2376 743 2729 814 ostendunt,
2786 753 2853 806 ut
2895 752 3039 823 puta
3084 747 3269 823 perii·

667 865 801 908 mus
851 848 1023 925 perii.
1113 864 1276 907 nunc
1332 865 1483 927 quae
1545 848 1666 907 sint
1720 847 1926 917 verba,
1994 866 2147 927 quae
2200 866 2273 907 ex
2330 853 2582 925 utraque
2636 846 2866 908 ratione
2937 848 3270 909 consistere

617 974 643 1014 ε
669 956 938 1027 possunt,
985 948 1102 1009 boc
1143 950 1204 1009 in
1249 950 1411 1009 sonis
1458 954 1844 1026 conpetenter
1884 948 2285 1010 tractabimus,

837 1050 1171 1123 Quaeritur,
1219 1069 1333 1130 qua
1376 1049 1450 1111 de
1491 1069 1666 1113 causa
1705 1049 1915 1113 nolens
1956 1059 2016 1112 et
2050 1069 2165 1110 non
2208 1050 2441 1112 nollens
2482 1050 2731 1111 dicatur.
2793 1053 2906 1112 hac
2950 1051 3025 1111 de
3068 1069 3266 1119 causa,

669 1153 951 1229 quoniam
997 1154 1196 1213 omnia
1237 1151 1415 1214 verba
1461 1152 1772 1214 indicativo
1816 1154 1995 1214 modo
2050 1156 2335 1231 temporis
2389 1152 2719 1231 praesentis
2774 1172 2845 1214 ex
2890 1155 3085 1232 prima
3136 1172 3268 1233 per-

669 1272 814 1314 sona
861 1256 1096 1315 numeri
1135 1252 1453 1333 singularis
1493 1272 1528 1314 o
1569 1253 1841 1317 ultimum
1884 1257 1943 1315 in
1984 1272 2093 1315 ens
2122 1254 2349 1316 litteras
2390 1261 2741 1315 convertunt
2784 1262 2845 1315 et
2885 1256 3265 1334 participium

669 1356 1000 1435 praesentis
1045 1356 1328 1435 temporis
1371 1356 1709 1426 ostendunt,
1756 1362 1822 1417 ut
1863 1363 2004 1434 puta
2050 1356 2249 1417 scribo
2290 1354 2580 1418 scribens.
2646 1358 2733 1417 sic
2776 1359 2980 1435 utique
3024 1366 3091 1421 et
3134 1356 3269 1418 nolo

594 1480 646 1522 ιο
671 1456 898 1527 nolens,
943 1474 1064 1517 non
1107 1456 1337 1517 nollens
1382 1455 1579 1519 facere
1621 1460 2059 1537 pronuntiatur.

841 1558 1179 1629 Quaeritur,
1227 1576 1344 1637 qua
1389 1558 1462 1619 de
1505 1578 1682 1621 causa
1728 1558 1947 1621 calcavi
1994 1567 2053 1620 et
2094 1578 2213 1621 non
2258 1560 2443 1621 calcai
2484 1560 2733 1621 dicatur.
2806 1560 2916 1621 bac
2958 1560 3033 1625 de
3074 1579 3265 1631 causa,

673 1661 950 1740 quoniam
991 1662 1188 1721 omnia
1225 1660 1404 1722 verba
1459 1662 1685 1739 primae
1740 1660 2166 1740 coniugationis
2222 1664 2281 1723 in
2326 1664 2522 1740 specie
2578 1662 2841 1740 perfecta
2893 1682 2967 1723 ex
3006 1664 3265 1725 secunda

673 1779 928 1842 persona
973 1762 1206 1825 numeri
1251 1760 1564 1839 singularis
1596 1765 1668 1823 sti
1711 1762 1937 1823 litteras
1982 1766 2257 1825 omittunt
2300 1772 2360 1825 et
2392 1766 2644 1843 primam
2676 1782 2994 1843 personam
3036 1768 3271 1826 numeri

675 1863 988 1942 singularis
1033 1882 1173 1925 suae
1217 1866 1440 1942 speciei
1486 1864 1755 1925 efficiunt
1798 1872 1901 1925 aut
1942 1865 2263 1926 secundam
2306 1882 2625 1943 personam
2670 1866 2907 1927 numeri
2950 1866 3269 1944 singularis

603 1990 648 2032 ιε.
677 1964 836 2025 modi
879 1965 1206 2043 imperativi
1251 1964 1589 2035 ostendunt,
1630 1973 1694 2027 ut
1734 1974 1875 2044 puta
1921 1966 2215 2028 calcavisti
2244 1966 2482 2037 calcavi,
2530 1965 2767 2028 calcasti
2797 1966 2991 2037 calca;
3040 1975 3105 2028 et
3138 1968 3269 2030 ideo

673 2066 856 2129 calcai
898 2067 1303 2129 barbarismus
1351 2086 1484 2129 esse
1525 2069 1960 2145 pronuntiatur.

845 2171 1193 2243 Quaeritur,
1260 2189 1378 2249 qua
1434 2170 1508 2231 de
1563 2188 1739 2231 causa
1800 2172 2067 2232 nutriunt
2122 2179 2181 2232 et
2222 2188 2343 2232 non
2392 2173 2619 2233 nutrint
2680 2172 2929 2233 dicatur.
3022 2172 3141 2233 hac
3200 2174 3271 2235 de

673 2292 872 2343 causa,
919 2273 1196 2353 quoniam
1237 2274 1436 2334 omnia
1485 2272 1660 2333 verba
1705 2274 1913 2333 tertiae
1946 2274 2377 2349 coniugationis
2420 2273 2938 2334 modo-indicativo
2984 2276 3273 2354 temporis

673 2376 1004 2451 praesentis
1047 2394 1116 2437 ex
1161 2376 1350 2453 prima
1391 2393 1648 2454 persona
1693 2373 1929 2435 numeri
1971 2374 2286 2453 singularis
2334 2392 2369 2434 o
2400 2373 2667 2435 ultimum
2698 2372 2725 2457 ΙΙ
2756 2378 3033 2437 omittunt
3076 2383 3141 2438 et
3168 2385 3276 2436 unt

599 2475 900 2540 relitteres
947 2478 1246 2554 accipiunt
1289 2484 1346 2537 et
1389 2478 1621 2537 tertiam
1667 2493 1987 2554 personam
2024 2477 2261 2537 numeri
2294 2474 2539 2554 pluralis
2582 2476 2921 2539 ostendunt.

848 2574 1196 2646 Quaeritur,
1243 2596 1356 2658 qua
1403 2577 1476 2639 de
1520 2596 1697 2639 causa
1752 2596 1945 2655 coquo
2008 2584 2067 2638 et
2104 2595 2225 2638 non
2269 2596 2415 2638 coco
2460 2577 2706 2640 dicatur.
2796 2580 2909 2641 bac
2952 2579 3029 2641 de
3074 2598 3272 2651 causa,

675 2680 956 2757 quoniam
1001 2697 1416 2759 quaecumque
1459 2680 1696 2739 nomina
1743 2680 1979 2757 generis
2016 2678 2321 2741 masculini
2364 2681 2426 2739 in
2470 2679 2734 2759 quolibet
2762 2698 2924 2750 casu,
2972 2684 3033 2742 in
3064 2681 3273 2743 ultima

675 2779 897 2861 syllaba
943 2800 980 2861 q
1027 2779 1278 2843 litteram
1329 2780 1553 2842 babent
1603 2783 1979 2842 constitutam
2030 2790 2087 2842 et
2144 2800 2214 2842 ex
2262 2800 2369 2842 sua
2414 2784 2625 2861 specie·
2652 2782 2831 2845 verba
2890 2783 3091 2845 facere
3136 2801 3274 2862 pos·

675 2890 838 2952 sunt,
903 2884 1052 2944 baec
1107 2902 1176 2944 ex
1233 2885 1598 2945 nominativo
1660 2879 1820 2964 calsu
1878 2884 2113 2945 numeri
2174 2882 2421 2963 pluralis
2482 2883 2749 2946 ultimam
2814 2884 3066 2946 litteram
3134 2888 3193 2945 in
3238 2906 3274 2946 o

601 3009 652 3049 ιιι
678 2992 1030 3047 convertunt
1072 2992 1132 3047 et
1171 2986 1482 3048 indicativo
1527 2986 1704 3047 modo
1758 2986 2041 3063 temporis
2096 2986 2428 3064 praesentis
2484 2988 2737 3064 primam
2790 3004 3107 3066 personam
3166 3006 3273 3048 nu-

677 3090 829 3149 meri
875 3086 1192 3166 singularis
1241 3086 1576 3149 ostendunt.
1663 3104 1826 3147 nunc
1874 3104 2010 3147 cum
2050 3087 2207 3147 dicat
2236 3086 2549 3147 Terentius
2591 3090 2853 3168 ‘coqui
2896 3090 3272 3150 sartores’

677 3198 736 3249 et
781 3195 996 3259 cetera,
1044 3192 1248 3268 utique
1285 3190 1399 3249 iam
1445 3207 1658 3269 coquo,
1703 3206 1825 3249 non
1870 3207 2015 3249 coco
2054 3190 2250 3249 facere
2294 3191 2713 3267 pronuntiavit.

847 3292 1198 3363 Quaeritur,
1245 3309 1362 3370 qua
1405 3291 1480 3353 de
1525 3310 1700 3353 causa
1746 3290 2037 3369 Vergilius
2094 3290 2277 3369 fugite
2329 3298 2605 3369 correpte
2654 3294 3072 3371 pronuntiarit.
3164 3293 3274 3355 bac

677 3394 752 3454 de
796 3412 990 3462 causa,
1040 3396 1318 3472 quoniam
1365 3395 1562 3454 omnia
1607 3392 1785 3454 verba
1829 3394 2037 3454 tertiae
2082 3394 2517 3471 coniugationis
2562 3401 2875 3472 correptae
2938 3394 3119 3455 modo
3164 3398 3273 3456 im·

598 3518 650 3558 ao
677 3497 941 3573 perativo
1010 3497 1296 3575 temporis
1357 3496 1684 3573 praesentis
1756 3494 2075 3555 secundam
2143 3513 2459 3573 personam
2526 3500 2765 3557 numeri
2829 3495 3077 3577 pluralis
3143 3515 3273 3558 cor·

676 3597 916 3674 ripiuut.

849 3696 1184 3768 Quaeritur,
1231 3714 1344 3775 qua
1388 3696 1463 3757 de
1503 3714 1680 3758 causa
1724 3698 2015 3776 Vergilius
2051 3700 2273 3778 potitur
2310 3706 2589 3779 correpte
2636 3700 3055 3777 pronuntiarit.
3138 3703 3272 3779 quia

678 3816 1088 3877 quaecumque
1121 3796 1300 3859 verba
1341 3798 1518 3859 modo
1561 3798 1873 3860 indicativo
1918 3802 2201 3879 temporis
2243 3803 2576 3878 praesentis
2620 3802 2679 3860 in
2710 3800 2971 3863 secunda
3012 3820 3271 3881 persona

679 3902 912 3963 numeri
965 3899 1283 3978 singularis
1329 3901 1618 3978 producto
1675 3909 1923 3964 accentu
1968 3904 2457 3981 pronuntiantur,
2514 3902 2664 3963 haec
2716 3910 2774 3963 et
2816 3906 2875 3963 in
2919 3906 3093 3966 tertia
3137 3922 3271 3982 per·

601 4022 652 4063 as
681 4021 824 4064 sona
869 4002 1130 4063 eiusdem
1179 4004 1412 4064 numeri
1465 4004 1674 4065 eodem
1717 4013 1965 4065 accentu
2018 4007 2495 4083 pronuntiantur.
2584 4005 2690 4065 sed
2740 4006 2875 4083 quia
2930 4006 3083 4067 haec
3124 4008 3271 4067 ratio

679 4123 962 4167 sonorum
1009 4112 1114 4175 est,
1161 4106 1278 4166 hoc
1320 4107 1382 4165 in
1429 4106 1590 4167 sonis
1633 4114 2023 4185 conpetenter
2067 4104 2468 4167 tractabimus.

847 4208 1193 4280 Quaeritur,
1254 4226 1368 4286 qua
1413 4208 1488 4268 de
1533 4227 1708 4269 causa
1764 4207 1963 4269 ridere
2005 4207 2297 4286 producto
2342 4216 2587 4271 accentu
2632 4210 3073 4289 pronuntietur.
3166 4210 3271 4270 bac

817 4413 851 4465 3
888 4413 1138 4478 periimus
1175 4413 1308 4477 perii
1342 4413 1388 4464 R
1425 4413 1655 4479 perimus
1693 4413 1801 4477 peri
1838 4413 1889 4463 B
2008 4414 2041 4462 4
2079 4428 2211 4475 quac
2248 4429 2311 4463 ex
2350 4422 2563 4478 utraque
2601 4414 2795 4463 ratione
2826 4413 2929 4465 RB
2960 4428 3097 4477 quae
3133 4424 3273 4465 extra

679 4484 812 4533 hanc
848 4484 1098 4533 rationem
1139 4481 1334 4541 Maius,
1375 4484 1461 4547 qui
1495 4498 1596 4546 qua
1633 4492 1777 4531 extra
1814 4497 1913 4546 qua
1948 4484 2146 4533 ratione
2182 4486 2232 4532 in
2268 4484 2439 4534 codice
2473 4499 2587 4533 esee
2617 4484 2881 4534 adnotavit
3018 4484 3054 4532 5
3088 4493 3275 4533 tracta·

677 4553 847 4602 bimus
881 4568 914 4600 v·
947 4554 1280 4604 tractauimus
1316 4552 1416 4603 RB
1629 4553 1694 4603 10
1730 4554 2087 4617 pronuntiatur
2120 4566 2179 4601 ru
2216 4556 2605 4618 pronuntiantur
2631 4554 2678 4604 R
2890 4553 2955 4603 12
2992 4552 3046 4601 in
3077 4570 3173 4605 om.
3212 4556 3273 4612 Β.

679 4622 802 4671 add.
841 4622 890 4672 B
1053 4624 1117 4675 16
1155 4623 1498 4673 barbarismus
1539 4624 1582 4675 R
1615 4623 1986 4672 barbarismum
2034 4623 2081 4672 B
2250 4624 2321 4674 22
2356 4638 2482 4674 casu
2520 4625 2563 4672 si
2596 4625 2651 4672 in
2678 4640 2769 4673 rv:
2804 4623 2849 4673 si
2886 4638 2979 4675 om.
3022 4623 3069 4673 R
3210 4626 3274 4677 w

679 4690 971 4757 Terentius]
1011 4693 1236 4743 Eunuck.
1279 4694 1323 4742 11
1362 4695 1412 4753 2,
1453 4692 1522 4743 26
1663 4692 1881 4743 sartores
1920 4693 2001 4742 Br·
2036 4692 2261 4743 fautores
2300 4694 2347 4744 R
2482 4692 2553 4743 28
2588 4690 2873 4759 Vergilius]
2912 4692 3075 4745 bucol.
3116 4694 3169 4754 3,
3188 4694 3271 4745 93.

680 4763 814 4813 Aen.
851 4763 920 4812 111
950 4762 1073 4815 639.
1105 4765 1200 4813 Vll
1237 4762 1340 4813 202
1481 4762 1819 4829 pronuntiarit
1856 4778 1915 4811 ru
1951 4765 2303 4827 pronuntiauit
2340 4764 2385 4814 R
2488 4763 2557 4815 3⁶2
2593 4760 2879 4829 Vergilius]
2916 4762 3046 4814 Aen.
3086 4765 3157 4814 111
3191 4764 3272 4817 5⁶.

681 4832 773 4881 1111
807 4831 908 4882 217
1050 4832 1118 4884 36
1155 4832 1484 4883 tractabimus
1521 4850 1553 4883 r
1586 4834 1920 4883 tractauimus
1956 4832 2055 4883 RB
