<?xml version="1.0" encoding="UTF-8"?>
<!DOCTYPE html PUBLIC "-//W3C//DTD XHTML 1.0 Transitional//EN"
    "http://www.w3.org/TR/xhtml1/DTD/xhtml1-transitional.dtd">
<html xmlns="http://www.w3.org/1999/xhtml" xml:lang="en" lang="en">
 <head>
  <title>
</title>
<meta http-equiv="Content-Type" content="text/html;charset=utf-8" />
  <meta name='ocr-system' content='tesseract 3.04.00' />
  <meta name='ocr-capabilities' content='ocr_page ocr_carea ocr_par ocr_line ocrx_word'/>
</head>
<body>
  <div class='ocr_page' id='page_1' title='image "./grammaticilatin01unkngoog_0365.png"; bbox 0 0 3434 5442; ppageno 0'>
   <div class='ocr_carea' id='block_1_1' title="bbox 726 343 2378 428">
    <p class='ocr_par' dir='ltr' id='par_1_1' title="bbox 726 343 2378 428">
     <span class='ocr_line' id='line_1_1' title="bbox 726 343 2378 428; baseline 0 -21"><span class='ocrx_word' id='word_1_1' title='bbox 726 347 849 408; x_wconf 87' lang='lat'>304</span> <span class='ocrx_word' id='word_1_2' title='bbox 1664 343 1918 406; x_wconf 77' lang='lat' dir='ltr'><strong>NOTAE</strong></span> <span class='ocrx_word' id='word_1_3' title='bbox 1959 344 2378 428; x_wconf 70' lang='lat' dir='ltr'><strong>VATICANAE</strong></span> 
     </span>
    </p>
   </div>
   <div class='ocr_carea' id='block_1_2' title="bbox 719 533 3308 2903">
    <p class='ocr_par' dir='ltr' id='par_1_2' title="bbox 719 533 3308 2903">
     <span class='ocr_line' id='line_1_2' title="bbox 726 533 3292 610; baseline 0.002 -18"><span class='ocrx_word' id='word_1_4' title='bbox 726 545 781 592; x_wconf 88' lang='lat' dir='ltr'>et</span> <span class='ocrx_word' id='word_1_5' title='bbox 812 539 1241 598; x_wconf 86' lang='lat' dir='ltr'>commenticias,</span> <span class='ocrx_word' id='word_1_6' title='bbox 1293 543 1355 591; x_wconf 91' lang='lat' dir='ltr'>ut</span> <span class='ocrx_word' id='word_1_7' title='bbox 1384 552 1449 591; x_wconf 82' lang='lat' dir='ltr'>ex</span> <span class='ocrx_word' id='word_1_8' title='bbox 1479 533 1571 609; x_wconf 68' lang='grc' dir='ltr'>ἔρ.</span> <span class='ocrx_word' id='word_1_9' title='bbox 1616 535 1761 609; x_wconf 90' lang='lat' dir='ltr'>quod</span> <span class='ocrx_word' id='word_1_10' title='bbox 1795 544 1880 591; x_wconf 87' lang='lat' dir='ltr'>est</span> <span class='ocrx_word' id='word_1_11' title='bbox 1909 551 2075 608; x_wconf 68' lang='lat' dir='ltr'>erqo,</span> <span class='ocrx_word' id='word_1_12' title='bbox 2131 537 2262 593; x_wconf 80' lang='lat' dir='ltr'>fecit</span> <span class='ocrx_word' id='word_1_13' title='bbox 2289 552 2448 608; x_wconf 72' lang='lat' dir='ltr'>eyer,</span> <span class='ocrx_word' id='word_1_14' title='bbox 2492 554 2558 592; x_wconf 84' lang='lat' dir='ltr'>ex</span> <span class='ocrx_word' id='word_1_15' title='bbox 2597 537 2916 608; x_wconf 77' lang='lat' dir='ltr'>libripende</span> <span class='ocrx_word' id='word_1_16' title='bbox 2959 539 3292 610; x_wconf 71' lang='lat' dir='ltr'>libripensio-</span> 
     </span>
     <span class='ocr_line' id='line_1_3' title="bbox 724 610 3296 694; baseline 0.002 -17"><span class='ocrx_word' id='word_1_17' title='bbox 724 637 879 684; x_wconf 84' lang='lat' dir='ltr'>nem,</span> <span class='ocrx_word' id='word_1_18' title='bbox 932 638 1283 677; x_wconf 88' lang='lat' dir='ltr'>numerorum</span> <span class='ocrx_word' id='word_1_19' title='bbox 1336 629 1497 677; x_wconf 85' lang='lat' dir='ltr'>notas</span> <span class='ocrx_word' id='word_1_20' title='bbox 1528 610 1603 682; x_wconf 72' lang='lat' dir='ltr'>ffl</span> <span class='ocrx_word' id='word_1_21' title='bbox 1656 628 1709 675; x_wconf 88' lang='lat' dir='ltr'>ct</span> <span class='ocrx_word' id='word_1_22' title='bbox 1755 613 1876 680; x_wconf 67' lang='grc' dir='ltr'>ΙῑῡῖΙ</span> <span class='ocrx_word' id='word_1_23' title='bbox 1929 637 2067 694; x_wconf 87' lang='lat' dir='ltr'>qnae</span> <span class='ocrx_word' id='word_1_24' title='bbox 2117 621 2427 694; x_wconf 82' lang='lat' dir='ltr'>significant</span> <span class='ocrx_word' id='word_1_25' title='bbox 2477 624 2666 678; x_wconf 82' lang='lat' dir='ltr'>decies</span> <span class='ocrx_word' id='word_1_26' title='bbox 2713 631 2770 678; x_wconf 88' lang='lat' dir='ltr'>et</span> <span class='ocrx_word' id='word_1_27' title='bbox 2809 623 3008 684; x_wconf 80' lang='lat' dir='ltr'>vicies,</span> <span class='ocrx_word' id='word_1_28' title='bbox 3061 624 3133 679; x_wconf 88' lang='lat' dir='ltr'>sie</span> <span class='ocrx_word' id='word_1_29' title='bbox 3174 643 3296 681; x_wconf 83' lang='lat' dir='ltr'>cor-</span> 
     </span>
     <span class='ocr_line' id='line_1_4' title="bbox 724 705 3298 783; baseline 0 -21"><span class='ocrx_word' id='word_1_30' title='bbox 724 714 915 780; x_wconf 88' lang='lat' dir='ltr'>ruptas</span> <span class='ocrx_word' id='word_1_31' title='bbox 946 706 1033 760; x_wconf 76' lang='lat' dir='ltr'>lxi</span> <span class='ocrx_word' id='word_1_32' title='bbox 1063 714 1119 761; x_wconf 85' lang='lat' dir='ltr'>et</span> <span class='ocrx_word' id='word_1_33' title='bbox 1146 705 1279 760; x_wconf 76' lang='lat' dir='ltr'>lxxi</span> <span class='ocrx_word' id='word_1_34' title='bbox 1309 721 1567 780; x_wconf 89' lang='lat' dir='ltr'>perverse</span> <span class='ocrx_word' id='word_1_35' title='bbox 1598 707 1989 780; x_wconf 86' lang='lat' dir='ltr'>interpretatus</span> <span class='ocrx_word' id='word_1_36' title='bbox 2020 713 2106 761; x_wconf 88' lang='lat' dir='ltr'>est</span> <span class='ocrx_word' id='word_1_37' title='bbox 2145 708 2446 762; x_wconf 81' lang='lat' dir='ltr'>duodecies</span> <span class='ocrx_word' id='word_1_38' title='bbox 2487 715 2544 761; x_wconf 90' lang='lat' dir='ltr'>et</span> <span class='ocrx_word' id='word_1_39' title='bbox 2587 708 2960 763; x_wconf 73' lang='lat' dir='ltr'>duodevicies.</span> <span class='ocrx_word' id='word_1_40' title='bbox 3019 707 3298 783; x_wconf 76' lang='lat' dir='ltr'>plerasque</span> 
     </span>
     <span class='ocr_line' id='line_1_5' title="bbox 722 790 3292 866; baseline 0 -18"><span class='ocrx_word' id='word_1_41' title='bbox 722 799 902 848; x_wconf 89' lang='lat' dir='ltr'>autem</span> <span class='ocrx_word' id='word_1_42' title='bbox 947 792 1133 847; x_wconf 84' lang='lat' dir='ltr'>harum</span> <span class='ocrx_word' id='word_1_43' title='bbox 1184 808 1320 864; x_wconf 88' lang='lat' dir='ltr'>quae</span> <span class='ocrx_word' id='word_1_44' title='bbox 1352 790 1609 846; x_wconf 88' lang='lat' dir='ltr'>dicuntur</span> <span class='ocrx_word' id='word_1_45' title='bbox 1647 799 1902 846; x_wconf 89' lang='lat' dir='ltr'>notarum</span> <span class='ocrx_word' id='word_1_46' title='bbox 1949 799 2157 846; x_wconf 88' lang='lat' dir='ltr'>eertum</span> <span class='ocrx_word' id='word_1_47' title='bbox 2209 800 2294 847; x_wconf 87' lang='lat' dir='ltr'>est</span> <span class='ocrx_word' id='word_1_48' title='bbox 2333 790 2487 848; x_wconf 89' lang='lat' dir='ltr'>nullo</span> <span class='ocrx_word' id='word_1_49' title='bbox 2531 808 2768 866; x_wconf 88' lang='lat' dir='ltr'>unquam</span> <span class='ocrx_word' id='word_1_50' title='bbox 2822 799 3064 866; x_wconf 88' lang='lat' dir='ltr'>tempore</span> <span class='ocrx_word' id='word_1_51' title='bbox 3097 797 3146 848; x_wconf 89' lang='lat' dir='ltr'>in</span> <span class='ocrx_word' id='word_1_52' title='bbox 3189 801 3292 849; x_wconf 86' lang='lat' dir='ltr'>usu</span> 
     </span>
     <span class='ocr_line' id='line_1_6' title="bbox 722 875 3294 952; baseline 0 -21"><span class='ocrx_word' id='word_1_53' title='bbox 722 877 893 931; x_wconf 77' lang='lat' dir='ltr'>fuisse</span> <span class='ocrx_word' id='word_1_54' title='bbox 922 884 978 931; x_wconf 87' lang='lat' dir='ltr'>et</span> <span class='ocrx_word' id='word_1_55' title='bbox 1007 877 1073 932; x_wconf 90' lang='lat' dir='ltr'>ab</span> <span class='ocrx_word' id='word_1_56' title='bbox 1103 877 1295 931; x_wconf 84' lang='lat' dir='ltr'>inscita</span> <span class='ocrx_word' id='word_1_57' title='bbox 1326 875 1515 931; x_wconf 79' lang='lat' dir='ltr'>fraude</span> <span class='ocrx_word' id='word_1_58' title='bbox 1545 876 1812 948; x_wconf 84' lang='lat' dir='ltr'><strong>originem</strong></span> <span class='ocrx_word' id='word_1_59' title='bbox 1844 875 2076 930; x_wconf 87' lang='lat' dir='ltr'>trahere.</span> <span class='ocrx_word' id='word_1_60' title='bbox 2137 875 2356 932; x_wconf 80' lang='lat' dir='ltr'><strong>Scilicet</strong></span> <span class='ocrx_word' id='word_1_61' title='bbox 2396 893 2518 932; x_wconf 90' lang='lat' dir='ltr'>cum</span> <span class='ocrx_word' id='word_1_62' title='bbox 2551 876 2800 932; x_wconf 80' lang='lat' dir='ltr'>laterculi</span> <span class='ocrx_word' id='word_1_63' title='bbox 2841 885 3001 933; x_wconf 87' lang='lat' dir='ltr'>antea</span> <span class='ocrx_word' id='word_1_64' title='bbox 3039 881 3294 952; x_wconf 73' lang='lat' dir='ltr'><strong>propositi</strong></span> 
     </span>
     <span class='ocr_line' id='line_1_7' title="bbox 722 959 3294 1036; baseline 0 -20"><span class='ocrx_word' id='word_1_65' title='bbox 722 977 786 1016; x_wconf 83' lang='lat' dir='ltr'>ex</span> <span class='ocrx_word' id='word_1_66' title='bbox 815 962 921 1016; x_wconf 79' lang='lat' dir='ltr'>sori</span> <span class='ocrx_word' id='word_1_67' title='bbox 952 979 1057 1016; x_wconf 89' lang='lat' dir='ltr'>usu</span> <span class='ocrx_word' id='word_1_68' title='bbox 1086 961 1391 1034; x_wconf 85' lang='lat' dir='ltr'>prodierint</span> <span class='ocrx_word' id='word_1_69' title='bbox 1422 968 1476 1014; x_wconf 87' lang='lat' dir='ltr'>et</span> <span class='ocrx_word' id='word_1_70' title='bbox 1506 967 1797 1034; x_wconf 89' lang='lat' dir='ltr'>propterea</span> <span class='ocrx_word' id='word_1_71' title='bbox 1823 959 1969 1014; x_wconf 90' lang='lat' dir='ltr'>omni</span> <span class='ocrx_word' id='word_1_72' title='bbox 2002 959 2106 1015; x_wconf 84' lang='lat' dir='ltr'>fide</span> <span class='ocrx_word' id='word_1_73' title='bbox 2137 960 2285 1033; x_wconf 80' lang='lat' dir='ltr'>digni</span> <span class='ocrx_word' id='word_1_74' title='bbox 2311 969 2454 1023; x_wconf 87' lang='lat' dir='ltr'>sunt.</span> <span class='ocrx_word' id='word_1_75' title='bbox 2487 961 2649 1017; x_wconf 92' lang='lat' dir='ltr'>modo</span> <span class='ocrx_word' id='word_1_76' title='bbox 2681 979 2710 1017; x_wconf 92' lang='lat' dir='ltr'>a</span> <span class='ocrx_word' id='word_1_77' title='bbox 2743 961 3043 1018; x_wconf 84' lang='lat' dir='ltr'>scribarum</span> <span class='ocrx_word' id='word_1_78' title='bbox 3073 967 3294 1036; x_wconf 83' lang='lat' dir='ltr'>peccatis</span> 
     </span>
     <span class='ocr_line' id='line_1_8' title="bbox 722 1044 3296 1119; baseline 0 -18"><span class='ocrx_word' id='word_1_79' title='bbox 722 1061 1004 1102; x_wconf 89' lang='lat' dir='ltr'>caveamus</span> <span class='ocrx_word' id='word_1_80' title='bbox 1035 1053 1089 1100; x_wconf 90' lang='lat' dir='ltr'>et</span> <span class='ocrx_word' id='word_1_81' title='bbox 1120 1063 1220 1100; x_wconf 87' lang='lat' dir='ltr'>suo</span> <span class='ocrx_word' id='word_1_82' title='bbox 1254 1060 1525 1119; x_wconf 78' lang='lat' dir='ltr'>quemque</span> <span class='ocrx_word' id='word_1_83' title='bbox 1555 1044 1677 1100; x_wconf 91' lang='lat' dir='ltr'>loco</span> <span class='ocrx_word' id='word_1_84' title='bbox 1708 1044 2087 1106; x_wconf 87' lang='lat' dir='ltr'>adhibeamus.</span> <span class='ocrx_word' id='word_1_85' title='bbox 2130 1044 2219 1101; x_wconf 89' lang='lat' dir='ltr'>hic</span> <span class='ocrx_word' id='word_1_86' title='bbox 2248 1053 2438 1101; x_wconf 87' lang='lat' dir='ltr'>contra</span> <span class='ocrx_word' id='word_1_87' title='bbox 2469 1062 2600 1119; x_wconf 88' lang='lat' dir='ltr'>prae</span> <span class='ocrx_word' id='word_1_88' title='bbox 2631 1061 2689 1102; x_wconf 90' lang='lat' dir='ltr'>se</span> <span class='ocrx_word' id='word_1_89' title='bbox 2720 1046 2830 1103; x_wconf 86' lang='lat' dir='ltr'>l&#39;ert</span> <span class='ocrx_word' id='word_1_90' title='bbox 2859 1047 3116 1118; x_wconf 82' lang='lat' dir='ltr'>originem</span> <span class='ocrx_word' id='word_1_91' title='bbox 3143 1049 3296 1104; x_wconf 86' lang='lat' dir='ltr'>scho-</span> 
     </span>
     <span class='ocr_line' id='line_1_9' title="bbox 722 1130 3294 1204; baseline 0 -19"><span class='ocrx_word' id='word_1_92' title='bbox 722 1130 983 1187; x_wconf 88' lang='lat' dir='ltr'>lasticam.</span> <span class='ocrx_word' id='word_1_93' title='bbox 1044 1131 1173 1185; x_wconf 86' lang='lat' dir='ltr'>Nam</span> <span class='ocrx_word' id='word_1_94' title='bbox 1207 1146 1272 1185; x_wconf 91' lang='lat' dir='ltr'>eo</span> <span class='ocrx_word' id='word_1_95' title='bbox 1303 1131 1579 1204; x_wconf 72' lang='lat' dir='ltr'>pertinent</span> <span class='ocrx_word' id='word_1_96' title='bbox 1608 1130 1841 1203; x_wconf 88' lang='lat' dir='ltr'>primum</span> <span class='ocrx_word' id='word_1_97' title='bbox 1873 1132 2184 1186; x_wconf 87' lang='lat' dir='ltr'>notationes</span> <span class='ocrx_word' id='word_1_98' title='bbox 2215 1130 2375 1204; x_wconf 89' lang='lat' dir='ltr'>plane</span> <span class='ocrx_word' id='word_1_99' title='bbox 2403 1133 2696 1204; x_wconf 87' lang='lat' dir='ltr'>antiquarii</span> <span class='ocrx_word' id='word_1_100' title='bbox 2725 1133 3060 1202; x_wconf 83' lang='lat' dir='ltr'>argumenti.</span> <span class='ocrx_word' id='word_1_101' title='bbox 3088 1141 3146 1187; x_wconf 89' lang='lat' dir='ltr'>ut</span> <span class='ocrx_word' id='word_1_102' title='bbox 3171 1143 3294 1188; x_wconf 85' lang='lat' dir='ltr'>sunt</span> 
     </span>
     <span class='ocr_line' id='line_1_10' title="bbox 721 1213 3293 1290; baseline 0.002 -20"><span class='ocrx_word' id='word_1_103' title='bbox 721 1215 916 1287; x_wconf 79' lang='lat' dir='ltr'>kapite</span> <span class='ocrx_word' id='word_1_104' title='bbox 946 1231 1183 1277; x_wconf 82' lang='lat' dir='ltr'>census,</span> <span class='ocrx_word' id='word_1_105' title='bbox 1229 1214 1514 1269; x_wconf 78' lang='lat' dir='ltr'>kalendae</span> <span class='ocrx_word' id='word_1_106' title='bbox 1545 1213 1824 1280; x_wconf 71' lang='lat' dir='ltr'>Quintiles</span> <span class='ocrx_word' id='word_1_107' title='bbox 1854 1220 1908 1269; x_wconf 90' lang='lat' dir='ltr'>et</span> <span class='ocrx_word' id='word_1_108' title='bbox 1939 1213 2216 1274; x_wconf 74' lang='lat' dir='ltr'>Sextiles,-</span> <span class='ocrx_word' id='word_1_109' title='bbox 2258 1215 2390 1288; x_wconf 87' lang='lat' dir='ltr'>quid</span> <span class='ocrx_word' id='word_1_110' title='bbox 2429 1216 2576 1289; x_wconf 88' lang='lat' dir='ltr'>quod</span> <span class='ocrx_word' id='word_1_111' title='bbox 2605 1231 2669 1270; x_wconf 85' lang='lat' dir='ltr'>ex</span> <span class='ocrx_word' id='word_1_112' title='bbox 2697 1215 3009 1272; x_wconf 86' lang='lat' dir='ltr'>nominibus</span> <span class='ocrx_word' id='word_1_113' title='bbox 3051 1219 3293 1290; x_wconf 84' lang='lat' dir='ltr'>propriis.</span> 
     </span>
     <span class='ocr_line' id='line_1_11' title="bbox 722 1298 3292 1375; baseline 0.002 -20"><span class='ocrx_word' id='word_1_114' title='bbox 722 1317 955 1375; x_wconf 90' lang='lat' dir='ltr'>quorum</span> <span class='ocrx_word' id='word_1_115' title='bbox 986 1300 1149 1356; x_wconf 90' lang='lat' dir='ltr'>homo</span> <span class='ocrx_word' id='word_1_116' title='bbox 1180 1299 1272 1354; x_wconf 90' lang='lat' dir='ltr'>ille</span> <span class='ocrx_word' id='word_1_117' title='bbox 1301 1307 1460 1354; x_wconf 89' lang='lat' dir='ltr'>notas</span> <span class='ocrx_word' id='word_1_118' title='bbox 1491 1302 1766 1373; x_wconf 88' lang='lat' dir='ltr'>proponit,</span> <span class='ocrx_word' id='word_1_119' title='bbox 1800 1298 1857 1352; x_wconf 89' lang='lat' dir='ltr'>L.</span> <span class='ocrx_word' id='word_1_120' title='bbox 1881 1298 2134 1361; x_wconf 88' lang='lat' dir='ltr'>Cornelii,</span> <span class='ocrx_word' id='word_1_121' title='bbox 2165 1298 2418 1362; x_wconf 89' lang='lat' dir='ltr'>Cornelii,</span> <span class='ocrx_word' id='word_1_122' title='bbox 2449 1299 2633 1361; x_wconf 88' lang='lat' dir='ltr'>Balbii,</span> <span class='ocrx_word' id='word_1_123' title='bbox 2665 1299 2724 1368; x_wconf 87' lang='lat' dir='ltr'>Q.</span> <span class='ocrx_word' id='word_1_124' title='bbox 2749 1299 2932 1363; x_wconf 86' lang='lat' dir='ltr'>Caelii.</span> <span class='ocrx_word' id='word_1_125' title='bbox 2963 1301 3134 1357; x_wconf 73' lang='lat' dir='ltr'>Marcii</span> <span class='ocrx_word' id='word_1_126' title='bbox 3163 1300 3292 1361; x_wconf 76' lang='lat' dir='ltr'>Rufi,</span> 
     </span>
     <span class='ocr_line' id='line_1_12' title="bbox 720 1383 3293 1458; baseline -0 -19"><span class='ocrx_word' id='word_1_127' title='bbox 720 1385 778 1439; x_wconf 90' lang='lat' dir='ltr'>L.</span> <span class='ocrx_word' id='word_1_128' title='bbox 813 1386 1077 1447; x_wconf 81' lang='lat' dir='ltr'>Morenae,</span> <span class='ocrx_word' id='word_1_129' title='bbox 1108 1384 1169 1453; x_wconf 87' lang='lat' dir='ltr'>Q.</span> <span class='ocrx_word' id='word_1_130' title='bbox 1202 1385 1481 1446; x_wconf 81' lang='lat' dir='ltr'>Murenae,</span> <span class='ocrx_word' id='word_1_131' title='bbox 1522 1383 1702 1458; x_wconf 88' lang='lat' dir='ltr'>aliqua</span> <span class='ocrx_word' id='word_1_132' title='bbox 1733 1383 2206 1440; x_wconf 90' lang='lat' dir='ltr'>Ciceronianarum</span> <span class='ocrx_word' id='word_1_133' title='bbox 2235 1383 2446 1458; x_wconf 84' lang='lat' dir='ltr'>aliquot</span> <span class='ocrx_word' id='word_1_134' title='bbox 2485 1386 2795 1442; x_wconf 90' lang='lat' dir='ltr'>orationum</span> <span class='ocrx_word' id='word_1_135' title='bbox 2825 1387 3024 1442; x_wconf 86' lang='lat' dir='ltr'>notitia</span> <span class='ocrx_word' id='word_1_136' title='bbox 3063 1386 3293 1442; x_wconf 85' lang='lat' dir='ltr'>tralucet.</span> 
     </span>
     <span class='ocr_line' id='line_1_13' title="bbox 720 1468 3292 1545; baseline 0 -19"><span class='ocrx_word' id='word_1_137' title='bbox 720 1471 916 1526; x_wconf 82' lang='lat' dir='ltr'>Deinde</span> <span class='ocrx_word' id='word_1_138' title='bbox 940 1471 1087 1545; x_wconf 91' lang='lat' dir='ltr'>quod</span> <span class='ocrx_word' id='word_1_139' title='bbox 1110 1470 1613 1544; x_wconf 83' lang='lat' dir='ltr'>interpretationem</span> <span class='ocrx_word' id='word_1_140' title='bbox 1634 1471 1926 1542; x_wconf 90' lang='lat' dir='ltr'>proposuit</span> <span class='ocrx_word' id='word_1_141' title='bbox 1948 1478 2198 1524; x_wconf 90' lang='lat' dir='ltr'>notarum</span> <span class='ocrx_word' id='word_1_142' title='bbox 2215 1468 2375 1526; x_wconf 84' lang='lat' dir='ltr'><em>D·M·</em></span> <span class='ocrx_word' id='word_1_143' title='bbox 2402 1478 2457 1525; x_wconf 88' lang='lat' dir='ltr'>et</span> <span class='ocrx_word' id='word_1_144' title='bbox 2473 1468 2656 1524; x_wconf 77' lang='lat' dir='ltr'>MAX</span> <span class='ocrx_word' id='word_1_145' title='bbox 2655 1470 2839 1526; x_wconf 82' lang='lat' dir='ltr'><em>-PON</em></span> <span class='ocrx_word' id='word_1_146' title='bbox 2841 1471 2904 1524; x_wconf 91' lang='lat' dir='ltr'>T·</span> <span class='ocrx_word' id='word_1_147' title='bbox 2926 1469 3292 1526; x_wconf 79' lang='lat' dir='ltr'><em>TRIB-POT-</em></span> 
     </span>
     <span class='ocr_line' id='line_1_14' title="bbox 721 1554 3294 1628; baseline 0 -18"><span class='ocrx_word' id='word_1_148' title='bbox 721 1564 775 1610; x_wconf 88' lang='lat' dir='ltr'>et</span> <span class='ocrx_word' id='word_1_149' title='bbox 794 1555 1117 1616; x_wconf 87' lang='lat' dir='ltr'><strong><em>COM·OB·,</em></strong></span> <span class='ocrx_word' id='word_1_150' title='bbox 1146 1570 1275 1611; x_wconf 89' lang='lat' dir='ltr'>sane</span> <span class='ocrx_word' id='word_1_151' title='bbox 1295 1572 1406 1610; x_wconf 92' lang='lat' dir='ltr'>non</span> <span class='ocrx_word' id='word_1_152' title='bbox 1430 1555 1575 1618; x_wconf 80' lang='lat' dir='ltr'>fecit,</span> <span class='ocrx_word' id='word_1_153' title='bbox 1600 1556 1856 1628; x_wconf 89' lang='lat' dir='ltr'>quoniam</span> <span class='ocrx_word' id='word_1_154' title='bbox 1879 1554 1946 1610; x_wconf 88' lang='lat' dir='ltr'>ad</span> <span class='ocrx_word' id='word_1_155' title='bbox 1966 1554 2139 1610; x_wconf 87' lang='lat' dir='ltr'>libros</span> <span class='ocrx_word' id='word_1_156' title='bbox 2163 1555 2297 1610; x_wconf 88' lang='lat' dir='ltr'>iuris</span> <span class='ocrx_word' id='word_1_157' title='bbox 2321 1554 2582 1627; x_wconf 86' lang='lat' dir='ltr'>legendos</span> <span class='ocrx_word' id='word_1_158' title='bbox 2607 1555 2736 1612; x_wconf 91' lang='lat' dir='ltr'>talia</span> <span class='ocrx_word' id='word_1_159' title='bbox 2759 1555 3181 1628; x_wconf 81' lang='lat' dir='ltr'>requirebantur,</span> <span class='ocrx_word' id='word_1_160' title='bbox 3203 1556 3294 1611; x_wconf 85' lang='lat' dir='ltr'>sed</span> 
     </span>
     <span class='ocr_line' id='line_1_15' title="bbox 722 1639 3297 1714; baseline -0.001 -18"><span class='ocrx_word' id='word_1_161' title='bbox 722 1640 870 1714; x_wconf 90' lang='lat' dir='ltr'>quod</span> <span class='ocrx_word' id='word_1_162' title='bbox 902 1641 1067 1696; x_wconf 88' lang='lat' dir='ltr'>otiosi</span> <span class='ocrx_word' id='word_1_163' title='bbox 1100 1641 1347 1696; x_wconf 86' lang='lat' dir='ltr'>homines</span> <span class='ocrx_word' id='word_1_164' title='bbox 1377 1640 1711 1713; x_wconf 78' lang='lat' dir='ltr'>quaerebant</span> <span class='ocrx_word' id='word_1_165' title='bbox 1741 1657 1770 1694; x_wconf 91' lang='lat' dir='ltr'>a</span> <span class='ocrx_word' id='word_1_166' title='bbox 1801 1639 2158 1700; x_wconf 82' lang='lat' dir='ltr'>scholasticis,</span> <span class='ocrx_word' id='word_1_167' title='bbox 2191 1640 2320 1712; x_wconf 90' lang='lat' dir='ltr'>quid</span> <span class='ocrx_word' id='word_1_168' title='bbox 2355 1639 2568 1695; x_wconf 88' lang='lat' dir='ltr'>tandem</span> <span class='ocrx_word' id='word_1_169' title='bbox 2599 1639 2972 1712; x_wconf 82' lang='lat' dir='ltr'>significarent</span> <span class='ocrx_word' id='word_1_170' title='bbox 2997 1648 3152 1696; x_wconf 88' lang='lat' dir='ltr'>notae</span> <span class='ocrx_word' id='word_1_171' title='bbox 3179 1640 3297 1696; x_wconf 87' lang='lat' dir='ltr'>illae</span> 
     </span>
     <span class='ocr_line' id='line_1_16' title="bbox 720 1724 3296 1798; baseline -0.001 -17"><span class='ocrx_word' id='word_1_172' title='bbox 720 1728 776 1781; x_wconf 90' lang='lat' dir='ltr'>in</span> <span class='ocrx_word' id='word_1_173' title='bbox 805 1725 1077 1798; x_wconf 85' lang='lat' dir='ltr'>lapidibus</span> <span class='ocrx_word' id='word_1_174' title='bbox 1108 1725 1405 1780; x_wconf 87' lang='lat' dir='ltr'>nummisve</span> <span class='ocrx_word' id='word_1_175' title='bbox 1436 1724 1940 1798; x_wconf 62' lang='lat' dir='ltr'>frequentissimam</span> <span class='ocrx_word' id='word_1_176' title='bbox 1979 1725 2150 1779; x_wconf 69' lang='lat' dir='ltr'>cuius</span> <span class='ocrx_word' id='word_1_177' title='bbox 2180 1740 2308 1780; x_wconf 87' lang='lat' dir='ltr'>vero</span> <span class='ocrx_word' id='word_1_178' title='bbox 2339 1726 2560 1796; x_wconf 85' lang='lat' dir='ltr'>generis</span> <span class='ocrx_word' id='word_1_179' title='bbox 2589 1725 2838 1782; x_wconf 88' lang='lat' dir='ltr'>doctrina</span> <span class='ocrx_word' id='word_1_180' title='bbox 2869 1725 3038 1781; x_wconf 86' lang='lat' dir='ltr'>suerit</span> <span class='ocrx_word' id='word_1_181' title='bbox 3062 1725 3296 1782; x_wconf 78' lang='lat' dir='ltr'>laterculi</span> 
     </span>
     <span class='ocr_line' id='line_1_17' title="bbox 722 1807 3300 1874; baseline -0.002 -7"><span class='ocrx_word' id='word_1_182' title='bbox 722 1812 991 1874; x_wconf 88' lang='lat' dir='ltr'>auctoris,</span> <span class='ocrx_word' id='word_1_183' title='bbox 1046 1811 1179 1866; x_wconf 87' lang='lat' dir='ltr'>satis</span> <span class='ocrx_word' id='word_1_184' title='bbox 1210 1810 1586 1866; x_wconf 87' lang='lat' dir='ltr'>demonstrant</span> <span class='ocrx_word' id='word_1_185' title='bbox 1628 1809 1712 1872; x_wconf 84' lang='lat' dir='ltr'>vel</span> <span class='ocrx_word' id='word_1_186' title='bbox 1744 1807 1863 1866; x_wconf 86' lang='lat' dir='ltr'>sola</span> <span class='ocrx_word' id='word_1_187' title='bbox 1891 1808 1980 1864; x_wconf 91' lang='lat' dir='ltr'>illa</span> <span class='ocrx_word' id='word_1_188' title='bbox 2025 1808 2374 1864; x_wconf 85' lang='lat' dir='ltr'>deliramenta</span> <span class='ocrx_word' id='word_1_189' title='bbox 2421 1809 2488 1866; x_wconf 87' lang='lat' dir='ltr'>de</span> <span class='ocrx_word' id='word_1_190' title='bbox 2527 1811 2692 1866; x_wconf 82' lang='lat' dir='ltr'>domo</span> <span class='ocrx_word' id='word_1_191' title='bbox 2721 1811 2939 1865; x_wconf 78' lang='lat' dir='ltr'>mortui</span> <span class='ocrx_word' id='word_1_192' title='bbox 2993 1819 3048 1865; x_wconf 87' lang='lat' dir='ltr'>et</span> <span class='ocrx_word' id='word_1_193' title='bbox 3075 1812 3300 1866; x_wconf 71' lang='lat' dir='ltr'>comitiis</span> 
     </span>
     <span class='ocr_line' id='line_1_18' title="bbox 720 1892 3298 1968; baseline -0.001 -18"><span class='ocrx_word' id='word_1_194' title='bbox 720 1897 1039 1952; x_wconf 81' lang='lat' dir='ltr'>obriziacis.</span> <span class='ocrx_word' id='word_1_195' title='bbox 1099 1893 1206 1951; x_wconf 90' lang='lat' dir='ltr'>Nee</span> <span class='ocrx_word' id='word_1_196' title='bbox 1236 1892 1554 1950; x_wconf 86' lang='lat' dir='ltr'>mirabimur</span> <span class='ocrx_word' id='word_1_197' title='bbox 1600 1895 1746 1950; x_wconf 88' lang='lat' dir='ltr'>inter</span> <span class='ocrx_word' id='word_1_198' title='bbox 1799 1893 1934 1950; x_wconf 89' lang='lat' dir='ltr'>tales</span> <span class='ocrx_word' id='word_1_199' title='bbox 1979 1893 2169 1949; x_wconf 88' lang='lat' dir='ltr'>sordes</span> <span class='ocrx_word' id='word_1_200' title='bbox 2220 1895 2450 1967; x_wconf 90' lang='lat' dir='ltr'>reperiri</span> <span class='ocrx_word' id='word_1_201' title='bbox 2500 1896 2854 1968; x_wconf 80' lang='lat' dir='ltr'>magistratus</span> <span class='ocrx_word' id='word_1_202' title='bbox 2895 1895 3093 1968; x_wconf 86' lang='lat' dir='ltr'>partim</span> <span class='ocrx_word' id='word_1_203' title='bbox 3140 1893 3298 1949; x_wconf 83' lang='lat' dir='ltr'>infimi</span> 
     </span>
     <span class='ocr_line' id='line_1_19' title="bbox 722 1977 3300 2054; baseline 0.001 -18"><span class='ocrx_word' id='word_1_204' title='bbox 722 1982 835 2036; x_wconf 88' lang='lat' dir='ltr'>aevi</span> <span class='ocrx_word' id='word_1_205' title='bbox 866 1981 1213 2041; x_wconf 87' lang='lat' dir='ltr'>notissimos,</span> <span class='ocrx_word' id='word_1_206' title='bbox 1244 1982 1444 2054; x_wconf 85' lang='lat' dir='ltr'>partim</span> <span class='ocrx_word' id='word_1_207' title='bbox 1476 1977 1773 2040; x_wconf 79' lang='lat' dir='ltr'>confictos,</span> <span class='ocrx_word' id='word_1_208' title='bbox 1814 1986 1878 2034; x_wconf 91' lang='lat' dir='ltr'>ut</span> <span class='ocrx_word' id='word_1_209' title='bbox 1908 1986 2038 2034; x_wconf 88' lang='lat' dir='ltr'>sunt</span> <span class='ocrx_word' id='word_1_210' title='bbox 2067 1980 2297 2034; x_wconf 77' lang='lat' dir='ltr'>adiutor</span> <span class='ocrx_word' id='word_1_211' title='bbox 2319 1981 2687 2050; x_wconf 81' lang='lat' dir='ltr'>provinciae,</span> <span class='ocrx_word' id='word_1_212' title='bbox 2731 1980 3025 2051; x_wconf 72' lang='lat' dir='ltr'>praefecti</span> <span class='ocrx_word' id='word_1_213' title='bbox 3049 1978 3300 2052; x_wconf 77' lang='lat' dir='ltr'>Africae.</span> 
     </span>
     <span class='ocr_line' id='line_1_20' title="bbox 722 2062 3302 2138; baseline -0.001 -17"><span class='ocrx_word' id='word_1_214' title='bbox 722 2064 1005 2128; x_wconf 81' lang='lat' dir='ltr'>Iudaeae.</span> <span class='ocrx_word' id='word_1_215' title='bbox 1039 2063 1267 2136; x_wconf 74' lang='lat' dir='ltr'>Syriae.</span> <span class='ocrx_word' id='word_1_216' title='bbox 1327 2063 1505 2138; x_wconf 92' lang='lat' dir='ltr'>Prope</span> <span class='ocrx_word' id='word_1_217' title='bbox 1534 2063 1798 2120; x_wconf 88' lang='lat' dir='ltr'>accedunt</span> <span class='ocrx_word' id='word_1_218' title='bbox 1848 2064 2015 2119; x_wconf 80' lang='lat' dir='ltr'>divus</span> <span class='ocrx_word' id='word_1_219' title='bbox 2047 2062 2266 2118; x_wconf 82' lang='lat' dir='ltr'>Caesar</span> <span class='ocrx_word' id='word_1_220' title='bbox 2294 2065 2617 2136; x_wconf 68' lang='grc' dir='ltr'>Λυρκείας,</span> <span class='ocrx_word' id='word_1_221' title='bbox 2650 2065 2896 2120; x_wconf 76' lang='lat' dir='ltr'>Kuelius</span> <span class='ocrx_word' id='word_1_222' title='bbox 2923 2067 3166 2120; x_wconf 76' lang='lat' dir='ltr'>montius</span> <span class='ocrx_word' id='word_1_223' title='bbox 3205 2082 3302 2138; x_wconf 89' lang='lat' dir='ltr'>pro</span> 
     </span>
     <span class='ocr_line' id='line_1_21' title="bbox 719 2147 3304 2223; baseline -0.002 -18"><span class='ocrx_word' id='word_1_224' title='bbox 719 2149 1122 2207; x_wconf 85' lang='lat' dir='ltr'>Caelimontano</span> <span class='ocrx_word' id='word_1_225' title='bbox 1140 2191 1153 2210; x_wconf 87' lang='lat'><strong>.</strong></span> <span class='ocrx_word' id='word_1_226' title='bbox 1198 2150 1369 2204; x_wconf 82' lang='lat' dir='ltr'>ludus</span> <span class='ocrx_word' id='word_1_227' title='bbox 1401 2149 1677 2218; x_wconf 80' lang='lat' dir='ltr'>Apollinis</span> <span class='ocrx_word' id='word_1_228' title='bbox 1706 2164 1808 2222; x_wconf 91' lang='lat' dir='ltr'>pro</span> <span class='ocrx_word' id='word_1_229' title='bbox 1843 2147 1984 2204; x_wconf 85' lang='lat' dir='ltr'>ludis</span> <span class='ocrx_word' id='word_1_230' title='bbox 2015 2147 2451 2223; x_wconf 82' lang='lat' dir='ltr'>Apollinaribus,</span> <span class='ocrx_word' id='word_1_231' title='bbox 2482 2150 2733 2205; x_wconf 81' lang='lat' dir='ltr'>stadium</span> <span class='ocrx_word' id='word_1_232' title='bbox 2761 2151 3075 2211; x_wconf 80' lang='lat' dir='ltr'>dedicavit,</span> <span class='ocrx_word' id='word_1_233' title='bbox 3105 2148 3304 2204; x_wconf 78' lang='lat' dir='ltr'>kastra</span> 
     </span>
     <span class='ocr_line' id='line_1_22' title="bbox 720 2232 3308 2308; baseline -0.001 -18"><span class='ocrx_word' id='word_1_234' title='bbox 720 2236 1002 2297; x_wconf 82' lang='lat' dir='ltr'>dediticia,</span> <span class='ocrx_word' id='word_1_235' title='bbox 1031 2233 1150 2306; x_wconf 83' lang='lat' dir='ltr'>fati</span> <span class='ocrx_word' id='word_1_236' title='bbox 1176 2249 1385 2289; x_wconf 80' lang='lat' dir='ltr'>munus</span> <span class='ocrx_word' id='word_1_237' title='bbox 1407 2234 1672 2303; x_wconf 59' lang='lat' dir='ltr'>implam·</span> <span class='ocrx_word' id='word_1_238' title='bbox 1704 2232 1808 2290; x_wconf 87' lang='lat' dir='ltr'>alia</span> <span class='ocrx_word' id='word_1_239' title='bbox 1838 2233 2118 2289; x_wconf 88' lang='lat' dir='ltr'>innumera</span> <span class='ocrx_word' id='word_1_240' title='bbox 2141 2233 2406 2290; x_wconf 87' lang='lat' dir='ltr'>barbarae</span> <span class='ocrx_word' id='word_1_241' title='bbox 2435 2235 2630 2291; x_wconf 86' lang='lat' dir='ltr'>aetatis</span> <span class='ocrx_word' id='word_1_242' title='bbox 2661 2236 3136 2308; x_wconf 86' lang='lat' dir='ltr'>grammaticorum</span> <span class='ocrx_word' id='word_1_243' title='bbox 3165 2251 3308 2290; x_wconf 82' lang='lat' dir='ltr'>com-</span> 
     </span>
     <span class='ocr_line' id='line_1_23' title="bbox 722 2318 3308 2393; baseline 0 -21"><span class='ocrx_word' id='word_1_244' title='bbox 722 2328 917 2376; x_wconf 80' lang='lat' dir='ltr'>menta.</span> <span class='ocrx_word' id='word_1_245' title='bbox 962 2319 1080 2386; x_wconf 85' lang='lat' dir='ltr'>Quo</span> <span class='ocrx_word' id='word_1_246' title='bbox 1108 2327 1355 2392; x_wconf 85' lang='lat' dir='ltr'>tempore</span> <span class='ocrx_word' id='word_1_247' title='bbox 1386 2319 1547 2374; x_wconf 88' lang='lat' dir='ltr'>homo</span> <span class='ocrx_word' id='word_1_248' title='bbox 1580 2319 1882 2392; x_wconf 86' lang='lat' dir='ltr'>scripserit,</span> <span class='ocrx_word' id='word_1_249' title='bbox 1915 2335 1978 2372; x_wconf 87' lang='lat' dir='ltr'>ex</span> <span class='ocrx_word' id='word_1_250' title='bbox 2006 2325 2164 2392; x_wconf 88' lang='lat' dir='ltr'>parte</span> <span class='ocrx_word' id='word_1_251' title='bbox 2185 2319 2309 2374; x_wconf 89' lang='lat' dir='ltr'>inde</span> <span class='ocrx_word' id='word_1_252' title='bbox 2339 2318 2612 2382; x_wconf 86' lang='lat' dir='ltr'>definitur,</span> <span class='ocrx_word' id='word_1_253' title='bbox 2639 2319 2789 2393; x_wconf 85' lang='lat' dir='ltr'>quod</span> <span class='ocrx_word' id='word_1_254' title='bbox 2812 2321 2918 2374; x_wconf 89' lang='lat' dir='ltr'>iam</span> <span class='ocrx_word' id='word_1_255' title='bbox 2939 2320 2996 2374; x_wconf 82' lang='lat' dir='ltr'>in</span> <span class='ocrx_word' id='word_1_256' title='bbox 3018 2318 3171 2375; x_wconf 86' lang='lat' dir='ltr'>libris</span> <span class='ocrx_word' id='word_1_257' title='bbox 3194 2336 3308 2374; x_wconf 90' lang='lat' dir='ltr'>sae-</span> 
     </span>
     <span class='ocr_line' id='line_1_24' title="bbox 720 2402 3308 2478; baseline -0 -20"><span class='ocrx_word' id='word_1_258' title='bbox 720 2403 847 2460; x_wconf 86' lang='lat' dir='ltr'>culo</span> <span class='ocrx_word' id='word_1_259' title='bbox 878 2411 1068 2460; x_wconf 88' lang='lat' dir='ltr'>octavo</span> <span class='ocrx_word' id='word_1_260' title='bbox 1101 2412 1328 2459; x_wconf 88' lang='lat' dir='ltr'>exeunte</span> <span class='ocrx_word' id='word_1_261' title='bbox 1358 2406 1590 2459; x_wconf 80' lang='lat' dir='ltr'>exaratis</span> <span class='ocrx_word' id='word_1_262' title='bbox 1632 2404 1778 2458; x_wconf 88' lang='lat' dir='ltr'>hunc</span> <span class='ocrx_word' id='word_1_263' title='bbox 1807 2402 2132 2459; x_wconf 86' lang='lat' dir='ltr'>laterculum</span> <span class='ocrx_word' id='word_1_264' title='bbox 2163 2405 2464 2460; x_wconf 87' lang='lat' dir='ltr'>invenimus</span> <span class='ocrx_word' id='word_1_265' title='bbox 2496 2411 2550 2459; x_wconf 86' lang='lat' dir='ltr'>et</span> <span class='ocrx_word' id='word_1_266' title='bbox 2580 2404 2799 2478; x_wconf 86' lang='lat' dir='ltr'>quidem</span> <span class='ocrx_word' id='word_1_267' title='bbox 2829 2412 3078 2468; x_wconf 88' lang='lat' dir='ltr'>auctum;</span> <span class='ocrx_word' id='word_1_268' title='bbox 3131 2405 3308 2477; x_wconf 87' lang='lat' dir='ltr'>itaque</span> 
     </span>
     <span class='ocr_line' id='line_1_25' title="bbox 720 2487 3307 2562; baseline -0.001 -18"><span class='ocrx_word' id='word_1_269' title='bbox 720 2489 1028 2544; x_wconf 84' lang='lat' dir='ltr'>consectum</span> <span class='ocrx_word' id='word_1_270' title='bbox 1060 2489 1377 2544; x_wconf 84' lang='lat' dir='ltr'>crediderim</span> <span class='ocrx_word' id='word_1_271' title='bbox 1410 2488 1627 2544; x_wconf 88' lang='lat' dir='ltr'>saeculo</span> <span class='ocrx_word' id='word_1_272' title='bbox 1658 2489 1892 2560; x_wconf 90' lang='lat' dir='ltr'>septimo</span> <span class='ocrx_word' id='word_1_273' title='bbox 1916 2487 1997 2543; x_wconf 88' lang='lat' dir='ltr'>vel</span> <span class='ocrx_word' id='word_1_274' title='bbox 2023 2489 2316 2562; x_wconf 89' lang='lat' dir='ltr'>incipiente</span> <span class='ocrx_word' id='word_1_275' title='bbox 2339 2497 2548 2546; x_wconf 88' lang='lat' dir='ltr'>octavo.</span> <span class='ocrx_word' id='word_1_276' title='bbox 2596 2487 2876 2560; x_wconf 77' lang='lat' dir='ltr'>originem</span> <span class='ocrx_word' id='word_1_277' title='bbox 2899 2487 3068 2545; x_wconf 87' lang='lat' dir='ltr'>libelli</span> <span class='ocrx_word' id='word_1_278' title='bbox 3096 2489 3307 2544; x_wconf 82' lang='lat' dir='ltr'>codices</span> 
     </span>
     <span class='ocr_line' id='line_1_26' title="bbox 720 2572 3308 2647; baseline -0.001 -19"><span class='ocrx_word' id='word_1_279' title='bbox 720 2573 961 2629; x_wconf 86' lang='lat' dir='ltr'>indicant</span> <span class='ocrx_word' id='word_1_280' title='bbox 990 2572 1260 2630; x_wconf 89' lang='lat' dir='ltr'>Gallicam.</span> <span class='ocrx_word' id='word_1_281' title='bbox 1320 2572 1581 2629; x_wconf 85' lang='lat' dir='ltr'>Convenit</span> <span class='ocrx_word' id='word_1_282' title='bbox 1623 2589 1761 2647; x_wconf 88' lang='lat' dir='ltr'>quae</span> <span class='ocrx_word' id='word_1_283' title='bbox 1801 2572 2004 2646; x_wconf 83' lang='lat' dir='ltr'>legitur</span> <span class='ocrx_word' id='word_1_284' title='bbox 2043 2573 2117 2628; x_wconf 86' lang='lat' dir='ltr'>ibi</span> <span class='ocrx_word' id='word_1_285' title='bbox 2147 2582 2400 2630; x_wconf 86' lang='lat' dir='ltr'>notarum</span> <span class='ocrx_word' id='word_1_286' title='bbox 2433 2575 2603 2629; x_wconf 87' lang='lat' dir='ltr'>series</span> <span class='ocrx_word' id='word_1_287' title='bbox 2633 2573 2700 2629; x_wconf 88' lang='lat' dir='ltr'>ad</span> <span class='ocrx_word' id='word_1_288' title='bbox 2731 2589 2946 2646; x_wconf 87' lang='lat' dir='ltr'>regem,</span> <span class='ocrx_word' id='word_1_289' title='bbox 2993 2575 3137 2646; x_wconf 86' lang='lat' dir='ltr'>regis</span> <span class='ocrx_word' id='word_1_290' title='bbox 3167 2573 3308 2628; x_wconf 85' lang='lat' dir='ltr'>filios</span> 
     </span>
     <span class='ocr_line' id='line_1_27' title="bbox 720 2657 3308 2733; baseline -0 -21"><span class='ocrx_word' id='word_1_291' title='bbox 720 2657 995 2733; x_wconf 84' lang='lat' dir='ltr'>filiasque,</span> <span class='ocrx_word' id='word_1_292' title='bbox 1040 2661 1185 2730; x_wconf 87' lang='lat' dir='ltr'>regis</span> <span class='ocrx_word' id='word_1_293' title='bbox 1216 2675 1441 2718; x_wconf 88' lang='lat' dir='ltr'>munus.</span> <span class='ocrx_word' id='word_1_294' title='bbox 1494 2659 1642 2730; x_wconf 85' lang='lat' dir='ltr'>regis</span> <span class='ocrx_word' id='word_1_295' title='bbox 1684 2657 1822 2713; x_wconf 85' lang='lat' dir='ltr'>dona</span> <span class='ocrx_word' id='word_1_296' title='bbox 1867 2660 2173 2730; x_wconf 84' lang='lat' dir='ltr'>pertinens:</span> <span class='ocrx_word' id='word_1_297' title='bbox 2217 2674 2547 2732; x_wconf 89' lang='lat' dir='ltr'>quamquam</span> <span class='ocrx_word' id='word_1_298' title='bbox 2587 2660 2641 2713; x_wconf 88' lang='lat' dir='ltr'>in</span> <span class='ocrx_word' id='word_1_299' title='bbox 2685 2675 2897 2714; x_wconf 90' lang='lat' dir='ltr'>summa</span> <span class='ocrx_word' id='word_1_300' title='bbox 2927 2673 2988 2715; x_wconf 89' lang='lat' dir='ltr'>re</span> <span class='ocrx_word' id='word_1_301' title='bbox 3029 2668 3222 2715; x_wconf 86' lang='lat' dir='ltr'>auctor</span> <span class='ocrx_word' id='word_1_302' title='bbox 3251 2666 3308 2712; x_wconf 88' lang='lat' dir='ltr'>ut</span> 
     </span>
     <span class='ocr_line' id='line_1_28' title="bbox 719 2742 3306 2816; baseline -0.001 -18"><span class='ocrx_word' id='word_1_303' title='bbox 719 2745 1133 2816; x_wconf 85' lang='lat' dir='ltr'>grammaticum</span> <span class='ocrx_word' id='word_1_304' title='bbox 1176 2742 1357 2800; x_wconf 88' lang='lat' dir='ltr'>decuit</span> <span class='ocrx_word' id='word_1_305' title='bbox 1400 2745 1563 2800; x_wconf 86' lang='lat' dir='ltr'>aetati</span> <span class='ocrx_word' id='word_1_306' title='bbox 1606 2760 1737 2798; x_wconf 85' lang='lat' dir='ltr'>suae</span> <span class='ocrx_word' id='word_1_307' title='bbox 1780 2745 2032 2816; x_wconf 86' lang='lat' dir='ltr'>proprias</span> <span class='ocrx_word' id='word_1_308' title='bbox 2077 2746 2386 2800; x_wconf 88' lang='lat' dir='ltr'>notationes</span> <span class='ocrx_word' id='word_1_309' title='bbox 2417 2745 2590 2816; x_wconf 85' lang='lat' dir='ltr'>magis</span> <span class='ocrx_word' id='word_1_310' title='bbox 2631 2743 2848 2799; x_wconf 87' lang='lat' dir='ltr'>videtur</span> <span class='ocrx_word' id='word_1_311' title='bbox 2878 2746 3110 2800; x_wconf 82' lang='lat' dir='ltr'>evitasse</span> <span class='ocrx_word' id='word_1_312' title='bbox 3151 2759 3306 2816; x_wconf 88' lang='lat' dir='ltr'>quam</span> 
     </span>
     <span class='ocr_line' id='line_1_29' title="bbox 719 2846 1075 2903; baseline 0 -19"><span class='ocrx_word' id='word_1_313' title='bbox 719 2846 1075 2903; x_wconf 77' lang='lat' dir='ltr'>quaesivisse.</span> 
     </span>
    </p>
   </div>
   <div class='ocr_carea' id='block_1_3' title="bbox 1680 3013 1867 3022">
    <p class='ocr_par' dir='ltr' id='par_1_3' title="bbox 1680 3013 1867 3022">
     <span class='ocr_line' id='line_1_30' title="bbox 1680 3013 1867 3022; baseline -0.005 0"><span class='ocrx_word' id='word_1_314' title='bbox 1680 3013 1867 3022; x_wconf 50' lang='lat'>*—</span> 
     </span>
    </p>
   </div>
   <div class='ocr_carea' id='block_1_4' title="bbox 1763 3198 2268 3260">
    <p class='ocr_par' dir='ltr' id='par_1_4' title="bbox 1763 3198 2268 3260">
     <span class='ocr_line' id='line_1_31' title="bbox 1763 3198 2268 3260; baseline 0.002 -1"><span class='ocrx_word' id='word_1_315' title='bbox 1763 3198 2008 3260; x_wconf 80' lang='lat' dir='ltr'>NO&#39;rAS</span> <span class='ocrx_word' id='word_1_316' title='bbox 2053 3199 2268 3260; x_wconf 85' lang='lat' dir='ltr'>IVRIS.</span> 
     </span>
    </p>
   </div>
   <div class='ocr_carea' id='block_1_5' title="bbox 744 3371 3311 4693">
    <p class='ocr_par' dir='ltr' id='par_1_5' title="bbox 754 3371 3308 3568">
     <span class='ocr_line' id='line_1_32' title="bbox 854 3371 3308 3470; baseline -0 -24"><span class='ocrx_word' id='word_1_317' title='bbox 854 3387 935 3470; x_wconf 80' lang='grc' dir='ltr'>[Α</span> <span class='ocrx_word' id='word_1_318' title='bbox 1272 3386 1455 3448; x_wconf 86' lang='lat' dir='ltr'>Aulus</span> <span class='ocrx_word' id='word_1_319' title='bbox 1485 3390 1693 3448; x_wconf 81' lang='lat' dir='ltr'>inserit</span> <span class='ocrx_word' id='word_1_320' title='bbox 1723 3385 1794 3466; x_wconf 90' lang='lat' dir='ltr'>C]</span> <span class='ocrx_word' id='word_1_321' title='bbox 2071 3393 2105 3444; x_wconf 87' lang='lat'>9</span> <span class='ocrx_word' id='word_1_322' title='bbox 2140 3371 2397 3443; x_wconf 63' lang='grc' dir='ltr'>*ᾸῖἴὶΝ-</span> <span class='ocrx_word' id='word_1_323' title='bbox 2597 3387 3035 3448; x_wconf 88' lang='lat' dir='ltr'>amantissimus</span> <span class='ocrx_word' id='word_1_324' title='bbox 3057 3385 3308 3468; x_wconf 73' lang='lat' dir='ltr'>[·meM‘,</span> 
     </span>
     <span class='ocr_line' id='line_1_33' title="bbox 754 3475 2972 3568; baseline 0.001 -22"><span class='ocrx_word' id='word_1_325' title='bbox 754 3498 777 3546; x_wconf 92' lang='lat'>1</span> <span class='ocrx_word' id='word_1_326' title='bbox 818 3475 1028 3558; x_wconf 53' lang='lat' dir='ltr'>*AO-(3-</span> <span class='ocrx_word' id='word_1_327' title='bbox 1274 3490 1573 3568; x_wconf 84' lang='lat' dir='ltr'>Augustus</span> <span class='ocrx_word' id='word_1_328' title='bbox 2747 3506 2860 3549; x_wconf 87' lang='lat' dir='ltr'>om.</span> <span class='ocrx_word' id='word_1_329' title='bbox 2897 3487 2972 3568; x_wconf 82' lang='lat' dir='ltr'>C]</span> 
     </span>
    </p>

    <p class='ocr_par' dir='ltr' id='par_1_6' title="bbox 744 3577 3310 4179">
     <span class='ocr_line' id='line_1_34' title="bbox 854 3577 2698 3672; baseline 0.001 -24"><span class='ocrx_word' id='word_1_330' title='bbox 854 3577 1008 3672; x_wconf 66' lang='lat' dir='ltr'>[Kb-</span> <span class='ocrx_word' id='word_1_331' title='bbox 1274 3589 1538 3666; x_wconf 80' lang='lat' dir='ltr'>Augusto</span> <span class='ocrx_word' id='word_1_332' title='bbox 1576 3593 1784 3651; x_wconf 77' lang='lat' dir='ltr'>inserit</span> <span class='ocrx_word' id='word_1_333' title='bbox 1809 3589 1895 3670; x_wconf 79' lang='lat' dir='ltr'>B]</span> <span class='ocrx_word' id='word_1_334' title='bbox 2039 3595 2106 3646; x_wconf 88' lang='lat'>10</span> <span class='ocrx_word' id='word_1_335' title='bbox 2174 3582 2224 3646; x_wconf 76' lang='grc' dir='ltr'>Ᾰ</span> <span class='ocrx_word' id='word_1_336' title='bbox 2598 3597 2698 3652; x_wconf 89' lang='lat' dir='ltr'>aut</span> 
     </span>
     <span class='ocr_line' id='line_1_35' title="bbox 748 3677 2788 3772; baseline 0.002 -24"><span class='ocrx_word' id='word_1_337' title='bbox 748 3703 782 3748; x_wconf 82' lang='lat'>2</span> <span class='ocrx_word' id='word_1_338' title='bbox 816 3679 958 3750; x_wconf 55' lang='lat' dir='ltr'>*ss</span> <span class='ocrx_word' id='word_1_339' title='bbox 1278 3693 1523 3767; x_wconf 86' lang='lat' dir='ltr'>Augusti</span> <span class='ocrx_word' id='word_1_340' title='bbox 1574 3691 1864 3772; x_wconf 82' lang='lat' dir='ltr'>[Augusta</span> <span class='ocrx_word' id='word_1_341' title='bbox 1901 3691 1983 3772; x_wconf 87' lang='lat' dir='ltr'>C]</span> <span class='ocrx_word' id='word_1_342' title='bbox 2041 3698 2099 3749; x_wconf 92' lang='lat' dir='ltr'>ll</span> <span class='ocrx_word' id='word_1_343' title='bbox 2172 3677 2259 3749; x_wconf 75' lang='grc' dir='ltr'>Ᾰῖ</span> <span class='ocrx_word' id='word_1_344' title='bbox 2593 3701 2788 3753; x_wconf 90' lang='lat' dir='ltr'>autem</span> 
     </span>
     <span class='ocr_line' id='line_1_36' title="bbox 748 3778 2918 3875; baseline 0.001 -25"><span class='ocrx_word' id='word_1_345' title='bbox 748 3801 780 3850; x_wconf 83' lang='lat'><strong>3</strong></span> <span class='ocrx_word' id='word_1_346' title='bbox 816 3791 995 3851; x_wconf 61' lang='lat' dir='ltr'>*Ax-A·</span> <span class='ocrx_word' id='word_1_347' title='bbox 1031 3791 1111 3875; x_wconf 81' lang='grc' dir='ltr'>[Α</span> <span class='ocrx_word' id='word_1_348' title='bbox 1134 3791 1230 3872; x_wconf 93' lang='lat' dir='ltr'>M]</span> <span class='ocrx_word' id='word_1_349' title='bbox 1276 3793 1609 3870; x_wconf 86' lang='lat' dir='ltr'>Augustalis</span> <span class='ocrx_word' id='word_1_350' title='bbox 2043 3799 2104 3850; x_wconf 86' lang='lat'>12</span> <span class='ocrx_word' id='word_1_351' title='bbox 2139 3778 2307 3851; x_wconf 65' lang='grc' dir='ltr'>*Αἳῖ</span> <span class='ocrx_word' id='word_1_352' title='bbox 2599 3793 2918 3854; x_wconf 86' lang='lat' dir='ltr'>auctoritas</span> 
     </span>
     <span class='ocr_line' id='line_1_37' title="bbox 746 3881 3310 3977; baseline 0.002 -25"><span class='ocrx_word' id='word_1_353' title='bbox 746 3904 779 3952; x_wconf 86' lang='lat'><strong>4</strong></span> <span class='ocrx_word' id='word_1_354' title='bbox 815 3881 1026 3954; x_wconf 49' lang='lat' dir='ltr'>*AO-t}-</span> <span class='ocrx_word' id='word_1_355' title='bbox 1273 3894 1547 3956; x_wconf 87' lang='lat' dir='ltr'>Aurelius</span> <span class='ocrx_word' id='word_1_356' title='bbox 2041 3901 2103 3951; x_wconf 89' lang='lat'>13</span> <span class='ocrx_word' id='word_1_357' title='bbox 2172 3899 2326 3955; x_wconf 63' lang='lat' dir='ltr'>Nm·</span> <span class='ocrx_word' id='word_1_358' title='bbox 2355 3893 2555 3976; x_wconf 67' lang='lat' dir='ltr'>[AC’N</span> <span class='ocrx_word' id='word_1_359' title='bbox 2597 3899 2889 3958; x_wconf 86' lang='lat' dir='ltr'>actionem</span> <span class='ocrx_word' id='word_1_360' title='bbox 2915 3894 3092 3976; x_wconf 80' lang='lat' dir='ltr'>[post</span> <span class='ocrx_word' id='word_1_361' title='bbox 3115 3897 3154 3957; x_wconf 83' lang='lat'><strong>7</strong></span> <span class='ocrx_word' id='word_1_362' title='bbox 3186 3897 3310 3977; x_wconf 81' lang='lat' dir='ltr'>Rc]</span> 
     </span>
     <span class='ocr_line' id='line_1_38' title="bbox 744 3984 2558 4074; baseline -0.001 -18"><span class='ocrx_word' id='word_1_363' title='bbox 744 4007 778 4056; x_wconf 84' lang='lat'>5</span> <span class='ocrx_word' id='word_1_364' title='bbox 814 3984 965 4067; x_wconf 55' lang='lat' dir='ltr'>*ffi-</span> <span class='ocrx_word' id='word_1_365' title='bbox 1276 3999 1393 4074; x_wconf 85' lang='lat' dir='ltr'>agit</span> <span class='ocrx_word' id='word_1_366' title='bbox 2187 3999 2262 4064; x_wconf 80' lang='lat' dir='ltr'>R,</span> <span class='ocrx_word' id='word_1_367' title='bbox 2288 4004 2448 4054; x_wconf 58' lang='lat' dir='ltr'>acm</span> <span class='ocrx_word' id='word_1_368' title='bbox 2472 3999 2558 4065; x_wconf 82' lang='lat' dir='ltr'>M,</span> 
     </span>
     <span class='ocr_line' id='line_1_39' title="bbox 744 4083 2507 4179; baseline -0.001 -21"><span class='ocrx_word' id='word_1_369' title='bbox 744 4107 779 4158; x_wconf 91' lang='lat'><strong>6</strong></span> <span class='ocrx_word' id='word_1_370' title='bbox 848 4083 1003 4170; x_wconf 60' lang='grc' dir='ltr'>Ᾰῖγυ·</span> <span class='ocrx_word' id='word_1_371' title='bbox 1268 4117 1410 4178; x_wconf 84' lang='lat' dir='ltr'>ager</span> <span class='ocrx_word' id='word_1_372' title='bbox 1454 4097 1593 4178; x_wconf 88' lang='lat' dir='ltr'>[om.</span> <span class='ocrx_word' id='word_1_373' title='bbox 1628 4097 1764 4178; x_wconf 82' lang='lat' dir='ltr'>BC]</span> <span class='ocrx_word' id='word_1_374' title='bbox 2185 4107 2384 4157; x_wconf 69' lang='lat' dir='ltr'>Acom</span> <span class='ocrx_word' id='word_1_375' title='bbox 2429 4097 2507 4179; x_wconf 73' lang='lat' dir='ltr'>U]</span> 
     </span>
    </p>

    <p class='ocr_par' dir='ltr' id='par_1_7' title="bbox 850 4187 3311 4302">
     <span class='ocr_line' id='line_1_40' title="bbox 850 4187 3311 4302; baseline 0.004 -48"><span class='ocrx_word' id='word_1_376' title='bbox 850 4187 1023 4302; x_wconf 66' lang='grc' dir='ltr'>[Αξζρ</span> <span class='ocrx_word' id='word_1_377' title='bbox 1270 4219 1542 4297; x_wconf 57' lang='lat' dir='ltr'>adoptivo</span> <span class='ocrx_word' id='word_1_378' title='bbox 1598 4223 1707 4280; x_wconf 74' lang='lat' dir='ltr'>ins.</span> <span class='ocrx_word' id='word_1_379' title='bbox 1750 4219 1836 4293; x_wconf 56' lang='lat' dir='ltr'>R,</span> <span class='ocrx_word' id='word_1_380' title='bbox 1893 4218 1981 4292; x_wconf 49' lang='lat' dir='ltr'>cf·</span> <span class='ocrx_word' id='word_1_381' title='bbox 2036 4207 2100 4256; x_wconf 82' lang='lat'>14</span> <span class='ocrx_word' id='word_1_382' title='bbox 2168 4205 2378 4262; x_wconf 63' lang='lat' dir='ltr'><em>va</em></span> <span class='ocrx_word' id='word_1_383' title='bbox 2592 4202 2886 4262; x_wconf 87' lang='lat' dir='ltr'>actionem</span> <span class='ocrx_word' id='word_1_384' title='bbox 2911 4201 3164 4262; x_wconf 88' lang='lat' dir='ltr'>mandat</span> <span class='ocrx_word' id='word_1_385' title='bbox 3196 4203 3311 4284; x_wconf 83' lang='lat' dir='ltr'>[ar-</span> 
     </span>
    </p>

    <p class='ocr_par' dir='ltr' id='par_1_8' title="bbox 1420 4295 3272 4406">
     <span class='ocr_line' id='line_1_41' title="bbox 1420 4295 3272 4406; baseline 0.004 -48"><span class='ocrx_word' id='word_1_386' title='bbox 1420 4321 1595 4394; x_wconf 63' lang='lat' dir='ltr'>msra</span> <span class='ocrx_word' id='word_1_387' title='bbox 1635 4321 1696 4396; x_wconf 59' lang='lat' dir='ltr'>T,</span> <span class='ocrx_word' id='word_1_388' title='bbox 1712 4317 1824 4400; x_wconf 83' lang='lat'>27]</span> <span class='ocrx_word' id='word_1_389' title='bbox 2184 4301 2383 4406; x_wconf 55' lang='grc' dir='ltr'>[5,οΝ</span> <span class='ocrx_word' id='word_1_390' title='bbox 2417 4295 2489 4360; x_wconf 74' lang='grc' dir='ltr'>(ἦ</span> <span class='ocrx_word' id='word_1_391' title='bbox 2519 4303 2606 4384; x_wconf 87' lang='lat' dir='ltr'>R]</span> <span class='ocrx_word' id='word_1_392' title='bbox 2745 4305 2826 4363; x_wconf 91' lang='lat' dir='ltr'>tio</span> <span class='ocrx_word' id='word_1_393' title='bbox 2864 4304 3131 4365; x_wconf 87' lang='lat' dir='ltr'>mandati</span> <span class='ocrx_word' id='word_1_394' title='bbox 3169 4305 3272 4386; x_wconf 74' lang='lat' dir='ltr'>M]</span> 
     </span>
    </p>

    <p class='ocr_par' dir='ltr' id='par_1_9' title="bbox 745 4405 2748 4509">
     <span class='ocr_line' id='line_1_42' title="bbox 745 4405 2748 4509; baseline 0.001 -28"><span class='ocrx_word' id='word_1_395' title='bbox 745 4431 776 4481; x_wconf 91' lang='lat'><strong>7</strong></span> <span class='ocrx_word' id='word_1_396' title='bbox 847 4427 909 4486; x_wconf 62' lang='lat' dir='ltr'>A?</span> <span class='ocrx_word' id='word_1_397' title='bbox 954 4421 1076 4503; x_wconf 87' lang='grc' dir='ltr'>[Αο</span> <span class='ocrx_word' id='word_1_398' title='bbox 1114 4424 1189 4496; x_wconf 80' lang='lat' dir='ltr'>R,</span> <span class='ocrx_word' id='word_1_399' title='bbox 1274 4425 1425 4484; x_wconf 90' lang='lat' dir='ltr'>actio</span> <span class='ocrx_word' id='word_1_400' title='bbox 2037 4410 2100 4462; x_wconf 80' lang='lat'>15</span> <span class='ocrx_word' id='word_1_401' title='bbox 2169 4413 2302 4509; x_wconf 55' lang='lat' dir='ltr'>AR</span> <span class='ocrx_word' id='word_1_402' title='bbox 2593 4405 2748 4484; x_wconf 60' lang='grc' dir='ltr'>3ΡῑὶῑῙ</span> 
     </span>
    </p>

    <p class='ocr_par' dir='ltr' id='par_1_10' title="bbox 744 4505 3286 4693">
     <span class='ocr_line' id='line_1_43' title="bbox 866 4505 3286 4610; baseline 0.004 -48"><span class='ocrx_word' id='word_1_403' title='bbox 866 4533 961 4583; x_wconf 66' lang='lat' dir='ltr'>Ac</span> <span class='ocrx_word' id='word_1_404' title='bbox 995 4525 1138 4605; x_wconf 74' lang='lat' dir='ltr'>MC]</span> <span class='ocrx_word' id='word_1_405' title='bbox 2035 4512 2100 4565; x_wconf 86' lang='lat'>16</span> <span class='ocrx_word' id='word_1_406' title='bbox 2167 4515 2339 4610; x_wconf 52' lang='lat'>»433«</span> <span class='ocrx_word' id='word_1_407' title='bbox 2593 4507 2750 4587; x_wconf 88' lang='lat' dir='ltr'>apud</span> <span class='ocrx_word' id='word_1_408' title='bbox 2789 4516 2920 4568; x_wconf 89' lang='lat' dir='ltr'>acta</span> <span class='ocrx_word' id='word_1_409' title='bbox 2965 4505 3118 4588; x_wconf 86' lang='lat' dir='ltr'>[om.</span> <span class='ocrx_word' id='word_1_410' title='bbox 3157 4510 3286 4591; x_wconf 82' lang='lat' dir='ltr'>BC]</span> 
     </span>
     <span class='ocr_line' id='line_1_44' title="bbox 744 4607 3172 4693; baseline 0.004 -31"><span class='ocrx_word' id='word_1_411' title='bbox 744 4633 778 4683; x_wconf 80' lang='lat' dir='ltr'>g</span> <span class='ocrx_word' id='word_1_412' title='bbox 812 4612 995 4684; x_wconf 59' lang='lat' dir='ltr'>*Km-</span> <span class='ocrx_word' id='word_1_413' title='bbox 1274 4628 1497 4688; x_wconf 63' lang='lat' dir='ltr'>amicus</span> <span class='ocrx_word' id='word_1_414' title='bbox 2034 4615 2098 4666; x_wconf 88' lang='lat'>17</span> <span class='ocrx_word' id='word_1_415' title='bbox 2167 4616 2313 4691; x_wconf 69' lang='lat' dir='ltr'>App</span> <span class='ocrx_word' id='word_1_416' title='bbox 2589 4607 2847 4689; x_wconf 86' lang='lat' dir='ltr'>appellat</span> <span class='ocrx_word' id='word_1_417' title='bbox 2882 4609 3022 4691; x_wconf 89' lang='lat' dir='ltr'>[·tio</span> <span class='ocrx_word' id='word_1_418' title='bbox 3048 4613 3172 4693; x_wconf 78' lang='lat' dir='ltr'>M]</span> 
     </span>
    </p>
   </div>
   <div class='ocr_carea' id='block_1_6' title="bbox 812 4695 2870 4894">
    <p class='ocr_par' dir='ltr' id='par_1_11' title="bbox 812 4695 2870 4894">
     <span class='ocr_line' id='line_1_45' title="bbox 812 4695 2870 4809; baseline 0.003 -25"><span class='ocrx_word' id='word_1_419' title='bbox 812 4720 1103 4809; x_wconf 70' lang='grc' dir='ltr'>*[Αῶ·Ν</span> <span class='ocrx_word' id='word_1_420' title='bbox 1272 4731 1497 4789; x_wconf 86' lang='lat' dir='ltr'>amicus</span> <span class='ocrx_word' id='word_1_421' title='bbox 1573 4734 1773 4788; x_wconf 87' lang='lat' dir='ltr'>noster</span> <span class='ocrx_word' id='word_1_422' title='bbox 1866 4731 1977 4790; x_wconf 68' lang='grc' dir='ltr'>ἐπε.</span> <span class='ocrx_word' id='word_1_423' title='bbox 2033 4717 2098 4768; x_wconf 77' lang='lat'>¹8</span> <span class='ocrx_word' id='word_1_424' title='bbox 2131 4696 2322 4768; x_wconf 48' lang='grc' dir='ltr'>*Λᾶ</span> <span class='ocrx_word' id='word_1_425' title='bbox 2360 4695 2494 4792; x_wconf 50' lang='grc' dir='ltr'>[ἦ</span> <span class='ocrx_word' id='word_1_426' title='bbox 2515 4710 2597 4791; x_wconf 75' lang='lat' dir='ltr'>R]</span> <span class='ocrx_word' id='word_1_427' title='bbox 2630 4718 2870 4790; x_wconf 63' lang='lat' dir='ltr'>accepta</span> 
     </span>
     <span class='ocr_line' id='line_1_46' title="bbox 1418 4800 2827 4894; baseline 0.001 -21"><span class='ocrx_word' id='word_1_428' title='bbox 1418 4813 1617 4894; x_wconf 84' lang='lat' dir='ltr'><em>RVC]</em></span> <span class='ocrx_word' id='word_1_429' title='bbox 2034 4819 2099 4870; x_wconf 86' lang='lat'>19</span> <span class='ocrx_word' id='word_1_430' title='bbox 2134 4800 2333 4870; x_wconf 74' lang='grc' dir='ltr'>*Αδϊ</span> <span class='ocrx_word' id='word_1_431' title='bbox 2594 4814 2827 4876; x_wconf 88' lang='lat' dir='ltr'>adiutor</span> 
     </span>
    </p>
   </div>
  </div>
 </body>
</html>
