3434 5442
665 325 788 388 222
1145 307 1177 349 ⁴
1818 321 2105 404 [enom]

763 442 1108 496 p.1390.911‘.
2862 447 2909 487 ρ.
2936 433 3075 476 aus
3104 433 3153 474 1..

664 522 722 574 et
777 515 948 592 ‘pro
1005 511 1354 591 Iuppiter
1422 511 1561 572 ibit
1615 511 1737 572 hic
1788 512 1920 572 ait'
1980 518 2040 570 et
2088 511 2261 571 ‘hoc
2316 513 2481 570 erat
2528 506 2717 569 alma
2776 511 3108 588 parens’.
3196 507 3251 566 in

665 618 880 676 ceteris
923 624 1120 676 autem
1178 613 1445 692 partibus
1501 613 1785 674 orationis
1840 611 2141 691 duplicem·
2195 629 2315 672 non
2374 613 2605 690 optinet
2658 616 3029 688 potestatem.
3118 627 3251 670 nam

663 719 712 776 si
757 717 918 776 dicas
959 715 1108 777 ‘nec
1149 725 1277 777 erat
1320 715 1471 776 alma
1519 719 1789 793 parens',
1847 715 1997 774 ‘nec
2040 715 2175 783 ait',
2226 732 2336 792 pro
2381 731 2495 774 nna
2538 712 2709 781 cedit,
2758 719 2816 772 et
2855 712 2943 772 vis
2986 709 3083 771 illa
3127 712 3251 772 soni

662 819 860 878 deficit
909 819 1232 878 crassioris
1322 817 1360 877 h
1407 814 1663 878 litteram
1724 833 1859 876 vero
1921 817 2077 876 scire
2146 815 2433 876 debemus
2496 815 2875 874 consonantis
2935 813 3065 873 loeo
3116 816 3253 891 poni

611 950 636 986 5
663 936 782 979 non
831 936 1023 996 posse,
1073 921 1206 998 quia
1247 927 1384 979 nota
1427 925 1516 979 est
1558 917 1928 996 aspirationis
1962 935 2143 996 quam
2178 917 2364 978 solida
2406 917 2615 984 littera,
2657 933 2835 994 qnam
2878 916 3095 977 Graeci
3136 931 3253 974 non

663 1022 849 1097 figura
895 1020 1088 1100 aliqua
1134 1020 1364 1082 litterae
1404 1039 1579 1100 quam
1627 1018 1794 1080 titulo
1836 1019 2327 1098 pronuntiationis
2372 1017 2707 1078 ostendunt.

831 1125 1093 1185 Graecae
1155 1123 1384 1184 litterae
1443 1122 1596 1183 duae
1651 1129 1791 1182 sunt
1850 1121 1909 1181 in
1965 1122 2233 1182 oratione
2286 1120 2643 1187 Latinitatis,
2702 1137 2739 1197 y
2778 1125 2839 1178 et
2880 1137 2943 1187 z,
3006 1136 3251 1196 quarum

661 1225 889 1286 diversa
933 1233 1143 1286 natura
1190 1232 1295 1286 est.
1383 1243 1420 1304 y
1459 1227 1614 1286 enim
1659 1222 1876 1284 vocalis
1914 1231 2030 1293 est,
2078 1242 2229 1302 quae
2272 1230 2334 1283 et
2378 1223 2624 1301 produci
2666 1231 2727 1280 et
2766 1220 2987 1297 corripi
3036 1223 3251 1299 possit:

665 1327 1018 1406 producitur
1068 1329 1130 1386 in
1182 1327 1328 1396 hoc,
1380 1330 1602 1404 ‘quos
1661 1343 1895 1404 neque
1946 1326 2341 1405 Tydides’3
2412 1325 2733 1402 corripitur
2790 1323 2849 1382 in
2902 1321 3051 1391 hoc,
3113 1324 3253 1382 ‘sic

591 1451 637 1490 ιο
665 1429 948 1489 demum
1014 1428 1224 1489 lucos
1289 1428 1640 1506 Stygiae'.
1732 1447 1763 1486 z
1825 1433 2023 1488 autem
2084 1445 2417 1488 consonans
2486 1433 2591 1486 est.
2678 1425 2787 1486 has
2844 1425 3129 1486 Latinitas
3182 1424 3253 1485 de

662 1532 889 1591 Graeco
930 1531 1090 1589 sonte
1135 1530 1414 1590 derivavit
1459 1547 1574 1588 non
1615 1546 1861 1590 suorum
1902 1526 2269 1610 necessiltate
2314 1526 2631 1588 verborum
2674 1545 2853 1606 quam
2884 1527 3249 1588 Graecorum

663 1633 966 1692 nominum
1023 1633 1270 1692 ratione.
1361 1631 1462 1692 sed
1522 1651 1552 1691 z
1610 1629 1800 1692 littera
1866 1631 2019 1709 apud
2076 1632 2335 1692 Graecos
2398 1629 2611 1706 duplex
2666 1635 2783 1696 est;
2854 1629 2933 1688 ita
2982 1636 3045 1688 et
3100 1627 3251 1704 apud

593 1735 620 1753 ⁶
663 1733 902 1796 Latinos
945 1733 1256 1802 invenitur,
1291 1740 1357 1794 ut
1401 1741 1487 1793 est

967 1842 1606 1914 contemptorque
1653 1835 1863 1898 deum
1910 1834 2318 1897 Mezentius

587 1957 634 1996 15
663 1943 724 1996 et

966 2046 1036 2100 at
1076 2038 1356 2100 medias
1400 2040 1598 2100 inter
1645 2039 1917 2100 caedes
1956 2037 2240 2100 eiultat
2282 2040 2619 2099 Amazon.

1388 2208 1516 2269 -DE
1561 2208 1917 2271 SYLLABIS
1962 2207 2498 2271 NATVRALIBVS.

830 2344 1058 2408 vocalis
1095 2343 1288 2406 littera
1322 2350 1568 2406 naturae
1613 2347 1885 2413 deservit,
1934 2362 2267 2406 consonans
2310 2343 2602 2423 positioni.
2674 2361 2743 2402 ex
2789 2341 2983 2402 littera
3032 2339 3255 2421 syllaba

665 2449 953 2516 nascitur,
1010 2465 1078 2508 ex
1125 2445 1344 2524 syllaba
1396 2464 1529 2525 pes,
1587 2466 1658 2507 ex
1705 2446 1857 2525 pede
1901 2464 2162 2514 comma,
2212 2465 2281 2506 ex
2330 2452 2623 2506 commate
2666 2462 2905 2512 versus,
2962 2463 3037 2505 ex
3081 2461 3255 2504 versu

586 2567 637 2606 20
665 2547 855 2617 colon,
899 2567 968 2608 ex
1012 2547 1143 2608 colo
1185 2549 1484 2627 periodos.
1544 2566 1775 2609 comma
1822 2555 1925 2616 est,
1976 2545 2095 2628 [ut]
2144 2565 2279 2608 cum
2322 2546 2608 2627 particula
2653 2563 2860 2606 versus
2892 2547 3007 2606 vim
3046 2563 3257 2605 sensus

662 2648 935 2716 ostendit,
981 2655 1048 2707 ut
1087 2651 1160 2708 ‘o
1206 2653 1488 2726 patei-’3
1535 2648 1725 2720 colon,
1772 2667 1906 2711 cum
1948 2651 2009 2709 in
2046 2650 2161 2710 fine
2194 2666 2403 2711 versus
2440 2669 2509 2710 ex
2550 2651 2801 2710 maxima
2835 2655 3005 2726 parte
3046 2665 3258 2707 sensus

661 2748 1051 2820 concluditur,
1096 2758 1162 2810 ut

966 2870 1002 2911 o
1046 2860 1287 2929 pater,
1335 2871 1370 2912 ο
1415 2853 1793 2916 hominum
1838 2869 2242 2932 rerumque
2285 2873 2336 2916 a.
2378 2871 2435 2933 p.

661 2954 936 3032 periodos
991 2962 1111 3022 est,
1180 2971 1314 3016 cum
1361 2962 1698 3033 protractus
1752 2973 1857 3038 per
1904 2953 2087 3017 multa
2145 2973 2355 3018 sensus
2410 2955 2681 3035 sequenti
2728 2970 2899 3016 versu
2958 2951 3201 3031 plenius
3238 2949 3259 3032 {l

582 3075 634 3114 25
661 3055 1002 3134 explicatur,
1048 3061 1114 3115 ut

965 3175 1002 3217 o
1044 3165 1284 3235 pater,
1333 3178 1367 3219 o
1407 3159 1783 3220 hominum
1826 3177 2233 3237 rerumque
2276 3168 2581 3221 aeterna
2625 3165 3001 3238 potestas:

964 3277 1277 3338 namque
1320 3260 1520 3323 aliud
1569 3261 1749 3341 quid
1789 3261 1920 3331 sit,
1970 3261 2161 3342 quod
2206 3264 2345 3322 iam
2384 3260 2777 3340 inplorare
2823 3260 3231 3339 queamus?

659 3367 866 3424 natura
913 3360 1270 3439 syllabarum
1326 3361 1594 3424 brevium
1652 3369 1830 3440 atque
1884 3363 2195 3440 longarum
2250 3365 2307 3424 in
2352 3362 2691 3424 nominibus
2734 3363 3067 3440 ceterisque
3120 3379 3259 3421 ora·

658 3463 834 3523 tionis
887 3460 1154 3540 partibus
1198 3463 1315 3541 ’per
1369 3462 1639 3524 ordinem
1695 3463 1857 3524 nulla
1915 3473 2111 3543 potest
2174 3467 2401 3526 ratione
2451 3467 2593 3524 artis
2648 3463 3089 3543 conprehendi,
3154 3463 3259 3524 sed

581 3582 632 3621 ιω
658 3562 782 3624 sola
823 3564 1169 3625 auctoritate
1211 3566 1546 3642 investigari
1591 3573 1800 3643 potest.
1889 3583 2085 3645 neque
2130 3568 2285 3628 enim
2333 3567 2593 3627 omnium
2640 3567 2943 3626 nominum
2988 3565 3257 3628 Graeco-

659 3681 790 3725 rum
835 3671 1010 3743 atque
1053 3671 1394 3726 nostrorum
1430 3684 1745 3745 possumus
1783 3685 2100 3729 numerum
2136 3667 2625 3748 conprehendere
2654 3667 3044 3728 diversorum.
3106 3685 3259 3743 ergo

657 3765 793 3826 licet
837 3765 1127 3843 profunda
1173 3769 1248 3828 sit
1291 3777 1467 3846 atque
1518 3767 1771 3830 difficilis
1828 3771 1978 3830 ratio
2030 3768 2387 3849 syllabarum
2434 3767 2791 3830 naturalium
2838 3771 2951 3830 vim
2998 3769 3258 3848 qualita-

657 3875 894 3944 temque
960 3875 1318 3939 monstrare,
1393 3877 1590 3932 tamen
1655 3871 1729 3931 de
1796 3873 2115 3950 postremis
2185 3870 2422 3950 syllabis
2488 3869 2844 3950 regulariter
2910 3870 3257 3949 disputabo.

657 3967 876 4048 syllaba
933 3969 1280 4031 naturaliter
1341 3970 1518 4048 longa
1585 3978 1674 4033 est
1735 3978 2011 4052 quattuor
2060 3973 2268 4033 modis.
2360 3990 2429 4034 ea
2490 3973 2646 4033 enim
2702 3979 2804 4033 aut
2862 3977 3093 4032 constat
3158 3979 3262 4033 aut

579 4087 629 4126 35
659 4071 861 4149 incipit
896 4076 996 4131 aut
1031 4069 1210 4133 habet
1247 4079 1350 4132 aut
1392 4072 1623 4134 desinit.
1715 4079 1942 4134 constat
1990 4071 2223 4146 dicitur,
2270 4075 2509 4152 quando
2543 4074 2669 4136 sola
2712 4071 2933 4136 vocalis
2962 4072 3257 4153 syllabam

657 4173 812 4242 facit,
862 4179 926 4233 ut
969 4173 1040 4232 ‘o
1084 4174 1384 4235 decus':
1433 4175 1651 4254 incipit,
1701 4192 1837 4236 cum
1873 4176 1933 4235 in
1971 4177 2261 4256 principio
2302 4175 2561 4256 syllabae
2590 4176 2785 4247 suerit,
2832 4183 2899 4237 ut
2940 4176 3065 4236 ‘en
3116 4192 3260 4254 ego

797 4377 822 4429 1
865 4373 984 4443 pro}
1032 4379 1190 4445 Ver-9.
1225 4379 1356 4432 Aen.
1398 4381 1486 4429 1111
1519 4379 1624 4431 590
1796 4379 1895 4431 hoc
1930 4377 2057 4444 erat]
2106 4381 2261 4445 Ver-9.
2298 4380 2431 4432 Aen.
2462 4382 2505 4429 ll
2542 4381 2647 4432 664
2842 4381 2874 4432 5
2914 4381 3261 4446 aspirationis

655 4463 755 4498 non
793 4447 962 4498 solida
997 4463 1031 4504 3
1205 4463 1306 4498 non
1343 4457 1444 4499 tam
1483 4449 1650 4514 figura
1687 4463 1721 4504 3
1894 4448 1929 4498 9
1964 4447 2114 4514 quos]
2163 4451 2321 4515 Verq.
2362 4449 2495 4500 Aen.
2534 4451 2579 4499 ll
2618 4450 2717 4502 197
2938 4449 3040 4516 sie]
3086 4453 3259 4515 Ver-9.

653 4518 786 4570 Aen.
824 4519 889 4568 Vl
932 4518 1030 4568 154
1175 4518 1238 4569 10
1271 4519 1415 4569 lucus
1453 4521 1654 4584 stygiae
1689 4519 2003 4570 Parrhasius
2056 4519 2197 4568 lucos
2232 4521 2431 4585 stygios
2463 4519 2619 4571 editio
2656 4519 2975 4570 Ascendana
3162 4520 3261 4569 has

656 4586 881 4638 latinitas
917 4601 952 4643 3
986 4587 1078 4636 has
1112 4587 1293 4638 latinas
1331 4589 1380 4638 B
1525 4588 1583 4638 11
1640 4603 1741 4638 non
1773 4599 1873 4638 tam
1904 4604 2111 4638 suoi-mn
2150 4603 2183 4644 3
2326 4591 2389 4639 14
2426 4586 2863 4653 contemptorque]
2914 4591 3073 4655 Vera.
3112 4591 3257 4644 Aen.

655 4657 772 4704 vm
808 4660 838 4707 7
1053 4659 1116 4709 16
1163 4659 1230 4708 ad
1267 4659 1464 4708 medias
1501 4659 1578 4708 B:
1621 4659 1777 4721 Very.
1818 4659 1947 4710 Aen.
1988 4659 2059 4707 Xl
2094 4658 2199 4709 648
2414 4658 2479 4708 18
2526 4669 2737 4708 naturae
2769 4670 2803 4715 3
2840 4668 3025 4708 natura
3064 4660 3115 4709 B

654 4725 718 4774 21
765 4741 794 4772 o
837 4721 999 4790 pater]
1043 4729 1202 4792 Vero.
1241 4729 1370 4780 Aen.
1409 4729 1456 4776 X
1493 4728 1555 4778 18
1764 4729 1831 4778 27
1884 4729 2020 4790 qnod
2057 4729 2155 4777 iam
2191 4729 2289 4776 iam
2327 4728 2585 4793 inplorare
2624 4729 2675 4776 B
2884 4729 2954 4780 36
3001 4742 3033 4778 o
3066 4727 3259 4794 decus]

665 4797 822 4856 Ver-51.
857 4811 1031 4858 fleury.
1076 4798 1112 4844 ll
1153 4797 1222 4846 40
1363 4795 1445 4860 eu]
1493 4800 1648 4862 Verq.
1691 4799 1815 4846 Aen.
1862 4799 1949 4847 Vll
1989 4799 2089 4848 452
