3434 5442
630 333 752 396 366
1619 301 1624 306 ’
1784 323 2063 390 noum

629 528 750 580 tur
795 514 1234 594 gradibus';
1281 513 1390 574 suh
1437 512 1670 574 ablativi
1717 529 1917 583 casuS,
1976 517 2208 574 ‘arma
2254 512 2385 573 sub
2430 511 2745 574 adversa
2789 513 3051 592 posuit
3111 529 3225 572 ra-

629 616 913 678 diantia
959 618 1300 696 quereu’.
1375 617 1566 694 Super
1609 633 1783 693 quam
1830 616 1943 675 vim
1994 613 2210 675 habet?
2281 614 2389 675 Vbi
2433 613 2627 675 locum
2672 615 2998 692 significat,
3048 614 3227 692 magis

629 720 955 779 accusativo
1021 719 1181 778 casui
1239 719 1420 777 servit
1475 736 1650 797 quam
1707 715 1991 786 ablativo;
2057 716 2159 777 ubi
2224 719 2583 778 mentionem
2647 715 2891 776 alicuius
2960 715 3224 784 facimus,

629 818 878 880 ablativo
924 828 1180 889 tantum,
1227 827 1294 880 ut
1338 818 1603 879 ‘multa
1649 835 1874 896 super
1920 819 2209 880 Priamo
2254 819 2655 897 rogitans’.
2746 818 2811 879 ln
2871 835 3058 898 quam
3116 819 3225 877 vim

575 920 836 981 shahet?
924 923 1112 982 Etiam
1161 929 1284 984 tum
1345 922 1675 981 accusativo
1734 921 1894 980 casui
1950 922 2156 990 servit,
2214 939 2349 982 cuni
2404 921 2695 997 signifieat
2750 929 2991 989 contra,
3052 929 3117 981 ut
3168 922 3223 980 in

627 1022 988 1094 adulterum,
1034 1025 1094 1082 in
1142 1022 1528 1084 desertorem.
1605 1022 1823 1084 Subter
1868 1040 2042 1101 quam
2088 1025 2203 1083 vim
2250 1021 2463 1082 habet?
2522 1023 2782 1084 Eandem
2828 1042 3013 1103 quam
3055 1041 3223 1106 supe-

627 1127 819 1185 riores
865 1125 934 1185 ad
984 1125 1176 1186 locum
1224 1132 1283 1185 et
1327 1126 1387 1183 in
1433 1123 1563 1184 loco
1619 1125 2037 1202 significantes,
2131 1122 2292 1193 Quae
2351 1126 2821 1204 praepositiones
2877 1133 3025 1186 sunt
3080 1142 3223 1204 quae

628 1225 984 1286 dictionibus
1028 1228 1291 1288 serviunt
1335 1233 1393 1286 ct
1436 1228 1702 1305 separari
1748 1244 1868 1286 non
1910 1227 2191 1304 possunt?
2278 1226 2346 1285 Di
2394 1225 2485 1286 dis
2527 1244 2595 1286 re
2640 1245 2703 1286 se
2752 1244 2843 1286 am
2890 1245 3033 1287 con.
3103 1225 3223 1295 Quo

625 1327 842 1388 modo?
902 1329 1157 1388 Dicimus
1203 1329 1360 1387 euim
1407 1325 1620 1386 diduco
1667 1327 1929 1387 distraho
1960 1328 2183 1406 recipio
2228 1327 2447 1388 secubo
2490 1326 2815 1408 amplector
2844 1327 3219 1406 congredior.

552 1445 600 1484 ιο
627 1428 788 1499 Quae
834 1437 972 1490 sunt
1015 1445 1164 1506 quae
1211 1431 1489 1504 coniungi
1536 1446 1654 1487 non
1699 1429 1980 1506 possunt?
2054 1428 2220 1508 Apud
2268 1438 2327 1489 et
2370 1447 2569 1508 penes,
2643 1432 2805 1502 Quae
2850 1431 3221 1508 coniungun-

627 1540 724 1592 tur
769 1539 827 1590 et
871 1531 1255 1610 separantur?
1342 1530 1624 1609 Reliquae
1669 1548 1895 1590 omneS.

1549 1699 1666 1764 DE·
1689 1699 2291 1762 INTERlECTIONE.

796 1836 1132 1899 Interiectio
1177 1835 1316 1916 quid
1365 1837 1489 1896 est?
1576 1835 1723 1897 Pars
1767 1837 2049 1896 orationis
2104 1837 2441 1914 significans
2499 1837 2715 1897 mentis
2758 1837 3041 1898 affectum
3090 1855 3221 1896 voce

627 1936 946 1999 incondita.
1035 1939 1436 1999 Interiectioni
1477 1936 1616 2017 quid
1661 1936 1911 1998 accidit?
1984 1937 2237 1998 Tantum
2284 1939 2649 2016 significatio.
2726 1939 3096 2017 Significatio
3138 1941 3220 1998 in-

551 2055 598 2094 15
628 2041 990 2100 teriectionis
1033 2041 1095 2100 in
1140 2057 1256 2118 quo
1303 2041 1426 2100 est?
1514 2040 1660 2110 Quia
1705 2046 1805 2099 aut
1848 2037 2128 2100 laetitiam
2174 2040 2599 2118 significamus,
2649 2049 2714 2102 ut
2760 2058 2931 2110 evax,
2984 2047 3088 2102 aut
3126 2039 3220 2100 do-

625 2141 843 2212 lorem,
889 2150 956 2202 ut
999 2142 1142 2214 heu,
1191 2150 1292 2203 aut
1336 2141 1817 2212 admirationem,
1864 2148 1930 2202 ut
1960 2159 2175 2222 papae,
2224 2149 2324 2203 aut
2354 2149 2605 2212 metum,
2654 2149 2717 2203 ut
2746 2150 2918 2212 attat,
2956 2152 3019 2203 et
3062 2144 3219 2221 siqua

623 2251 761 2304 sunt
804 2244 1031 2306 similia.

770 2431 791 2479 1
846 2429 1005 2497 arma]
1061 2433 1216 2496 Ver-90
1243 2432 1374 2484 Aen.
1417 2431 1535 2480 vlu
1573 2430 1675 2480 616
1851 2431 1884 2480 4
1921 2428 2099 2497 multa]
2152 2432 2308 2496 Vere.
2348 2432 2481 2484 Aen.
2518 2433 2539 2482 Ι
2578 2433 2679 2483 750
2855 2433 3095 2498 rogitans
3132 2431 3220 2482 sub

625 2499 828 2549 hectore
866 2502 1020 2550 multa
1057 2501 1154 2549 hoc
1193 2510 1267 2550 est
1302 2503 1366 2551 de
1404 2502 1601 2564 priamo
1656 2509 1704 2549 et
1758 2500 1961 2550 hectore
2006 2501 2066 2549 M
2118 2503 2347 2567 rogitans
2402 2502 2496 2551 hoc
2547 2513 2624 2554 est
2674 2503 2739 2551 de
2777 2503 2979 2567 priamo
3018 2501 3063 2551 S

623 2569 657 2618 5
695 2572 844 2618 etiam
886 2579 1004 2619 tune
1043 2571 1146 2618 MS
1297 2570 1331 2619 6
1367 2585 1518 2632 quam
1553 2580 1600 2620 et
1639 2572 1933 2634 superiores
1972 2571 2033 2618 M
2190 2573 2221 2622 7
2256 2587 2384 2634 quae
2421 2581 2539 2622 sunt
2578 2572 2991 2638 praepositiones
3028 2587 3159 2635 quse
3192 2587 3219 2619 a

626 2638 931 2688 dictionibus
969 2641 1195 2704 separari
1249 2654 1348 2690 nou
1399 2648 1615 2704 possunt
1655 2640 1721 2688 M
1760 2655 1889 2704 quae
1925 2641 2331 2704 praepositiones
2381 2651 2499 2692 sunt
2538 2657 2670 2704 quae
2717 2657 2746 2690 a
2785 2643 3031 2691 dictionis
3078 2657 3220 2706 sepe-

624 2709 728 2756 rari
769 2723 867 2758 non
905 2717 1120 2773 possunt
1157 2709 1199 2758 S
1368 2711 1402 2762 9
1441 2709 1664 2760 Dicimus
1703 2711 1835 2758 enim
1872 2724 1963 2758 om.
2006 2710 2110 2771 LS,
2164 2711 2287 2760 add.
2330 2711 2391 2760 M
2556 2709 2783 2762 distraho
2824 2711 2889 2760 M
2938 2713 3136 2762 disti-ao
3176 2713 3219 2760 L

623 2777 816 2828 distruo
856 2777 896 2826 S
1070 2778 1133 2829 10
1171 2794 1300 2842 quae
1338 2779 1483 2843 iungi
1524 2779 1628 2828 MS
1767 2780 2093 2845 coniungitur
2136 2780 2195 2829 M
2230 2780 2509 2847 iunguntur
2542 2781 2647 2843 Lx,
2690 2795 2783 2832 om.
2826 2780 2869 2830 S
3018 2783 3084 2832 15
3120 2781 3217 2829 lae-

624 2846 786 2898 titiam
825 2849 1005 2897 mentis
1039 2849 1384 2914 significamus
1423 2849 1488 2896 M
