<?xml version="1.0" encoding="UTF-8"?>
<!DOCTYPE html PUBLIC "-//W3C//DTD XHTML 1.0 Transitional//EN"
    "http://www.w3.org/TR/xhtml1/DTD/xhtml1-transitional.dtd">
<html xmlns="http://www.w3.org/1999/xhtml" xml:lang="en" lang="en">
 <head>
  <title>
</title>
<meta http-equiv="Content-Type" content="text/html;charset=utf-8" />
  <meta name='ocr-system' content='tesseract 3.04.00' />
  <meta name='ocr-capabilities' content='ocr_page ocr_carea ocr_par ocr_line ocrx_word'/>
</head>
<body>
  <div class='ocr_page' id='page_1' title='image "./grammaticilatin01unkngoog_0494.png"; bbox 0 0 3434 5442; ppageno 0'>
   <div class='ocr_carea' id='block_1_1' title="bbox 1097 318 2763 478">
    <p class='ocr_par' dir='ltr' id='par_1_1' title="bbox 1097 318 2763 478">
     <span class='ocr_line' id='line_1_1' title="bbox 1097 318 2763 386; baseline 0 0"><span class='ocrx_word' id='word_1_1' title='bbox 1097 321 1326 386; x_wconf 84' lang='lat' dir='ltr'>COMM.</span> <span class='ocrx_word' id='word_1_2' title='bbox 1375 321 1450 384; x_wconf 85' lang='grc' dir='ltr'><strong>ΙΝ</strong></span> <span class='ocrx_word' id='word_1_3' title='bbox 1497 318 1855 382; x_wconf 73' lang='lat' dir='ltr'><strong>DONATVM</strong></span> <span class='ocrx_word' id='word_1_4' title='bbox 2642 323 2763 386; x_wconf 84' lang='lat'><strong>433</strong></span> 
     </span>
     <span class='ocr_line' id='line_1_2' title="bbox 2308 424 2663 478; baseline 0.006 -12"><span class='ocrx_word' id='word_1_5' title='bbox 2308 437 2352 478; x_wconf 84' lang='lat' dir='ltr'><strong>p.</strong></span> <span class='ocrx_word' id='word_1_6' title='bbox 2390 424 2589 468; x_wconf 73' lang='lat'>1843-15</span> <span class='ocrx_word' id='word_1_7' title='bbox 2614 424 2663 468; x_wconf 82' lang='lat' dir='ltr'><strong>P.</strong></span> 
     </span>
    </p>
   </div>
   <div class='ocr_carea' id='block_1_2' title="bbox 189 504 2859 4251">
    <p class='ocr_par' dir='ltr' id='par_1_2' title="bbox 189 504 2853 1606">
     <span class='ocr_line' id='line_1_3' title="bbox 194 504 2765 590; baseline -0.003 -18"><span class='ocrx_word' id='word_1_8' title='bbox 194 510 390 590; x_wconf 79' lang='lat' dir='ltr'>tellegi</span> <span class='ocrx_word' id='word_1_9' title='bbox 437 510 643 582; x_wconf 88' lang='lat' dir='ltr'><strong>debet,</strong></span> <span class='ocrx_word' id='word_1_10' title='bbox 689 517 756 572; x_wconf 88' lang='lat' dir='ltr'><strong>ut</strong></span> <span class='ocrx_word' id='word_1_11' title='bbox 796 507 970 572; x_wconf 89' lang='lat' dir='ltr'><strong>liceat</strong></span> <span class='ocrx_word' id='word_1_12' title='bbox 1015 509 1182 570; x_wconf 87' lang='lat' dir='ltr'><strong>nobis</strong></span> <span class='ocrx_word' id='word_1_13' title='bbox 1227 525 1442 569; x_wconf 90' lang='lat' dir='ltr'><strong>nomen</strong></span> <span class='ocrx_word' id='word_1_14' title='bbox 1486 525 1825 587; x_wconf 82' lang='lat' dir='ltr'><strong>conponere</strong></span> <span class='ocrx_word' id='word_1_15' title='bbox 1861 506 1981 574; x_wconf 90' lang='lat' dir='ltr'><strong>bis,</strong></span> <span class='ocrx_word' id='word_1_16' title='bbox 2028 504 2131 567; x_wconf 89' lang='lat' dir='ltr'><strong>sed</strong></span> <span class='ocrx_word' id='word_1_17' title='bbox 2174 505 2255 566; x_wconf 91' lang='lat' dir='ltr'><strong>ita</strong></span> <span class='ocrx_word' id='word_1_18' title='bbox 2298 511 2364 566; x_wconf 88' lang='lat' dir='ltr'><strong>ut</strong></span> <span class='ocrx_word' id='word_1_19' title='bbox 2391 506 2581 585; x_wconf 88' lang='lat' dir='ltr'><strong>prima</strong></span> <span class='ocrx_word' id='word_1_20' title='bbox 2626 523 2765 566; x_wconf 90' lang='lat' dir='ltr'><strong>con-</strong></span> 
     </span>
     <span class='ocr_line' id='line_1_4' title="bbox 192 607 2767 690; baseline -0.002 -16"><span class='ocrx_word' id='word_1_21' title='bbox 192 613 408 690; x_wconf 79' lang='lat' dir='ltr'>positio</span> <span class='ocrx_word' id='word_1_22' title='bbox 451 630 688 674; x_wconf 87' lang='lat' dir='ltr'><strong>sensum</strong></span> <span class='ocrx_word' id='word_1_23' title='bbox 737 613 990 672; x_wconf 88' lang='lat' dir='ltr'><strong>nominis</strong></span> <span class='ocrx_word' id='word_1_24' title='bbox 1043 613 1103 672; x_wconf 91' lang='lat' dir='ltr'><strong>in</strong></span> <span class='ocrx_word' id='word_1_25' title='bbox 1159 613 1520 672; x_wconf 87' lang='lat' dir='ltr'><strong>contrarium</strong></span> <span class='ocrx_word' id='word_1_26' title='bbox 1581 627 1700 671; x_wconf 90' lang='lat' dir='ltr'><strong>non</strong></span> <span class='ocrx_word' id='word_1_27' title='bbox 1744 615 1960 678; x_wconf 89' lang='lat' dir='ltr'><strong>vertat,</strong></span> <span class='ocrx_word' id='word_1_28' title='bbox 2020 607 2275 668; x_wconf 79' lang='lat' dir='ltr'><strong>secunda</strong></span> <span class='ocrx_word' id='word_1_29' title='bbox 2322 615 2515 668; x_wconf 87' lang='lat' dir='ltr'><strong>autem</strong></span> <span class='ocrx_word' id='word_1_30' title='bbox 2560 614 2767 680; x_wconf 86' lang='lat' dir='ltr'><strong>vertat,</strong></span> 
     </span>
     <span class='ocr_line' id='line_1_5' title="bbox 192 709 2769 794; baseline -0.001 -20"><span class='ocrx_word' id='word_1_31' title='bbox 192 723 255 774; x_wconf 90' lang='lat' dir='ltr'><strong>ut</strong></span> <span class='ocrx_word' id='word_1_32' title='bbox 299 715 545 776; x_wconf 86' lang='lat' dir='ltr'><strong>territus</strong></span> <span class='ocrx_word' id='word_1_33' title='bbox 586 713 1024 794; x_wconf 78' lang='lat' dir='ltr'><strong>inperterritus,</strong></span> <span class='ocrx_word' id='word_1_34' title='bbox 1111 710 1253 773; x_wconf 91' lang='lat' dir='ltr'><strong>illud</strong></span> <span class='ocrx_word' id='word_1_35' title='bbox 1311 714 1468 774; x_wconf 91' lang='lat' dir='ltr'><strong>enim</strong></span> <span class='ocrx_word' id='word_1_36' title='bbox 1523 711 1692 774; x_wconf 88' lang='lat' dir='ltr'><strong>nobis</strong></span> <span class='ocrx_word' id='word_1_37' title='bbox 1748 730 1867 774; x_wconf 86' lang='lat' dir='ltr'><strong>non</strong></span> <span class='ocrx_word' id='word_1_38' title='bbox 1913 709 2053 772; x_wconf 90' lang='lat' dir='ltr'><strong>licet</strong></span> <span class='ocrx_word' id='word_1_39' title='bbox 2096 709 2320 780; x_wconf 83' lang='lat' dir='ltr'><strong>facere,</strong></span> <span class='ocrx_word' id='word_1_40' title='bbox 2366 717 2433 770; x_wconf 88' lang='lat' dir='ltr'><strong>ut</strong></span> <span class='ocrx_word' id='word_1_41' title='bbox 2474 729 2585 790; x_wconf 87' lang='lat' dir='ltr'><strong>per</strong></span> <span class='ocrx_word' id='word_1_42' title='bbox 2628 728 2769 770; x_wconf 90' lang='lat' dir='ltr'><strong>con-</strong></span> 
     </span>
     <span class='ocr_line' id='line_1_6' title="bbox 191 813 2773 897; baseline -0.002 -21"><span class='ocrx_word' id='word_1_43' title='bbox 191 817 548 896; x_wconf 88' lang='lat' dir='ltr'><strong>positionem</strong></span> <span class='ocrx_word' id='word_1_44' title='bbox 605 817 856 897; x_wconf 83' lang='lat' dir='ltr'><strong>primam</strong></span> <span class='ocrx_word' id='word_1_45' title='bbox 915 831 1266 876; x_wconf 86' lang='lat' dir='ltr'><strong>conversum</strong></span> <span class='ocrx_word' id='word_1_46' title='bbox 1321 815 1383 874; x_wconf 89' lang='lat' dir='ltr'><strong>in</strong></span> <span class='ocrx_word' id='word_1_47' title='bbox 1440 814 1796 875; x_wconf 86' lang='lat' dir='ltr'><strong>contrariam</strong></span> <span class='ocrx_word' id='word_1_48' title='bbox 1852 813 2336 892; x_wconf 82' lang='lat' dir='ltr'><strong>significationem</strong></span> <span class='ocrx_word' id='word_1_49' title='bbox 2395 830 2609 874; x_wconf 90' lang='lat' dir='ltr'><strong>nomen</strong></span> <span class='ocrx_word' id='word_1_50' title='bbox 2664 831 2773 890; x_wconf 91' lang='lat' dir='ltr'><strong>per</strong></span> 
     </span>
     <span class='ocr_line' id='line_1_7' title="bbox 194 913 2821 998; baseline -0.002 -18"><span class='ocrx_word' id='word_1_51' title='bbox 194 917 520 980; x_wconf 81' lang='lat' dir='ltr'><strong>secundam</strong></span> <span class='ocrx_word' id='word_1_52' title='bbox 566 917 1030 998; x_wconf 75' lang='lat' dir='ltr'><strong>conpositionem</strong></span> <span class='ocrx_word' id='word_1_53' title='bbox 1076 913 1372 978; x_wconf 84' lang='lat' dir='ltr'><strong>valeamus</strong></span> <span class='ocrx_word' id='word_1_54' title='bbox 1417 933 1695 976; x_wconf 85' lang='lat' dir='ltr'><strong>revocare</strong></span> <span class='ocrx_word' id='word_1_55' title='bbox 1742 914 1811 976; x_wconf 86' lang='lat' dir='ltr'><strong>ad</strong></span> <span class='ocrx_word' id='word_1_56' title='bbox 1858 916 2109 994; x_wconf 84' lang='lat' dir='ltr'><strong>primam</strong></span> <span class='ocrx_word' id='word_1_57' title='bbox 2154 914 2659 993; x_wconf 81' lang='lat' dir='ltr'><strong>significationem,</strong></span> <span class='ocrx_word' id='word_1_58' title='bbox 2706 923 2771 975; x_wconf 86' lang='lat' dir='ltr'><strong>ut</strong></span> <span class='ocrx_word' id='word_1_59' title='bbox 2796 929 2821 965; x_wconf 73' lang='lat'>5</span> 
     </span>
     <span class='ocr_line' id='line_1_8' title="bbox 193 1012 2773 1100; baseline -0.002 -20"><span class='ocrx_word' id='word_1_60' title='bbox 193 1029 284 1082; x_wconf 89' lang='lat' dir='ltr'><strong>est</strong></span> <span class='ocrx_word' id='word_1_61' title='bbox 329 1020 538 1082; x_wconf 86' lang='lat' dir='ltr'><strong>doctus</strong></span> <span class='ocrx_word' id='word_1_62' title='bbox 581 1018 881 1090; x_wconf 73' lang='lat' dir='ltr'><strong>indoctus„</strong></span> <span class='ocrx_word' id='word_1_63' title='bbox 941 1015 1176 1097; x_wconf 90' lang='lat' dir='ltr'><strong>quando</strong></span> <span class='ocrx_word' id='word_1_64' title='bbox 1230 1017 1434 1096; x_wconf 89' lang='lat' dir='ltr'><strong>utique</strong></span> <span class='ocrx_word' id='word_1_65' title='bbox 1479 1016 1634 1077; x_wconf 90' lang='lat' dir='ltr'><strong>nulla</strong></span> <span class='ocrx_word' id='word_1_66' title='bbox 1666 1012 1693 1100; x_wconf 81' lang='lat' dir='ltr'>ss</span> <span class='ocrx_word' id='word_1_67' title='bbox 1723 1017 1949 1077; x_wconf 86' lang='lat' dir='ltr'><strong>ratione</strong></span> <span class='ocrx_word' id='word_1_68' title='bbox 1996 1016 2227 1082; x_wconf 85' lang='lat' dir='ltr'><strong>dicitur.</strong></span> <span class='ocrx_word' id='word_1_69' title='bbox 2316 1015 2649 1096; x_wconf 83' lang='lat' dir='ltr'><strong>praefectus</strong></span> <span class='ocrx_word' id='word_1_70' title='bbox 2692 1017 2773 1076; x_wconf 87' lang='lat' dir='ltr'><strong>vi-</strong></span> 
     </span>
     <span class='ocr_line' id='line_1_9' title="bbox 191 1116 2775 1200; baseline -0.001 -19"><span class='ocrx_word' id='word_1_71' title='bbox 191 1121 380 1200; x_wconf 81' lang='lat' dir='ltr'><strong>gilum</strong></span> <span class='ocrx_word' id='word_1_72' title='bbox 428 1123 478 1183; x_wconf 86' lang='lat' dir='ltr'><strong>si</strong></span> <span class='ocrx_word' id='word_1_73' title='bbox 523 1123 609 1180; x_wconf 90' lang='lat' dir='ltr'><strong>sic</strong></span> <span class='ocrx_word' id='word_1_74' title='bbox 657 1119 900 1190; x_wconf 88' lang='lat' dir='ltr'><strong>dicatur,</strong></span> <span class='ocrx_word' id='word_1_75' title='bbox 949 1135 1124 1198; x_wconf 86' lang='lat' dir='ltr'><strong>quem</strong></span> <span class='ocrx_word' id='word_1_76' title='bbox 1171 1117 1241 1180; x_wconf 89' lang='lat' dir='ltr'><strong>ad</strong></span> <span class='ocrx_word' id='word_1_77' title='bbox 1287 1118 1525 1180; x_wconf 89' lang='lat' dir='ltr'><strong>modum</strong></span> <span class='ocrx_word' id='word_1_78' title='bbox 1557 1116 1833 1180; x_wconf 81' lang='lat' dir='ltr'><strong>tribunus</strong></span> <span class='ocrx_word' id='word_1_79' title='bbox 1862 1118 2142 1188; x_wconf 88' lang='lat' dir='ltr'><strong>militum,</strong></span> <span class='ocrx_word' id='word_1_80' title='bbox 2189 1116 2249 1180; x_wconf 89' lang='lat' dir='ltr'><strong>id</strong></span> <span class='ocrx_word' id='word_1_81' title='bbox 2294 1126 2385 1178; x_wconf 90' lang='lat' dir='ltr'><strong>est</strong></span> <span class='ocrx_word' id='word_1_82' title='bbox 2426 1119 2476 1178; x_wconf 89' lang='lat' dir='ltr'><strong>si</strong></span> <span class='ocrx_word' id='word_1_83' title='bbox 2518 1135 2629 1198; x_wconf 86' lang='lat' dir='ltr'><strong>pro</strong></span> <span class='ocrx_word' id='word_1_84' title='bbox 2660 1136 2775 1178; x_wconf 87' lang='lat' dir='ltr'><strong>uno</strong></span> 
     </span>
     <span class='ocr_line' id='line_1_10' title="bbox 191 1217 2777 1301; baseline -0.001 -19"><span class='ocrx_word' id='word_1_85' title='bbox 191 1223 439 1283; x_wconf 85' lang='lat' dir='ltr'><strong>nomine</strong></span> <span class='ocrx_word' id='word_1_86' title='bbox 483 1223 769 1301; x_wconf 85' lang='lat' dir='ltr'><strong>accipitur</strong></span> <span class='ocrx_word' id='word_1_87' title='bbox 813 1229 1063 1300; x_wconf 89' lang='lat' dir='ltr'><strong>uterque</strong></span> <span class='ocrx_word' id='word_1_88' title='bbox 1107 1237 1336 1291; x_wconf 85' lang='lat' dir='ltr'><strong>sermo,</strong></span> <span class='ocrx_word' id='word_1_89' title='bbox 1381 1221 1580 1300; x_wconf 85' lang='lat' dir='ltr'><strong>priore</strong></span> <span class='ocrx_word' id='word_1_90' title='bbox 1624 1227 1791 1300; x_wconf 87' lang='lat' dir='ltr'><strong>parte</strong></span> <span class='ocrx_word' id='word_1_91' title='bbox 1836 1228 2061 1281; x_wconf 89' lang='lat' dir='ltr'><strong>tantum</strong></span> <span class='ocrx_word' id='word_1_92' title='bbox 2096 1219 2271 1280; x_wconf 88' lang='lat' dir='ltr'><strong>modo</strong></span> <span class='ocrx_word' id='word_1_93' title='bbox 2317 1217 2663 1280; x_wconf 83' lang='lat' dir='ltr'><strong>declinatur.</strong></span> <span class='ocrx_word' id='word_1_94' title='bbox 2728 1221 2777 1279; x_wconf 89' lang='lat' dir='ltr'><strong>si</strong></span> 
     </span>
     <span class='ocr_line' id='line_1_11' title="bbox 190 1320 2777 1402; baseline -0.001 -18"><span class='ocrx_word' id='word_1_95' title='bbox 190 1331 392 1384; x_wconf 87' lang='lat' dir='ltr'><strong>autem</strong></span> <span class='ocrx_word' id='word_1_96' title='bbox 451 1321 808 1394; x_wconf 82' lang='lat' dir='ltr'><strong>voluerimus</strong></span> <span class='ocrx_word' id='word_1_97' title='bbox 864 1320 1252 1382; x_wconf 83' lang='lat' dir='ltr'><strong>elocutionem</strong></span> <span class='ocrx_word' id='word_1_98' title='bbox 1313 1320 1536 1391; x_wconf 90' lang='lat' dir='ltr'><strong>facere,</strong></span> <span class='ocrx_word' id='word_1_99' title='bbox 1594 1320 1844 1382; x_wconf 86' lang='lat' dir='ltr'><strong>dicimus</strong></span> <span class='ocrx_word' id='word_1_100' title='bbox 1898 1321 2233 1400; x_wconf 81' lang='lat' dir='ltr'><strong>praefectus</strong></span> <span class='ocrx_word' id='word_1_101' title='bbox 2287 1320 2588 1401; x_wconf 82' lang='lat' dir='ltr'><strong>vigilihuS,</strong></span> <span class='ocrx_word' id='word_1_102' title='bbox 2661 1340 2777 1402; x_wconf 91' lang='lat' dir='ltr'><strong>quo</strong></span> 
     </span>
     <span class='ocr_line' id='line_1_12' title="bbox 190 1421 2853 1504; baseline 0 -19"><span class='ocrx_word' id='word_1_103' title='bbox 190 1433 466 1504; x_wconf 87' lang='lat' dir='ltr'><strong>tempore</strong></span> <span class='ocrx_word' id='word_1_104' title='bbox 509 1423 648 1485; x_wconf 90' lang='lat' dir='ltr'><strong>licet</strong></span> <span class='ocrx_word' id='word_1_105' title='bbox 692 1422 864 1486; x_wconf 85' lang='lat' dir='ltr'><strong>nohis</strong></span> <span class='ocrx_word' id='word_1_106' title='bbox 907 1424 1079 1484; x_wconf 90' lang='lat' dir='ltr'><strong>etiam</strong></span> <span class='ocrx_word' id='word_1_107' title='bbox 1125 1423 1188 1483; x_wconf 93' lang='lat' dir='ltr'><strong>in</strong></span> <span class='ocrx_word' id='word_1_108' title='bbox 1233 1421 1378 1484; x_wconf 85' lang='lat' dir='ltr'><strong>haec</strong></span> <span class='ocrx_word' id='word_1_109' title='bbox 1407 1422 1522 1484; x_wconf 90' lang='lat' dir='ltr'><strong>duo</strong></span> <span class='ocrx_word' id='word_1_110' title='bbox 1555 1424 1794 1484; x_wconf 88' lang='lat' dir='ltr'><strong>nomina</strong></span> <span class='ocrx_word' id='word_1_111' title='bbox 1839 1423 2093 1503; x_wconf 86' lang='lat' dir='ltr'><strong>aliquem</strong></span> <span class='ocrx_word' id='word_1_112' title='bbox 2139 1423 2375 1484; x_wconf 83' lang='lat' dir='ltr'><strong>adferre</strong></span> <span class='ocrx_word' id='word_1_113' title='bbox 2420 1436 2853 1496; x_wconf 84' lang='lat' dir='ltr'><strong>sermonem,1⁰</strong></span> 
     </span>
     <span class='ocr_line' id='line_1_13' title="bbox 189 1523 1178 1606; baseline -0.005 -18"><span class='ocrx_word' id='word_1_114' title='bbox 189 1533 258 1588; x_wconf 84' lang='lat' dir='ltr'><strong>ut</strong></span> <span class='ocrx_word' id='word_1_115' title='bbox 306 1526 676 1606; x_wconf 80' lang='lat' dir='ltr'><strong>‘praefectus</strong></span> <span class='ocrx_word' id='word_1_116' title='bbox 722 1532 811 1586; x_wconf 90' lang='lat' dir='ltr'><strong>est</strong></span> <span class='ocrx_word' id='word_1_117' title='bbox 854 1523 1178 1604; x_wconf 84' lang='lat' dir='ltr'><strong>vigilibus&#39;.</strong></span> 
     </span>
    </p>

    <p class='ocr_par' dir='ltr' id='par_1_3' title="bbox 190 1624 2859 4251">
     <span class='ocr_line' id='line_1_14' title="bbox 367 1624 2776 1707; baseline 0 -19"><span class='ocrx_word' id='word_1_118' title='bbox 367 1627 548 1689; x_wconf 86' lang='lat' dir='ltr'><strong>Casus</strong></span> <span class='ocrx_word' id='word_1_119' title='bbox 591 1625 858 1707; x_wconf 88' lang='lat' dir='ltr'><strong>plerique</strong></span> <span class='ocrx_word' id='word_1_120' title='bbox 901 1633 1178 1707; x_wconf 89' lang='lat' dir='ltr'><strong>quattuor</strong></span> <span class='ocrx_word' id='word_1_121' title='bbox 1209 1643 1336 1687; x_wconf 86' lang='lat' dir='ltr'><strong>esse</strong></span> <span class='ocrx_word' id='word_1_122' title='bbox 1383 1624 1612 1698; x_wconf 89' lang='lat' dir='ltr'><strong>dicunt,</strong></span> <span class='ocrx_word' id='word_1_123' title='bbox 1660 1627 1995 1689; x_wconf 83' lang='lat' dir='ltr'><strong>auferentes</strong></span> <span class='ocrx_word' id='word_1_124' title='bbox 2041 1628 2458 1690; x_wconf 86' lang='lat' dir='ltr'><strong>nominativum</strong></span> <span class='ocrx_word' id='word_1_125' title='bbox 2506 1635 2565 1688; x_wconf 89' lang='lat' dir='ltr'><strong>et</strong></span> <span class='ocrx_word' id='word_1_126' title='bbox 2608 1646 2776 1689; x_wconf 82' lang='lat' dir='ltr'><strong>voca-</strong></span> 
     </span>
     <span class='ocr_line' id='line_1_15' title="bbox 193 1723 2777 1811; baseline 0.001 -22"><span class='ocrx_word' id='word_1_127' title='bbox 193 1731 414 1800; x_wconf 88' lang='lat' dir='ltr'><strong>tivum,</strong></span> <span class='ocrx_word' id='word_1_128' title='bbox 459 1730 561 1810; x_wconf 92' lang='lat' dir='ltr'><strong>qui</strong></span> <span class='ocrx_word' id='word_1_129' title='bbox 603 1727 810 1791; x_wconf 83' lang='lat' dir='ltr'><strong>similis</strong></span> <span class='ocrx_word' id='word_1_130' title='bbox 854 1737 944 1789; x_wconf 89' lang='lat' dir='ltr'><strong>est</strong></span> <span class='ocrx_word' id='word_1_131' title='bbox 987 1723 1362 1790; x_wconf 81' lang='lat' dir='ltr'><strong>nominativo.</strong></span> <span class='ocrx_word' id='word_1_132' title='bbox 1410 1727 1542 1790; x_wconf 92' lang='lat' dir='ltr'><strong>ideo</strong></span> <span class='ocrx_word' id='word_1_133' title='bbox 1587 1737 1783 1791; x_wconf 90' lang='lat' dir='ltr'><strong>autem</strong></span> <span class='ocrx_word' id='word_1_134' title='bbox 1830 1730 2103 1792; x_wconf 88' lang='lat' dir='ltr'><strong>auferunt</strong></span> <span class='ocrx_word' id='word_1_135' title='bbox 2146 1729 2587 1802; x_wconf 88' lang='lat' dir='ltr'><strong>nominativum,</strong></span> <span class='ocrx_word' id='word_1_136' title='bbox 2632 1749 2777 1811; x_wconf 88' lang='lat' dir='ltr'><strong>quo·</strong></span> 
     </span>
     <span class='ocr_line' id='line_1_16' title="bbox 192 1829 2781 1910; baseline 0.002 -20"><span class='ocrx_word' id='word_1_137' title='bbox 192 1833 388 1901; x_wconf 85' lang='lat' dir='ltr'><strong>niam,</strong></span> <span class='ocrx_word' id='word_1_138' title='bbox 437 1849 570 1894; x_wconf 90' lang='lat' dir='ltr'><strong>cum</strong></span> <span class='ocrx_word' id='word_1_139' title='bbox 617 1849 786 1893; x_wconf 89' lang='lat' dir='ltr'><strong>casus</strong></span> <span class='ocrx_word' id='word_1_140' title='bbox 829 1832 904 1892; x_wconf 88' lang='lat' dir='ltr'><strong>sit</strong></span> <span class='ocrx_word' id='word_1_141' title='bbox 946 1829 1136 1892; x_wconf 88' lang='lat' dir='ltr'><strong>dictus</strong></span> <span class='ocrx_word' id='word_1_142' title='bbox 1179 1829 1253 1890; x_wconf 89' lang='lat' dir='ltr'><strong>ab</strong></span> <span class='ocrx_word' id='word_1_143' title='bbox 1285 1847 1385 1902; x_wconf 87' lang='lat' dir='ltr'><strong>eo,</strong></span> <span class='ocrx_word' id='word_1_144' title='bbox 1419 1829 1575 1910; x_wconf 90' lang='lat' dir='ltr'><strong>quod</strong></span> <span class='ocrx_word' id='word_1_145' title='bbox 1620 1830 1797 1892; x_wconf 83' lang='lat' dir='ltr'><strong>faciat</strong></span> <span class='ocrx_word' id='word_1_146' title='bbox 1839 1849 2055 1894; x_wconf 89' lang='lat' dir='ltr'><strong>nomen</strong></span> <span class='ocrx_word' id='word_1_147' title='bbox 2102 1831 2341 1902; x_wconf 88' lang='lat' dir='ltr'><strong>cadere,</strong></span> <span class='ocrx_word' id='word_1_148' title='bbox 2387 1833 2781 1894; x_wconf 79' lang='lat' dir='ltr'><strong>nominativus</strong></span> 
     </span>
     <span class='ocr_line' id='line_1_17' title="bbox 191 1931 2851 2014; baseline -0.001 -22"><span class='ocrx_word' id='word_1_149' title='bbox 191 1951 223 1992; x_wconf 91' lang='lat' dir='ltr'><strong>e</strong></span> <span class='ocrx_word' id='word_1_150' title='bbox 270 1935 576 1994; x_wconf 83' lang='lat' dir='ltr'><strong>contrario</strong></span> <span class='ocrx_word' id='word_1_151' title='bbox 634 1941 861 1994; x_wconf 89' lang='lat' dir='ltr'><strong>rectum</strong></span> <span class='ocrx_word' id='word_1_152' title='bbox 922 1949 1136 1993; x_wconf 89' lang='lat' dir='ltr'><strong>nomen</strong></span> <span class='ocrx_word' id='word_1_153' title='bbox 1194 1931 1468 1994; x_wconf 87' lang='lat' dir='ltr'><strong>ostendit.</strong></span> <span class='ocrx_word' id='word_1_154' title='bbox 1543 1932 1640 1994; x_wconf 88' lang='lat' dir='ltr'><strong>alii</strong></span> <span class='ocrx_word' id='word_1_155' title='bbox 1685 1935 1943 2014; x_wconf 88' lang='lat' dir='ltr'><strong>quinque</strong></span> <span class='ocrx_word' id='word_1_156' title='bbox 1989 1933 2231 2006; x_wconf 89' lang='lat' dir='ltr'><strong>docent,</strong></span> <span class='ocrx_word' id='word_1_157' title='bbox 2278 1941 2343 1994; x_wconf 92' lang='lat' dir='ltr'><strong>ut</strong></span> <span class='ocrx_word' id='word_1_158' title='bbox 2386 1933 2628 2005; x_wconf 86' lang='lat' dir='ltr'><strong>Graeci,</strong></span> <span class='ocrx_word' id='word_1_159' title='bbox 2674 1935 2851 2014; x_wconf 75' lang='lat' dir='ltr'><strong>qui15</strong></span> 
     </span>
     <span class='ocr_line' id='line_1_18' title="bbox 190 2031 2775 2115; baseline 0.001 -21"><span class='ocrx_word' id='word_1_160' title='bbox 190 2033 512 2098; x_wconf 86' lang='lat' dir='ltr'><strong>ablativum</strong></span> <span class='ocrx_word' id='word_1_161' title='bbox 559 2051 678 2095; x_wconf 87' lang='lat' dir='ltr'><strong>non</strong></span> <span class='ocrx_word' id='word_1_162' title='bbox 724 2032 970 2102; x_wconf 88' lang='lat' dir='ltr'><strong>habent;</strong></span> <span class='ocrx_word' id='word_1_163' title='bbox 1017 2031 1115 2093; x_wconf 90' lang='lat' dir='ltr'><strong>alii</strong></span> <span class='ocrx_word' id='word_1_164' title='bbox 1147 2051 1277 2105; x_wconf 85' lang='lat' dir='ltr'><strong>sex,</strong></span> <span class='ocrx_word' id='word_1_165' title='bbox 1323 2041 1388 2095; x_wconf 90' lang='lat' dir='ltr'><strong>ut</strong></span> <span class='ocrx_word' id='word_1_166' title='bbox 1415 2034 1636 2112; x_wconf 86' lang='lat' dir='ltr'><strong>Latini,</strong></span> <span class='ocrx_word' id='word_1_167' title='bbox 1682 2036 1785 2115; x_wconf 89' lang='lat' dir='ltr'><strong>qui</strong></span> <span class='ocrx_word' id='word_1_168' title='bbox 1828 2034 2141 2098; x_wconf 82' lang='lat' dir='ltr'><strong>ablativum</strong></span> <span class='ocrx_word' id='word_1_169' title='bbox 2174 2035 2423 2107; x_wconf 88' lang='lat' dir='ltr'><strong>addunt;</strong></span> <span class='ocrx_word' id='word_1_170' title='bbox 2470 2034 2569 2097; x_wconf 90' lang='lat' dir='ltr'><strong>alii</strong></span> <span class='ocrx_word' id='word_1_171' title='bbox 2600 2037 2775 2098; x_wconf 89' lang='lat' dir='ltr'><strong>etiam</strong></span> 
     </span>
     <span class='ocr_line' id='line_1_19' title="bbox 191 2133 2775 2218; baseline 0.001 -22"><span class='ocrx_word' id='word_1_172' title='bbox 191 2137 516 2216; x_wconf 85' lang='lat' dir='ltr'><strong>septimum</strong></span> <span class='ocrx_word' id='word_1_173' title='bbox 559 2134 782 2198; x_wconf 87' lang='lat' dir='ltr'><strong>addunt</strong></span> <span class='ocrx_word' id='word_1_174' title='bbox 823 2153 1054 2206; x_wconf 87' lang='lat' dir='ltr'><strong>casum,</strong></span> <span class='ocrx_word' id='word_1_175' title='bbox 1103 2136 1203 2214; x_wconf 90' lang='lat' dir='ltr'><strong>qui</strong></span> <span class='ocrx_word' id='word_1_176' title='bbox 1245 2143 1334 2196; x_wconf 88' lang='lat' dir='ltr'><strong>est</strong></span> <span class='ocrx_word' id='word_1_177' title='bbox 1377 2133 1628 2198; x_wconf 87' lang='lat' dir='ltr'><strong>ablativo</strong></span> <span class='ocrx_word' id='word_1_178' title='bbox 1672 2135 1881 2200; x_wconf 86' lang='lat' dir='ltr'><strong>similis</strong></span> <span class='ocrx_word' id='word_1_179' title='bbox 1910 2140 2037 2199; x_wconf 90' lang='lat' dir='ltr'><strong>sine</strong></span> <span class='ocrx_word' id='word_1_180' title='bbox 2068 2139 2523 2218; x_wconf 80' lang='lat' dir='ltr'><strong>praepositione,</strong></span> <span class='ocrx_word' id='word_1_181' title='bbox 2570 2157 2775 2218; x_wconf 86' lang='lat' dir='ltr'><strong>quam·</strong></span> 
     </span>
     <span class='ocr_line' id='line_1_20' title="bbox 193 2234 2776 2320; baseline 0.001 -23"><span class='ocrx_word' id='word_1_182' title='bbox 193 2255 380 2316; x_wconf 79' lang='lat' dir='ltr'><strong>quam</strong></span> <span class='ocrx_word' id='word_1_183' title='bbox 429 2254 546 2298; x_wconf 87' lang='lat' dir='ltr'><strong>non</strong></span> <span class='ocrx_word' id='word_1_184' title='bbox 589 2238 649 2298; x_wconf 91' lang='lat' dir='ltr'><strong>in</strong></span> <span class='ocrx_word' id='word_1_185' title='bbox 697 2235 972 2297; x_wconf 89' lang='lat' dir='ltr'><strong>omnihus</strong></span> <span class='ocrx_word' id='word_1_186' title='bbox 1015 2234 1221 2297; x_wconf 90' lang='lat' dir='ltr'><strong>similis</strong></span> <span class='ocrx_word' id='word_1_187' title='bbox 1263 2237 1609 2300; x_wconf 87' lang='lat' dir='ltr'><strong>inveniatur.</strong></span> <span class='ocrx_word' id='word_1_188' title='bbox 1699 2257 1837 2301; x_wconf 89' lang='lat' dir='ltr'><strong>nam</strong></span> <span class='ocrx_word' id='word_1_189' title='bbox 1882 2238 2117 2320; x_wconf 87' lang='lat' dir='ltr'><strong>quando</strong></span> <span class='ocrx_word' id='word_1_190' title='bbox 2162 2239 2293 2300; x_wconf 89' lang='lat' dir='ltr'><strong>dico</strong></span> <span class='ocrx_word' id='word_1_191' title='bbox 2340 2239 2607 2300; x_wconf 84' lang='lat' dir='ltr'><strong>‘doctior</strong></span> <span class='ocrx_word' id='word_1_192' title='bbox 2650 2239 2776 2300; x_wconf 91' lang='lat' dir='ltr'><strong>illo’</strong></span> 
     </span>
     <span class='ocr_line' id='line_1_21' title="bbox 194 2336 2777 2420; baseline 0.001 -21"><span class='ocrx_word' id='word_1_193' title='bbox 194 2347 254 2399; x_wconf 90' lang='lat' dir='ltr'><strong>et</strong></span> <span class='ocrx_word' id='word_1_194' title='bbox 307 2337 572 2399; x_wconf 85' lang='lat' dir='ltr'><strong>‘doctior</strong></span> <span class='ocrx_word' id='word_1_195' title='bbox 616 2337 688 2400; x_wconf 90' lang='lat' dir='ltr'><strong>ab</strong></span> <span class='ocrx_word' id='word_1_196' title='bbox 731 2336 831 2397; x_wconf 92' lang='lat' dir='ltr'><strong>illo</strong></span> <span class='ocrx_word' id='word_1_197' title='bbox 851 2343 888 2410; x_wconf 83' lang='lat'><strong>²,</strong></span> <span class='ocrx_word' id='word_1_198' title='bbox 934 2356 1000 2398; x_wconf 89' lang='lat' dir='ltr'><strong>re</strong></span> <span class='ocrx_word' id='word_1_199' title='bbox 1045 2356 1180 2400; x_wconf 85' lang='lat' dir='ltr'><strong>vera</strong></span> <span class='ocrx_word' id='word_1_200' title='bbox 1223 2338 1426 2400; x_wconf 88' lang='lat' dir='ltr'><strong>eadem</strong></span> <span class='ocrx_word' id='word_1_201' title='bbox 1471 2340 1767 2402; x_wconf 83' lang='lat' dir='ltr'><strong>invenitur</strong></span> <span class='ocrx_word' id='word_1_202' title='bbox 1796 2340 2079 2410; x_wconf 78' lang='lat' dir='ltr'><strong>elocuti03</strong></span> <span class='ocrx_word' id='word_1_203' title='bbox 2122 2339 2359 2420; x_wconf 88' lang='lat' dir='ltr'><strong>quando</strong></span> <span class='ocrx_word' id='word_1_204' title='bbox 2402 2349 2595 2402; x_wconf 90' lang='lat' dir='ltr'><strong>autem</strong></span> <span class='ocrx_word' id='word_1_205' title='bbox 2644 2341 2777 2402; x_wconf 89' lang='lat' dir='ltr'><strong>dico</strong></span> 
     </span>
     <span class='ocr_line' id='line_1_22' title="bbox 201 2423 2856 2522; baseline 0 -22"><span class='ocrx_word' id='word_1_206' title='bbox 201 2439 342 2500; x_wconf 87' lang='lat' dir='ltr'><strong>‘illo</strong></span> <span class='ocrx_word' id='word_1_207' title='bbox 389 2447 702 2520; x_wconf 87' lang='lat' dir='ltr'><strong>praesente</strong></span> <span class='ocrx_word' id='word_1_208' title='bbox 746 2439 1016 2519; x_wconf 88' lang='lat' dir='ltr'><strong>suscepi’</strong></span> <span class='ocrx_word' id='word_1_209' title='bbox 1075 2449 1134 2500; x_wconf 90' lang='lat' dir='ltr'><strong>et</strong></span> <span class='ocrx_word' id='word_1_210' title='bbox 1180 2445 1196 2472; x_wconf 89' lang='lat'><em>‘</em></span> <span class='ocrx_word' id='word_1_211' title='bbox 1215 2439 1286 2502; x_wconf 91' lang='lat' dir='ltr'><strong>ab</strong></span> <span class='ocrx_word' id='word_1_212' title='bbox 1331 2439 1431 2502; x_wconf 90' lang='lat' dir='ltr'><strong>illo</strong></span> <span class='ocrx_word' id='word_1_213' title='bbox 1475 2449 1787 2520; x_wconf 86' lang='lat' dir='ltr'><strong>praesente</strong></span> <span class='ocrx_word' id='word_1_214' title='bbox 1830 2443 2063 2522; x_wconf 90' lang='lat' dir='ltr'><strong>suscepi</strong></span> <span class='ocrx_word' id='word_1_215' title='bbox 2077 2447 2113 2512; x_wconf 89' lang='lat'><strong>&#39;,</strong></span> <span class='ocrx_word' id='word_1_216' title='bbox 2160 2461 2279 2504; x_wconf 88' lang='lat' dir='ltr'><strong>non</strong></span> <span class='ocrx_word' id='word_1_217' title='bbox 2324 2449 2415 2504; x_wconf 88' lang='lat' dir='ltr'><strong>est</strong></span> <span class='ocrx_word' id='word_1_218' title='bbox 2454 2423 2658 2504; x_wconf 80' lang='lat' dir='ltr'><strong>similis</strong></span> <span class='ocrx_word' id='word_1_219' title='bbox 2702 2443 2775 2504; x_wconf 89' lang='lat' dir='ltr'><strong>ab</strong></span> <span class='ocrx_word' id='word_1_220' title='bbox 2804 2459 2856 2500; x_wconf 82' lang='lat'><strong>20</strong></span> 
     </span>
     <span class='ocr_line' id='line_1_23' title="bbox 195 2539 2776 2625; baseline 0.001 -21"><span class='ocrx_word' id='word_1_221' title='bbox 195 2549 456 2622; x_wconf 87' lang='lat' dir='ltr'><strong>utroque</strong></span> <span class='ocrx_word' id='word_1_222' title='bbox 499 2559 636 2604; x_wconf 87' lang='lat' dir='ltr'><strong>casu</strong></span> <span class='ocrx_word' id='word_1_223' title='bbox 679 2539 952 2603; x_wconf 87' lang='lat' dir='ltr'><strong>elocutio.</strong></span> <span class='ocrx_word' id='word_1_224' title='bbox 1041 2557 1177 2602; x_wconf 91' lang='lat' dir='ltr'><strong>nam</strong></span> <span class='ocrx_word' id='word_1_225' title='bbox 1224 2539 1357 2603; x_wconf 75' lang='lat' dir='ltr'><strong>‘illo</strong></span> <span class='ocrx_word' id='word_1_226' title='bbox 1398 2552 1710 2623; x_wconf 86' lang='lat' dir='ltr'><strong>praesente</strong></span> <span class='ocrx_word' id='word_1_227' title='bbox 1753 2545 2019 2624; x_wconf 83' lang='lat' dir='ltr'><strong>suscepi’</strong></span> <span class='ocrx_word' id='word_1_228' title='bbox 2066 2543 2321 2616; x_wconf 87' lang='lat' dir='ltr'><strong>admittit</strong></span> <span class='ocrx_word' id='word_1_229' title='bbox 2361 2546 2597 2606; x_wconf 86' lang='lat' dir='ltr'><strong>tertiam</strong></span> <span class='ocrx_word' id='word_1_230' title='bbox 2640 2564 2776 2625; x_wconf 89' lang='lat' dir='ltr'><strong>per·</strong></span> 
     </span>
     <span class='ocr_line' id='line_1_24' title="bbox 193 2641 2778 2724; baseline 0 -18"><span class='ocrx_word' id='word_1_231' title='bbox 193 2661 441 2714; x_wconf 72' lang='lat' dir='ltr'><strong>sonaim</strong></span> <span class='ocrx_word' id='word_1_232' title='bbox 488 2642 596 2704; x_wconf 77' lang='lat' dir='ltr'><strong>‘ab</strong></span> <span class='ocrx_word' id='word_1_233' title='bbox 643 2641 740 2704; x_wconf 90' lang='lat' dir='ltr'><strong>illo</strong></span> <span class='ocrx_word' id='word_1_234' title='bbox 785 2649 1098 2723; x_wconf 89' lang='lat' dir='ltr'><strong>praesente</strong></span> <span class='ocrx_word' id='word_1_235' title='bbox 1141 2645 1376 2724; x_wconf 90' lang='lat' dir='ltr'><strong>suscepi</strong></span> <span class='ocrx_word' id='word_1_236' title='bbox 1391 2649 1430 2717; x_wconf 90' lang='lat'><strong>&#39;,</strong></span> <span class='ocrx_word' id='word_1_237' title='bbox 1486 2645 1642 2706; x_wconf 83' lang='lat' dir='ltr'><strong>inter</strong></span> <span class='ocrx_word' id='word_1_238' title='bbox 1699 2644 1844 2708; x_wconf 90' lang='lat' dir='ltr'><strong>duas</strong></span> <span class='ocrx_word' id='word_1_239' title='bbox 1888 2652 2115 2708; x_wconf 91' lang='lat' dir='ltr'><strong>tantum</strong></span> <span class='ocrx_word' id='word_1_240' title='bbox 2161 2644 2335 2706; x_wconf 90' lang='lat' dir='ltr'><strong>modo</strong></span> <span class='ocrx_word' id='word_1_241' title='bbox 2380 2663 2479 2706; x_wconf 89' lang='lat' dir='ltr'><strong>res</strong></span> <span class='ocrx_word' id='word_1_242' title='bbox 2522 2647 2651 2724; x_wconf 81' lang='lat' dir='ltr'><strong>geri</strong></span> <span class='ocrx_word' id='word_1_243' title='bbox 2695 2649 2778 2707; x_wconf 85' lang='lat' dir='ltr'><strong>vi·</strong></span> 
     </span>
     <span class='ocr_line' id='line_1_25' title="bbox 193 2742 2781 2828; baseline 0.001 -22"><span class='ocrx_word' id='word_1_244' title='bbox 193 2746 394 2808; x_wconf 88' lang='lat' dir='ltr'><strong>detur.</strong></span> <span class='ocrx_word' id='word_1_245' title='bbox 483 2763 602 2806; x_wconf 91' lang='lat' dir='ltr'><strong>non</strong></span> <span class='ocrx_word' id='word_1_246' title='bbox 647 2742 794 2805; x_wconf 89' lang='lat' dir='ltr'><strong>nulli</strong></span> <span class='ocrx_word' id='word_1_247' title='bbox 835 2743 1164 2823; x_wconf 83' lang='lat' dir='ltr'><strong>adiungunt</strong></span> <span class='ocrx_word' id='word_1_248' title='bbox 1203 2754 1472 2808; x_wconf 88' lang='lat' dir='ltr'><strong>octavum</strong></span> <span class='ocrx_word' id='word_1_249' title='bbox 1518 2765 1751 2827; x_wconf 84' lang='lat' dir='ltr'><strong>casum,</strong></span> <span class='ocrx_word' id='word_1_250' title='bbox 1808 2749 1909 2828; x_wconf 86' lang='lat' dir='ltr'><strong>qui</strong></span> <span class='ocrx_word' id='word_1_251' title='bbox 1950 2748 2043 2818; x_wconf 85' lang='lat' dir='ltr'><strong>flt,</strong></span> <span class='ocrx_word' id='word_1_252' title='bbox 2092 2765 2225 2810; x_wconf 87' lang='lat' dir='ltr'><strong>cum</strong></span> <span class='ocrx_word' id='word_1_253' title='bbox 2269 2747 2412 2828; x_wconf 90' lang='lat' dir='ltr'><strong>quid</strong></span> <span class='ocrx_word' id='word_1_254' title='bbox 2452 2765 2563 2828; x_wconf 88' lang='lat' dir='ltr'><strong>per</strong></span> <span class='ocrx_word' id='word_1_255' title='bbox 2607 2767 2781 2811; x_wconf 89' lang='lat' dir='ltr'><strong>accu-</strong></span> 
     </span>
     <span class='ocr_line' id='line_1_26' title="bbox 197 2846 2781 2930; baseline 0.002 -23"><span class='ocrx_word' id='word_1_256' title='bbox 197 2849 455 2908; x_wconf 77' lang='lat' dir='ltr'><strong>sativum</strong></span> <span class='ocrx_word' id='word_1_257' title='bbox 513 2865 648 2908; x_wconf 91' lang='lat' dir='ltr'><strong>cum</strong></span> <span class='ocrx_word' id='word_1_258' title='bbox 703 2846 1142 2927; x_wconf 87' lang='lat' dir='ltr'><strong>praepositione</strong></span> <span class='ocrx_word' id='word_1_259' title='bbox 1194 2865 1507 2927; x_wconf 87' lang='lat' dir='ltr'><strong>possumus</strong></span> <span class='ocrx_word' id='word_1_260' title='bbox 1559 2848 1759 2910; x_wconf 90' lang='lat' dir='ltr'><strong>dicere</strong></span> <span class='ocrx_word' id='word_1_261' title='bbox 1809 2856 1869 2910; x_wconf 81' lang='lat' dir='ltr'><strong>et</strong></span> <span class='ocrx_word' id='word_1_262' title='bbox 1907 2848 2156 2910; x_wconf 88' lang='lat' dir='ltr'><strong>dicimus</strong></span> <span class='ocrx_word' id='word_1_263' title='bbox 2199 2867 2307 2930; x_wconf 89' lang='lat' dir='ltr'><strong>per</strong></span> <span class='ocrx_word' id='word_1_264' title='bbox 2352 2849 2607 2914; x_wconf 82' lang='lat' dir='ltr'><strong>dativum</strong></span> <span class='ocrx_word' id='word_1_265' title='bbox 2652 2853 2781 2912; x_wconf 84' lang='lat' dir='ltr'><strong>sine</strong></span> 
     </span>
     <span class='ocr_line' id='line_1_27' title="bbox 193 2946 2858 3029; baseline 0.001 -20"><span class='ocrx_word' id='word_1_266' title='bbox 193 2949 670 3029; x_wconf 87' lang='lat' dir='ltr'><strong>praepositione,</strong></span> <span class='ocrx_word' id='word_1_267' title='bbox 717 2955 783 3008; x_wconf 90' lang='lat' dir='ltr'><strong>ut</strong></span> <span class='ocrx_word' id='word_1_268' title='bbox 827 2949 911 3009; x_wconf 87' lang='lat' dir='ltr'><strong>‘it</strong></span> <span class='ocrx_word' id='word_1_269' title='bbox 954 2946 1179 3009; x_wconf 89' lang='lat' dir='ltr'><strong>clamor</strong></span> <span class='ocrx_word' id='word_1_270' title='bbox 1221 2950 1284 3009; x_wconf 92' lang='lat' dir='ltr'><strong>in</strong></span> <span class='ocrx_word' id='word_1_271' title='bbox 1314 2947 1575 3011; x_wconf 88' lang='lat' dir='ltr'><strong>caelum&#39;</strong></span> <span class='ocrx_word' id='word_1_272' title='bbox 1623 2959 1684 3011; x_wconf 93' lang='lat' dir='ltr'><strong>et</strong></span> <span class='ocrx_word' id='word_1_273' title='bbox 1726 2951 1822 3010; x_wconf 73' lang='lat' dir='ltr'><strong>‘it</strong></span> <span class='ocrx_word' id='word_1_274' title='bbox 1862 2948 2139 3012; x_wconf 86' lang='lat' dir='ltr'><strong>clamor</strong></span> <span class='ocrx_word' id='word_1_275' title='bbox 2184 2949 2421 3012; x_wconf 90' lang='lat' dir='ltr'><strong>caelo&#39;</strong></span> <span class='ocrx_word' id='word_1_276' title='bbox 2470 2949 2559 3012; x_wconf 83' lang='lat' dir='ltr'><strong>vel</strong></span> <span class='ocrx_word' id='word_1_277' title='bbox 2605 2953 2776 3014; x_wconf 78' lang='lat' dir='ltr'><strong>‘sub-</strong></span> <span class='ocrx_word' id='word_1_278' title='bbox 2807 2971 2858 3012; x_wconf 79' lang='lat'><strong>25</strong></span> 
     </span>
     <span class='ocr_line' id='line_1_28' title="bbox 195 3049 2779 3115; baseline 0.001 -3"><span class='ocrx_word' id='word_1_279' title='bbox 195 3060 346 3112; x_wconf 89' lang='lat' dir='ltr'><strong>eunt</strong></span> <span class='ocrx_word' id='word_1_280' title='bbox 405 3050 477 3112; x_wconf 90' lang='lat' dir='ltr'><strong>ad</strong></span> <span class='ocrx_word' id='word_1_281' title='bbox 535 3055 806 3111; x_wconf 89' lang='lat' dir='ltr'><strong>murum’</strong></span> <span class='ocrx_word' id='word_1_282' title='bbox 873 3056 932 3111; x_wconf 89' lang='lat' dir='ltr'><strong>et</strong></span> <span class='ocrx_word' id='word_1_283' title='bbox 990 3049 1281 3113; x_wconf 77' lang='lat' dir='ltr'><strong>‘subeunt</strong></span> <span class='ocrx_word' id='word_1_284' title='bbox 1331 3053 1564 3112; x_wconf 88' lang='lat' dir='ltr'><strong>muro&#39;.</strong></span> <span class='ocrx_word' id='word_1_285' title='bbox 1651 3051 2035 3113; x_wconf 84' lang='lat' dir='ltr'><strong>inflexionum</strong></span> <span class='ocrx_word' id='word_1_286' title='bbox 2091 3059 2285 3115; x_wconf 88' lang='lat' dir='ltr'><strong>autem</strong></span> <span class='ocrx_word' id='word_1_287' title='bbox 2354 3054 2665 3115; x_wconf 83' lang='lat' dir='ltr'><strong>varietates</strong></span> <span class='ocrx_word' id='word_1_288' title='bbox 2718 3056 2779 3115; x_wconf 90' lang='lat' dir='ltr'><strong>in</strong></span> 
     </span>
     <span class='ocr_line' id='line_1_29' title="bbox 193 3148 2787 3232; baseline 0.002 -19"><span class='ocrx_word' id='word_1_289' title='bbox 193 3152 440 3216; x_wconf 89' lang='lat' dir='ltr'><strong>casibus</strong></span> <span class='ocrx_word' id='word_1_290' title='bbox 496 3170 600 3214; x_wconf 86' lang='lat' dir='ltr'><strong>sex</strong></span> <span class='ocrx_word' id='word_1_291' title='bbox 656 3159 812 3212; x_wconf 86' lang='lat' dir='ltr'><strong>sunt.</strong></span> <span class='ocrx_word' id='word_1_292' title='bbox 899 3148 1212 3232; x_wconf 89' lang='lat' dir='ltr'><strong>aliquando</strong></span> <span class='ocrx_word' id='word_1_293' title='bbox 1267 3155 1426 3216; x_wconf 90' lang='lat' dir='ltr'><strong>enim</strong></span> <span class='ocrx_word' id='word_1_294' title='bbox 1471 3169 1678 3214; x_wconf 85' lang='lat' dir='ltr'><strong>omnes</strong></span> <span class='ocrx_word' id='word_1_295' title='bbox 1722 3171 1892 3214; x_wconf 84' lang='lat' dir='ltr'><strong>casus</strong></span> <span class='ocrx_word' id='word_1_296' title='bbox 1938 3153 2127 3214; x_wconf 87' lang='lat' dir='ltr'><strong>varios</strong></span> <span class='ocrx_word' id='word_1_297' title='bbox 2171 3157 2361 3214; x_wconf 80' lang='lat' dir='ltr'><strong>exitus</strong></span> <span class='ocrx_word' id='word_1_298' title='bbox 2406 3163 2672 3228; x_wconf 89' lang='lat' dir='ltr'><strong>sumunt,</strong></span> <span class='ocrx_word' id='word_1_299' title='bbox 2718 3163 2787 3217; x_wconf 91' lang='lat' dir='ltr'><strong>ut</strong></span> 
     </span>
     <span class='ocr_line' id='line_1_30' title="bbox 196 3252 2783 3338; baseline 0.002 -24"><span class='ocrx_word' id='word_1_300' title='bbox 196 3263 294 3315; x_wconf 87' lang='lat' dir='ltr'><strong>est</strong></span> <span class='ocrx_word' id='word_1_301' title='bbox 339 3270 528 3324; x_wconf 88' lang='lat' dir='ltr'><strong>unus,</strong></span> <span class='ocrx_word' id='word_1_302' title='bbox 574 3271 726 3333; x_wconf 89' lang='lat' dir='ltr'><strong>quae</strong></span> <span class='ocrx_word' id='word_1_303' title='bbox 770 3252 984 3313; x_wconf 88' lang='lat' dir='ltr'><strong>dicitur</strong></span> <span class='ocrx_word' id='word_1_304' title='bbox 1028 3252 1216 3315; x_wconf 85' lang='lat' dir='ltr'><strong>forma</strong></span> <span class='ocrx_word' id='word_1_305' title='bbox 1260 3254 1601 3332; x_wconf 85' lang='lat' dir='ltr'><strong>hexaptota:</strong></span> <span class='ocrx_word' id='word_1_306' title='bbox 1653 3255 1795 3316; x_wconf 87' lang='lat' dir='ltr'><strong>item</strong></span> <span class='ocrx_word' id='word_1_307' title='bbox 1826 3261 2163 3335; x_wconf 84' lang='lat' dir='ltr'><strong>pentaptota</strong></span> <span class='ocrx_word' id='word_1_308' title='bbox 2195 3253 2435 3326; x_wconf 87' lang='lat' dir='ltr'><strong>dicitur,</strong></span> <span class='ocrx_word' id='word_1_309' title='bbox 2482 3255 2583 3318; x_wconf 91' lang='lat' dir='ltr'><strong>ubi</strong></span> <span class='ocrx_word' id='word_1_310' title='bbox 2614 3259 2783 3338; x_wconf 91' lang='lat' dir='ltr'><strong>quin-</strong></span> 
     </span>
     <span class='ocr_line' id='line_1_31' title="bbox 195 3353 2787 3438; baseline 0.002 -22"><span class='ocrx_word' id='word_1_311' title='bbox 195 3373 316 3433; x_wconf 89' lang='lat' dir='ltr'><strong>que</strong></span> <span class='ocrx_word' id='word_1_312' title='bbox 373 3362 517 3416; x_wconf 90' lang='lat' dir='ltr'><strong>sunt</strong></span> <span class='ocrx_word' id='word_1_313' title='bbox 568 3357 906 3425; x_wconf 88' lang='lat' dir='ltr'><strong>varietates,</strong></span> <span class='ocrx_word' id='word_1_314' title='bbox 964 3362 1032 3416; x_wconf 93' lang='lat' dir='ltr'><strong>ut</strong></span> <span class='ocrx_word' id='word_1_315' title='bbox 1072 3353 1306 3424; x_wconf 89' lang='lat' dir='ltr'><strong>doctus;</strong></span> <span class='ocrx_word' id='word_1_316' title='bbox 1361 3357 1503 3416; x_wconf 90' lang='lat' dir='ltr'><strong>item</strong></span> <span class='ocrx_word' id='word_1_317' title='bbox 1547 3362 1891 3436; x_wconf 90' lang='lat' dir='ltr'><strong>tetraptota,</strong></span> <span class='ocrx_word' id='word_1_318' title='bbox 1947 3353 2047 3416; x_wconf 87' lang='lat' dir='ltr'><strong>ubi</strong></span> <span class='ocrx_word' id='word_1_319' title='bbox 2090 3362 2395 3435; x_wconf 86' lang='lat' dir='ltr'><strong>quattuor,</strong></span> <span class='ocrx_word' id='word_1_320' title='bbox 2442 3365 2507 3418; x_wconf 89' lang='lat' dir='ltr'><strong>ut</strong></span> <span class='ocrx_word' id='word_1_321' title='bbox 2533 3366 2621 3420; x_wconf 91' lang='lat' dir='ltr'><strong>est</strong></span> <span class='ocrx_word' id='word_1_322' title='bbox 2650 3377 2787 3438; x_wconf 89' lang='lat' dir='ltr'><strong>spe-</strong></span> 
     </span>
     <span class='ocr_line' id='line_1_32' title="bbox 193 3455 2859 3539; baseline 0.001 -22"><span class='ocrx_word' id='word_1_323' title='bbox 193 3459 354 3526; x_wconf 89' lang='lat' dir='ltr'><strong>cies;</strong></span> <span class='ocrx_word' id='word_1_324' title='bbox 403 3459 676 3536; x_wconf 83' lang='lat' dir='ltr'><strong>triptota,</strong></span> <span class='ocrx_word' id='word_1_325' title='bbox 722 3455 828 3516; x_wconf 89' lang='lat' dir='ltr'><strong>ubi</strong></span> <span class='ocrx_word' id='word_1_326' title='bbox 872 3465 1028 3528; x_wconf 86' lang='lat' dir='ltr'><strong>tres,</strong></span> <span class='ocrx_word' id='word_1_327' title='bbox 1075 3467 1139 3518; x_wconf 94' lang='lat' dir='ltr'><strong>ut</strong></span> <span class='ocrx_word' id='word_1_328' title='bbox 1186 3467 1274 3519; x_wconf 85' lang='lat' dir='ltr'><strong>est</strong></span> <span class='ocrx_word' id='word_1_329' title='bbox 1319 3456 1634 3537; x_wconf 89' lang='lat' dir='ltr'><strong>templum;</strong></span> <span class='ocrx_word' id='word_1_330' title='bbox 1682 3457 1933 3539; x_wconf 90' lang='lat' dir='ltr'><strong>diptota,</strong></span> <span class='ocrx_word' id='word_1_331' title='bbox 1980 3456 2083 3519; x_wconf 87' lang='lat' dir='ltr'><strong>ubi</strong></span> <span class='ocrx_word' id='word_1_332' title='bbox 2124 3457 2304 3530; x_wconf 88' lang='lat' dir='ltr'><strong>duae,</strong></span> <span class='ocrx_word' id='word_1_333' title='bbox 2350 3467 2417 3520; x_wconf 88' lang='lat' dir='ltr'><strong>ut</strong></span> <span class='ocrx_word' id='word_1_334' title='bbox 2460 3468 2551 3521; x_wconf 90' lang='lat' dir='ltr'><strong>est</strong></span> <span class='ocrx_word' id='word_1_335' title='bbox 2594 3478 2777 3522; x_wconf 89' lang='lat' dir='ltr'><strong>cornu</strong></span> <span class='ocrx_word' id='word_1_336' title='bbox 2808 3479 2859 3520; x_wconf 77' lang='lat' dir='ltr'><strong>ao</strong></span> 
     </span>
     <span class='ocr_line' id='line_1_33' title="bbox 191 3559 2783 3639; baseline 0.002 -21"><span class='ocrx_word' id='word_1_337' title='bbox 191 3577 388 3637; x_wconf 83' lang='lat' dir='ltr'><strong>genu:</strong></span> <span class='ocrx_word' id='word_1_338' title='bbox 451 3575 592 3621; x_wconf 89' lang='lat' dir='ltr'><strong>nam</strong></span> <span class='ocrx_word' id='word_1_339' title='bbox 648 3560 1044 3620; x_wconf 89' lang='lat' dir='ltr'><strong>nominativus</strong></span> <span class='ocrx_word' id='word_1_340' title='bbox 1111 3561 1474 3621; x_wconf 86' lang='lat' dir='ltr'><strong>accusativus</strong></span> <span class='ocrx_word' id='word_1_341' title='bbox 1537 3565 1598 3620; x_wconf 89' lang='lat' dir='ltr'><strong>et</strong></span> <span class='ocrx_word' id='word_1_342' title='bbox 1661 3560 1955 3620; x_wconf 76' lang='lat' dir='ltr'><strong>vocativus</strong></span> <span class='ocrx_word' id='word_1_343' title='bbox 2010 3560 2437 3639; x_wconf 82' lang='lat' dir='ltr'><strong>corripiuntur,</strong></span> <span class='ocrx_word' id='word_1_344' title='bbox 2507 3559 2601 3622; x_wconf 88' lang='lat' dir='ltr'><strong>alii</strong></span> <span class='ocrx_word' id='word_1_345' title='bbox 2658 3569 2783 3624; x_wconf 88' lang='lat' dir='ltr'><strong>tres</strong></span> 
     </span>
     <span class='ocr_line' id='line_1_34' title="bbox 193 3659 2782 3743; baseline 0.002 -22"><span class='ocrx_word' id='word_1_346' title='bbox 193 3659 633 3741; x_wconf 85' lang='lat' dir='ltr'><strong>producuntur.</strong></span> <span class='ocrx_word' id='word_1_347' title='bbox 723 3669 813 3722; x_wconf 90' lang='lat' dir='ltr'><strong>est</strong></span> <span class='ocrx_word' id='word_1_348' title='bbox 879 3661 1055 3722; x_wconf 88' lang='lat' dir='ltr'><strong>etiam</strong></span> <span class='ocrx_word' id='word_1_349' title='bbox 1119 3667 1490 3739; x_wconf 89' lang='lat' dir='ltr'><strong>monoptota,</strong></span> <span class='ocrx_word' id='word_1_350' title='bbox 1558 3679 1733 3741; x_wconf 82' lang='lat' dir='ltr'><strong>quam</strong></span> <span class='ocrx_word' id='word_1_351' title='bbox 1760 3721 1780 3734; x_wconf 30' lang='grc' dir='ltr'><strong><em>ἰ</em></strong></span> <span class='ocrx_word' id='word_1_352' title='bbox 1799 3678 1919 3722; x_wconf 90' lang='lat' dir='ltr'><strong>non</strong></span> <span class='ocrx_word' id='word_1_353' title='bbox 1976 3660 2129 3722; x_wconf 90' lang='lat' dir='ltr'><strong>hene</strong></span> <span class='ocrx_word' id='word_1_354' title='bbox 2182 3668 2613 3743; x_wconf 89' lang='lat' dir='ltr'><strong>monoptotam,</strong></span> <span class='ocrx_word' id='word_1_355' title='bbox 2678 3664 2782 3725; x_wconf 88' lang='lat' dir='ltr'><strong>sed</strong></span> 
     </span>
     <span class='ocr_line' id='line_1_35' title="bbox 193 3759 2784 3848; baseline 0.002 -26"><span class='ocrx_word' id='word_1_356' title='bbox 193 3770 468 3842; x_wconf 87' lang='lat' dir='ltr'><strong>aptotam</strong></span> <span class='ocrx_word' id='word_1_357' title='bbox 524 3761 802 3830; x_wconf 89' lang='lat' dir='ltr'><strong>dicimus,</strong></span> <span class='ocrx_word' id='word_1_358' title='bbox 862 3771 928 3822; x_wconf 91' lang='lat' dir='ltr'><strong>ut</strong></span> <span class='ocrx_word' id='word_1_359' title='bbox 981 3770 1071 3824; x_wconf 89' lang='lat' dir='ltr'><strong>est</strong></span> <span class='ocrx_word' id='word_1_360' title='bbox 1125 3781 1395 3842; x_wconf 90' lang='lat' dir='ltr'><strong>nequam.</strong></span> <span class='ocrx_word' id='word_1_361' title='bbox 1488 3780 1624 3824; x_wconf 90' lang='lat' dir='ltr'><strong>nam</strong></span> <span class='ocrx_word' id='word_1_362' title='bbox 1671 3769 2013 3842; x_wconf 89' lang='lat' dir='ltr'><strong>monoptota</strong></span> <span class='ocrx_word' id='word_1_363' title='bbox 2065 3761 2163 3824; x_wconf 88' lang='lat' dir='ltr'><strong>ilia</strong></span> <span class='ocrx_word' id='word_1_364' title='bbox 2208 3772 2374 3833; x_wconf 88' lang='lat' dir='ltr'><strong>sunt,</strong></span> <span class='ocrx_word' id='word_1_365' title='bbox 2418 3759 2444 3848; x_wconf 80' lang='grc' dir='ltr'><strong>ΙΙ</strong></span> <span class='ocrx_word' id='word_1_366' title='bbox 2486 3764 2589 3826; x_wconf 88' lang='lat' dir='ltr'><strong>ubi</strong></span> <span class='ocrx_word' id='word_1_367' title='bbox 2631 3784 2784 3828; x_wconf 90' lang='lat' dir='ltr'><strong>unus</strong></span> 
     </span>
     <span class='ocr_line' id='line_1_36' title="bbox 203 3862 2787 3946; baseline 0.002 -21"><span class='ocrx_word' id='word_1_368' title='bbox 203 3873 440 3926; x_wconf 87' lang='lat' dir='ltr'><strong>tantum</strong></span> <span class='ocrx_word' id='word_1_369' title='bbox 473 3880 643 3924; x_wconf 83' lang='lat' dir='ltr'><strong>casus</strong></span> <span class='ocrx_word' id='word_1_370' title='bbox 673 3871 788 3935; x_wconf 88' lang='lat' dir='ltr'><strong>est,</strong></span> <span class='ocrx_word' id='word_1_371' title='bbox 835 3871 900 3924; x_wconf 90' lang='lat' dir='ltr'><strong>ut</strong></span> <span class='ocrx_word' id='word_1_372' title='bbox 943 3872 1188 3944; x_wconf 88' lang='lat' dir='ltr'><strong>sponte;</strong></span> <span class='ocrx_word' id='word_1_373' title='bbox 1234 3871 1430 3945; x_wconf 92' lang='lat' dir='ltr'><strong>aptota</strong></span> <span class='ocrx_word' id='word_1_374' title='bbox 1462 3882 1601 3925; x_wconf 88' lang='lat' dir='ltr'><strong>vero</strong></span> <span class='ocrx_word' id='word_1_375' title='bbox 1631 3862 1729 3925; x_wconf 88' lang='lat' dir='ltr'><strong>illa</strong></span> <span class='ocrx_word' id='word_1_376' title='bbox 1772 3873 1938 3936; x_wconf 89' lang='lat' dir='ltr'><strong>sunt,</strong></span> <span class='ocrx_word' id='word_1_377' title='bbox 1970 3863 2073 3926; x_wconf 89' lang='lat' dir='ltr'><strong>ubi</strong></span> <span class='ocrx_word' id='word_1_378' title='bbox 2116 3883 2323 3928; x_wconf 89' lang='lat' dir='ltr'><strong>omnes</strong></span> <span class='ocrx_word' id='word_1_379' title='bbox 2365 3865 2601 3946; x_wconf 90' lang='lat' dir='ltr'><strong>quidem</strong></span> <span class='ocrx_word' id='word_1_380' title='bbox 2648 3878 2787 3930; x_wconf 88' lang='lat' dir='ltr'><strong>sunt</strong></span> 
     </span>
     <span class='ocr_line' id='line_1_37' title="bbox 195 3963 2859 4044; baseline 0.002 -18"><span class='ocrx_word' id='word_1_381' title='bbox 195 3983 406 4036; x_wconf 78' lang='lat' dir='ltr'><strong>casuS,</strong></span> <span class='ocrx_word' id='word_1_382' title='bbox 465 3963 569 4026; x_wconf 90' lang='lat' dir='ltr'><strong>sed</strong></span> <span class='ocrx_word' id='word_1_383' title='bbox 623 3963 784 4028; x_wconf 91' lang='lat' dir='ltr'><strong>nulla</strong></span> <span class='ocrx_word' id='word_1_384' title='bbox 837 3966 1068 4027; x_wconf 90' lang='lat' dir='ltr'><strong>ratione</strong></span> <span class='ocrx_word' id='word_1_385' title='bbox 1122 3969 1449 4038; x_wconf 87' lang='lat' dir='ltr'><strong>variantur,</strong></span> <span class='ocrx_word' id='word_1_386' title='bbox 1507 3973 1574 4027; x_wconf 91' lang='lat' dir='ltr'><strong>ut</strong></span> <span class='ocrx_word' id='word_1_387' title='bbox 1616 3973 1705 4028; x_wconf 82' lang='lat' dir='ltr'><strong>est</strong></span> <span class='ocrx_word' id='word_1_388' title='bbox 1747 3966 1922 4044; x_wconf 81' lang='lat' dir='ltr'><strong>frugi.</strong></span> <span class='ocrx_word' id='word_1_389' title='bbox 2010 3967 2388 4030; x_wconf 84' lang='lat' dir='ltr'><strong>inveniuntur</strong></span> <span class='ocrx_word' id='word_1_390' title='bbox 2432 3974 2627 4031; x_wconf 87' lang='lat' dir='ltr'><strong>autem</strong></span> <span class='ocrx_word' id='word_1_391' title='bbox 2674 3987 2779 4032; x_wconf 90' lang='lat' dir='ltr'><strong>no·</strong></span> <span class='ocrx_word' id='word_1_392' title='bbox 2808 3989 2859 4030; x_wconf 73' lang='lat'><strong>3⁵</strong></span> 
     </span>
     <span class='ocr_line' id='line_1_38' title="bbox 193 4065 2781 4141; baseline -0 -10"><span class='ocrx_word' id='word_1_393' title='bbox 193 4071 364 4131; x_wconf 87' lang='lat' dir='ltr'><strong>mina</strong></span> <span class='ocrx_word' id='word_1_394' title='bbox 409 4084 594 4128; x_wconf 90' lang='lat' dir='ltr'><strong>unum</strong></span> <span class='ocrx_word' id='word_1_395' title='bbox 639 4085 840 4129; x_wconf 90' lang='lat' dir='ltr'><strong>casum</strong></span> <span class='ocrx_word' id='word_1_396' title='bbox 883 4065 1158 4130; x_wconf 87' lang='lat' dir='ltr'><strong>habentia</strong></span> <span class='ocrx_word' id='word_1_397' title='bbox 1203 4076 1445 4140; x_wconf 89' lang='lat' dir='ltr'><strong>tantum,</strong></span> <span class='ocrx_word' id='word_1_398' title='bbox 1490 4074 1559 4128; x_wconf 86' lang='lat' dir='ltr'><strong>ut</strong></span> <span class='ocrx_word' id='word_1_399' title='bbox 1600 4075 1742 4128; x_wconf 89' lang='lat' dir='ltr'><strong>natu</strong></span> <span class='ocrx_word' id='word_1_400' title='bbox 1784 4067 1950 4135; x_wconf 87' lang='lat' dir='ltr'><strong>taho;</strong></span> <span class='ocrx_word' id='word_1_401' title='bbox 1997 4076 2099 4128; x_wconf 91' lang='lat' dir='ltr'><strong>aut</strong></span> <span class='ocrx_word' id='word_1_402' title='bbox 2128 4067 2244 4140; x_wconf 85' lang='lat' dir='ltr'><strong>duo</strong></span> <span class='ocrx_word' id='word_1_403' title='bbox 2288 4076 2545 4141; x_wconf 87' lang='lat' dir='ltr'><strong>tantum,</strong></span> <span class='ocrx_word' id='word_1_404' title='bbox 2591 4080 2656 4131; x_wconf 91' lang='lat' dir='ltr'><strong>ut</strong></span> <span class='ocrx_word' id='word_1_405' title='bbox 2684 4071 2781 4131; x_wconf 89' lang='lat' dir='ltr'><strong>hic</strong></span> 
     </span>
     <span class='ocr_line' id='line_1_39' title="bbox 195 4168 2782 4251; baseline 0 -20"><span class='ocrx_word' id='word_1_406' title='bbox 195 4170 474 4251; x_wconf 89' lang='lat' dir='ltr'><strong>luppiter</strong></span> <span class='ocrx_word' id='word_1_407' title='bbox 529 4187 566 4230; x_wconf 93' lang='lat' dir='ltr'><strong>o</strong></span> <span class='ocrx_word' id='word_1_408' title='bbox 621 4169 913 4249; x_wconf 89' lang='lat' dir='ltr'><strong>Iuppiter;</strong></span> <span class='ocrx_word' id='word_1_409' title='bbox 971 4176 1071 4231; x_wconf 90' lang='lat' dir='ltr'><strong>aut</strong></span> <span class='ocrx_word' id='word_1_410' title='bbox 1124 4178 1251 4232; x_wconf 90' lang='lat' dir='ltr'><strong>tres</strong></span> <span class='ocrx_word' id='word_1_411' title='bbox 1305 4177 1565 4241; x_wconf 86' lang='lat' dir='ltr'><strong>tantum,</strong></span> <span class='ocrx_word' id='word_1_412' title='bbox 1622 4177 1690 4231; x_wconf 91' lang='lat' dir='ltr'><strong>ut</strong></span> <span class='ocrx_word' id='word_1_413' title='bbox 1732 4168 1849 4248; x_wconf 83' lang='lat' dir='ltr'><strong>hoc</strong></span> <span class='ocrx_word' id='word_1_414' title='bbox 1889 4168 2056 4230; x_wconf 88' lang='lat' dir='ltr'><strong>nefas</strong></span> <span class='ocrx_word' id='word_1_415' title='bbox 2114 4169 2226 4231; x_wconf 85' lang='lat' dir='ltr'><strong>hoc</strong></span> <span class='ocrx_word' id='word_1_416' title='bbox 2283 4169 2451 4231; x_wconf 87' lang='lat' dir='ltr'><strong>nefas</strong></span> <span class='ocrx_word' id='word_1_417' title='bbox 2506 4190 2543 4233; x_wconf 93' lang='lat' dir='ltr'><strong>o</strong></span> <span class='ocrx_word' id='word_1_418' title='bbox 2588 4172 2782 4241; x_wconf 88' lang='lat' dir='ltr'><strong>nefas;</strong></span> 
     </span>
    </p>
   </div>
   <div class='ocr_carea' id='block_1_3' title="bbox 195 4337 2791 4900">
    <p class='ocr_par' dir='ltr' id='par_1_4' title="bbox 195 4337 2791 4617">
     <span class='ocr_line' id='line_1_40' title="bbox 376 4337 2788 4408; baseline 0.001 -16"><span class='ocrx_word' id='word_1_419' title='bbox 376 4343 410 4392; x_wconf 80' lang='lat'>5</span> <span class='ocrx_word' id='word_1_420' title='bbox 444 4337 722 4392; x_wconf 77' lang='lat' dir='ltr'><strong>secundam</strong></span> <span class='ocrx_word' id='word_1_421' title='bbox 768 4340 1192 4406; x_wconf 81' lang='lat' dir='ltr'><strong>compositionem</strong></span> <span class='ocrx_word' id='word_1_422' title='bbox 1226 4353 1262 4397; x_wconf 89' lang='lat'>5</span> <span class='ocrx_word' id='word_1_423' title='bbox 1305 4339 1579 4392; x_wconf 74' lang='lat' dir='ltr'><strong>secundam</strong></span> <span class='ocrx_word' id='word_1_424' title='bbox 1624 4341 2033 4408; x_wconf 78' lang='lat' dir='ltr'><strong>conparationem</strong></span> <span class='ocrx_word' id='word_1_425' title='bbox 2083 4339 2133 4387; x_wconf 90' lang='lat' dir='ltr'><em>P</em></span> <span class='ocrx_word' id='word_1_426' title='bbox 2335 4339 2370 4391; x_wconf 83' lang='lat'><strong>6</strong></span> <span class='ocrx_word' id='word_1_427' title='bbox 2414 4342 2590 4405; x_wconf 86' lang='lat' dir='ltr'><strong>utique</strong></span> <span class='ocrx_word' id='word_1_428' title='bbox 2636 4343 2788 4394; x_wconf 77' lang='lat' dir='ltr'><strong>editio</strong></span> 
     </span>
     <span class='ocr_line' id='line_1_41' title="bbox 195 4408 2784 4474; baseline 0 -12"><span class='ocrx_word' id='word_1_429' title='bbox 195 4413 532 4464; x_wconf 62' lang='lat' dir='ltr'><strong>„aucensium</strong></span> <span class='ocrx_word' id='word_1_430' title='bbox 557 4411 766 4474; x_wconf 83' lang='lat' dir='ltr'><strong>antique</strong></span> <span class='ocrx_word' id='word_1_431' title='bbox 802 4410 851 4459; x_wconf 88' lang='lat' dir='ltr'><em>P</em></span> <span class='ocrx_word' id='word_1_432' title='bbox 986 4409 1015 4458; x_wconf 83' lang='lat'><strong>7</strong></span> <span class='ocrx_word' id='word_1_433' title='bbox 1053 4411 1100 4459; x_wconf 90' lang='lat' dir='ltr'><strong>si</strong></span> <span class='ocrx_word' id='word_1_434' title='bbox 1128 4412 1194 4462; x_wconf 87' lang='lat' dir='ltr'><strong>sit</strong></span> <span class='ocrx_word' id='word_1_435' title='bbox 1223 4411 1419 4460; x_wconf 83' lang='lat' dir='ltr'><strong>dicatur</strong></span> <span class='ocrx_word' id='word_1_436' title='bbox 1458 4411 1503 4459; x_wconf 87' lang='lat' dir='ltr'><em>P</em></span> <span class='ocrx_word' id='word_1_437' title='bbox 1533 4410 1609 4460; x_wconf 87' lang='lat' dir='ltr'><strong>sio</strong></span> <span class='ocrx_word' id='word_1_438' title='bbox 1637 4412 1834 4462; x_wconf 83' lang='lat' dir='ltr'><strong>dicatur</strong></span> <span class='ocrx_word' id='word_1_439' title='bbox 1865 4423 1900 4467; x_wconf 98' lang='lat'>5</span> <span class='ocrx_word' id='word_1_440' title='bbox 2044 4408 2107 4460; x_wconf 85' lang='lat'><strong>13</strong></span> <span class='ocrx_word' id='word_1_441' title='bbox 2144 4411 2509 4460; x_wconf 82' lang='lat' dir='ltr'><strong>nominatiuum</strong></span> <span class='ocrx_word' id='word_1_442' title='bbox 2546 4420 2595 4460; x_wconf 88' lang='lat' dir='ltr'><strong>et</strong></span> <span class='ocrx_word' id='word_1_443' title='bbox 2634 4427 2784 4463; x_wconf 80' lang='lat' dir='ltr'><strong>uoca-</strong></span> 
     </span>
     <span class='ocr_line' id='line_1_42' title="bbox 197 4479 2618 4544; baseline -0 -12"><span class='ocrx_word' id='word_1_444' title='bbox 197 4485 372 4533; x_wconf 82' lang='lat' dir='ltr'><strong>tiuum</strong></span> <span class='ocrx_word' id='word_1_445' title='bbox 395 4480 768 4532; x_wconf 84' lang='lat' dir='ltr'><strong>nominatiuum</strong></span> <span class='ocrx_word' id='word_1_446' title='bbox 808 4482 894 4544; x_wconf 88' lang='lat' dir='ltr'><strong>qui</strong></span> <span class='ocrx_word' id='word_1_447' title='bbox 931 4479 1114 4530; x_wconf 82' lang='lat' dir='ltr'><strong>similis</strong></span> <span class='ocrx_word' id='word_1_448' title='bbox 1149 4489 1226 4531; x_wconf 85' lang='lat' dir='ltr'><strong>est</strong></span> <span class='ocrx_word' id='word_1_449' title='bbox 1252 4481 1488 4532; x_wconf 78' lang='lat' dir='ltr'><strong>uocatiuo</strong></span> <span class='ocrx_word' id='word_1_450' title='bbox 1521 4483 1568 4532; x_wconf 93' lang='lat' dir='ltr'><em>P</em></span> <span class='ocrx_word' id='word_1_451' title='bbox 1731 4483 1797 4533; x_wconf 79' lang='lat'><strong>14</strong></span> <span class='ocrx_word' id='word_1_452' title='bbox 1834 4479 2015 4530; x_wconf 79' lang='lat' dir='ltr'><strong>cadere</strong></span> <span class='ocrx_word' id='word_1_453' title='bbox 2047 4480 2312 4530; x_wconf 70' lang='lat' dir='ltr'><strong>Pucselzius</strong></span> <span class='ocrx_word' id='word_1_454' title='bbox 2344 4479 2533 4530; x_wconf 80' lang='lat' dir='ltr'><strong>habere</strong></span> <span class='ocrx_word' id='word_1_455' title='bbox 2566 4483 2618 4531; x_wconf 89' lang='lat' dir='ltr'><em>P</em></span> 
     </span>
     <span class='ocr_line' id='line_1_43' title="bbox 201 4547 2791 4617; baseline -0.001 -12"><span class='ocrx_word' id='word_1_456' title='bbox 201 4555 267 4605; x_wconf 87' lang='grc'><strong>17</strong></span> <span class='ocrx_word' id='word_1_457' title='bbox 309 4554 402 4617; x_wconf 83' lang='lat' dir='ltr'><strong>qui</strong></span> <span class='ocrx_word' id='word_1_458' title='bbox 435 4551 662 4602; x_wconf 76' lang='lat' dir='ltr'><strong>ablatiuo</strong></span> <span class='ocrx_word' id='word_1_459' title='bbox 688 4550 871 4601; x_wconf 77' lang='lat' dir='ltr'><strong>similis</strong></span> <span class='ocrx_word' id='word_1_460' title='bbox 898 4551 1152 4601; x_wconf 85' lang='lat' dir='ltr'><strong>inuenitur</strong></span> <span class='ocrx_word' id='word_1_461' title='bbox 1181 4565 1295 4600; x_wconf 79' lang='lat' dir='ltr'><strong>nam</strong></span> <span class='ocrx_word' id='word_1_462' title='bbox 1328 4550 1529 4614; x_wconf 76' lang='lat' dir='ltr'><strong>quando</strong></span> <span class='ocrx_word' id='word_1_463' title='bbox 1559 4564 1594 4608; x_wconf 97' lang='lat'>5</span> <span class='ocrx_word' id='word_1_464' title='bbox 1758 4547 2091 4615; x_wconf 72' lang='lat' dir='ltr'><strong>quamquam]</strong></span> <span class='ocrx_word' id='word_1_465' title='bbox 2128 4565 2221 4614; x_wconf 70' lang='lat' dir='ltr'><strong>qq,</strong></span> <span class='ocrx_word' id='word_1_466' title='bbox 2254 4549 2347 4598; x_wconf 72' lang='lat' dir='ltr'><strong>hoc</strong></span> <span class='ocrx_word' id='word_1_467' title='bbox 2370 4558 2449 4600; x_wconf 76' lang='lat' dir='ltr'><strong>est</strong></span> <span class='ocrx_word' id='word_1_468' title='bbox 2480 4553 2717 4615; x_wconf 88' lang='lat' dir='ltr'><strong>quodque</strong></span> <span class='ocrx_word' id='word_1_469' title='bbox 2742 4553 2791 4602; x_wconf 90' lang='lat' dir='ltr'><em>P</em></span> 
     </span>
    </p>

    <p class='ocr_par' dir='ltr' id='par_1_5' title="bbox 197 4619 2785 4900">
     <span class='ocr_line' id='line_1_44' title="bbox 379 4619 2614 4677; baseline -0.001 -5"><span class='ocrx_word' id='word_1_470' title='bbox 379 4622 446 4673; x_wconf 88' lang='lat'><strong>18</strong></span> <span class='ocrx_word' id='word_1_471' title='bbox 483 4623 596 4672; x_wconf 86' lang='lat' dir='ltr'><strong>dico</strong></span> <span class='ocrx_word' id='word_1_472' title='bbox 633 4637 688 4671; x_wconf 86' lang='lat' dir='ltr'><strong>re</strong></span> <span class='ocrx_word' id='word_1_473' title='bbox 723 4636 844 4671; x_wconf 80' lang='lat' dir='ltr'><strong>uera</strong></span> <span class='ocrx_word' id='word_1_474' title='bbox 879 4621 1076 4671; x_wconf 88' lang='lat' dir='ltr'><strong>doctior</strong></span> <span class='ocrx_word' id='word_1_475' title='bbox 1107 4621 1194 4671; x_wconf 88' lang='lat' dir='ltr'><strong>illo</strong></span> <span class='ocrx_word' id='word_1_476' title='bbox 1228 4630 1279 4672; x_wconf 85' lang='lat' dir='ltr'><strong>et</strong></span> <span class='ocrx_word' id='word_1_477' title='bbox 1312 4621 1508 4672; x_wconf 83' lang='lat' dir='ltr'><strong>doctior</strong></span> <span class='ocrx_word' id='word_1_478' title='bbox 1542 4623 1604 4672; x_wconf 83' lang='lat' dir='ltr'><strong>ab</strong></span> <span class='ocrx_word' id='word_1_479' title='bbox 1641 4620 1728 4672; x_wconf 89' lang='lat' dir='ltr'><strong>iilo</strong></span> <span class='ocrx_word' id='word_1_480' title='bbox 1766 4622 1945 4671; x_wconf 81' lang='lat' dir='ltr'><strong>eadem</strong></span> <span class='ocrx_word' id='word_1_481' title='bbox 1980 4619 2029 4668; x_wconf 86' lang='lat' dir='ltr'><em>P</em></span> <span class='ocrx_word' id='word_1_482' title='bbox 2196 4621 2265 4672; x_wconf 85' lang='lat'><strong>24</strong></span> <span class='ocrx_word' id='word_1_483' title='bbox 2312 4628 2361 4669; x_wconf 85' lang='lat' dir='ltr'><strong>et</strong></span> <span class='ocrx_word' id='word_1_484' title='bbox 2393 4636 2488 4670; x_wconf 82' lang='lat' dir='ltr'><strong>om.</strong></span> <span class='ocrx_word' id='word_1_485' title='bbox 2528 4621 2614 4677; x_wconf 87' lang='lat' dir='ltr'><strong>P5</strong></span> 
     </span>
     <span class='ocr_line' id='line_1_45' title="bbox 197 4687 2785 4759; baseline -0.001 -14"><span class='ocrx_word' id='word_1_486' title='bbox 197 4694 272 4745; x_wconf 84' lang='lat'><strong>25</strong></span> <span class='ocrx_word' id='word_1_487' title='bbox 310 4693 356 4742; x_wconf 86' lang='lat' dir='ltr'><strong>it</strong></span> <span class='ocrx_word' id='word_1_488' title='bbox 393 4687 608 4757; x_wconf 80' lang='lat' dir='ltr'><strong>clamor]</strong></span> <span class='ocrx_word' id='word_1_489' title='bbox 658 4693 815 4756; x_wconf 70' lang='lat' dir='ltr'><strong>Ver-9.</strong></span> <span class='ocrx_word' id='word_1_490' title='bbox 847 4691 978 4744; x_wconf 83' lang='lat' dir='ltr'><strong>Aen.</strong></span> <span class='ocrx_word' id='word_1_491' title='bbox 1019 4692 1066 4740; x_wconf 89' lang='lat' dir='ltr'>V</span> <span class='ocrx_word' id='word_1_492' title='bbox 1086 4691 1185 4742; x_wconf 81' lang='lat'><strong>451</strong></span> <span class='ocrx_word' id='word_1_493' title='bbox 1294 4690 1436 4740; x_wconf 82' lang='lat' dir='ltr'><strong>caelo</strong></span> <span class='ocrx_word' id='word_1_494' title='bbox 1467 4698 1523 4741; x_wconf 89' lang='lat' dir='ltr'><strong>ut</strong></span> <span class='ocrx_word' id='word_1_495' title='bbox 1559 4692 1779 4743; x_wconf 88' lang='lat' dir='ltr'><strong>subeunt</strong></span> <span class='ocrx_word' id='word_1_496' title='bbox 1813 4691 1895 4740; x_wconf 83' lang='lat' dir='ltr'><strong>P.-</strong></span> <span class='ocrx_word' id='word_1_497' title='bbox 1936 4691 2092 4755; x_wconf 81' lang='lat' dir='ltr'><strong>Ver-9.</strong></span> <span class='ocrx_word' id='word_1_498' title='bbox 2122 4689 2253 4759; x_wconf 42' lang='lat' dir='ltr'><strong>Aen,</strong></span> <span class='ocrx_word' id='word_1_499' title='bbox 2283 4689 2372 4740; x_wconf 84' lang='lat' dir='ltr'><strong>Vn</strong></span> <span class='ocrx_word' id='word_1_500' title='bbox 2406 4691 2499 4742; x_wconf 75' lang='lat'><strong>161</strong></span> <span class='ocrx_word' id='word_1_501' title='bbox 2538 4705 2785 4755; x_wconf 88' lang='lat' dir='ltr'><strong>muroque</strong></span> 
     </span>
     <span class='ocr_line' id='line_1_46' title="bbox 199 4760 2783 4828; baseline -0 -15"><span class='ocrx_word' id='word_1_502' title='bbox 199 4763 455 4814; x_wconf 81' lang='lat' dir='ltr'><strong>subibant</strong></span> <span class='ocrx_word' id='word_1_503' title='bbox 595 4761 662 4812; x_wconf 78' lang='lat'><strong>29</strong></span> <span class='ocrx_word' id='word_1_504' title='bbox 700 4761 753 4810; x_wconf 89' lang='lat' dir='ltr'><strong>id</strong></span> <span class='ocrx_word' id='word_1_505' title='bbox 782 4769 858 4811; x_wconf 86' lang='lat' dir='ltr'><strong>est</strong></span> <span class='ocrx_word' id='word_1_506' title='bbox 893 4761 1090 4826; x_wconf 83' lang='lat' dir='ltr'><strong>species</strong></span> <span class='ocrx_word' id='word_1_507' title='bbox 1125 4761 1174 4810; x_wconf 89' lang='lat' dir='ltr'><em>P</em></span> <span class='ocrx_word' id='word_1_508' title='bbox 1341 4760 1408 4812; x_wconf 88' lang='grc'><strong>30</strong></span> <span class='ocrx_word' id='word_1_509' title='bbox 1445 4761 1498 4810; x_wconf 91' lang='lat' dir='ltr'><strong>id</strong></span> <span class='ocrx_word' id='word_1_510' title='bbox 1529 4769 1607 4812; x_wconf 87' lang='lat' dir='ltr'><strong>est</strong></span> <span class='ocrx_word' id='word_1_511' title='bbox 1639 4761 1881 4828; x_wconf 86' lang='lat' dir='ltr'><strong>ternplum</strong></span> <span class='ocrx_word' id='word_1_512' title='bbox 1919 4761 1970 4810; x_wconf 90' lang='lat' dir='ltr'><em>P</em></span> <span class='ocrx_word' id='word_1_513' title='bbox 2120 4760 2183 4813; x_wconf 84' lang='lat'><strong>31</strong></span> <span class='ocrx_word' id='word_1_514' title='bbox 2223 4763 2566 4828; x_wconf 81' lang='lat' dir='ltr'><strong>corripiuntur</strong></span> <span class='ocrx_word' id='word_1_515' title='bbox 2600 4777 2635 4818; x_wconf 89' lang='lat'>5</span> <span class='ocrx_word' id='word_1_516' title='bbox 2672 4777 2783 4812; x_wconf 87' lang='lat' dir='ltr'><strong>cor-</strong></span> 
     </span>
     <span class='ocr_line' id='line_1_47' title="bbox 199 4829 994 4900; baseline -0.006 -17"><span class='ocrx_word' id='word_1_517' title='bbox 199 4835 406 4900; x_wconf 85' lang='lat' dir='ltr'><strong>ripiunt</strong></span> <span class='ocrx_word' id='word_1_518' title='bbox 440 4833 492 4883; x_wconf 93' lang='lat' dir='ltr'><em>P</em></span> <span class='ocrx_word' id='word_1_519' title='bbox 627 4829 692 4883; x_wconf 76' lang='lat'><strong>37</strong></span> <span class='ocrx_word' id='word_1_520' title='bbox 730 4838 783 4880; x_wconf 87' lang='lat' dir='ltr'><strong>ut</strong></span> <span class='ocrx_word' id='word_1_521' title='bbox 816 4845 907 4882; x_wconf 85' lang='lat' dir='ltr'><strong>om.</strong></span> <span class='ocrx_word' id='word_1_522' title='bbox 943 4830 994 4878; x_wconf 85' lang='lat' dir='ltr'><em>P</em></span> 
     </span>
    </p>
   </div>
   <div class='ocr_carea' id='block_1_4' title="bbox 308 4921 2379 4984">
    <p class='ocr_par' dir='ltr' id='par_1_6' title="bbox 308 4921 2379 4984">
     <span class='ocr_line' id='line_1_48' title="bbox 308 4921 2379 4984; baseline 0.003 -19"><span class='ocrx_word' id='word_1_523' title='bbox 308 4921 612 4966; x_wconf 75' lang='lat' dir='ltr'><strong>GRAMMAT.</strong></span> <span class='ocrx_word' id='word_1_524' title='bbox 647 4921 770 4964; x_wconf 77' lang='lat' dir='ltr'><strong>LAT.</strong></span> <span class='ocrx_word' id='word_1_525' title='bbox 799 4921 893 4967; x_wconf 83' lang='lat'><em>1111.</em></span> <span class='ocrx_word' id='word_1_526' title='bbox 2298 4921 2379 4984; x_wconf 85' lang='lat'><strong>28</strong></span> 
     </span>
    </p>
   </div>
  </div>
 </body>
</html>
