3434 5442
683 334 806 396 542
1814 330 2118 413 [sanan]

784 437 816 478 s.
843 437 918 478 62*
945 439 1041 479 cod.
1068 437 1173 478 Lav-

679 518 866 578 cativo
909 534 946 577 o
991 525 1248 597 tapetae,
1305 516 1555 580 ablativo
1613 515 1687 578 ab
1743 516 1837 578 his
1890 521 2132 599 tapetis:
2189 522 2385 582 neutri
2441 529 2633 584 autem
2690 525 2929 602 generis
2970 525 3053 585 sic
3092 527 3225 606 apud

680 615 998 697 Vergilium
1045 617 1268 700 [dativo
1311 618 1406 682 his
1449 617 1802 700 tapetibus],

1932 723 2060 803 qui
2102 723 2299 785 forte
2342 724 2728 806 tapetibus
2771 725 2953 788 altis

983 830 1376 886 extructus
1419 830 1587 885 toto
1632 821 2029 904 proflabat
2069 834 2385 905 pectore
2428 846 2793 899 somnum:

627 927 822 987 sitem
866 925 1020 1005 apud
1066 923 1350 986 Lucilium
1399 922 1676 1005 [ablativo
1721 925 1794 987 ab
1838 925 1934 988 his
1976 926 2298 1009 tapetibus]

1525 1036 1741 1088 erant
1784 1034 1857 1088 et
1900 1045 2261 1108 equorum
2304 1029 2657 1093 inaurata
2702 1039 2978 1113 tapeta,

676 1149 786 1212 per
843 1128 1108 1210 regulam
1169 1127 1572 1192 declinationis
1613 1127 1824 1200 talem,
1882 1131 2239 1192 nominativo
2283 1130 2398 1192 hoc
2440 1140 2732 1212 tapetum,
2778 1137 3036 1214 genitivo
3078 1135 3231 1212 buius

675 1235 891 1313 tapeti,
947 1231 1141 1294 dativo
1200 1231 1340 1293 huic
1393 1237 1620 1313 tapeto,
1679 1232 2009 1294 accusativo
2066 1232 2179 1295 boc
2235 1241 2526 1313 tapetum,
2583 1237 2844 1298 vocativo
2890 1255 2927 1298 o
2971 1244 3227 1316 tapetum,

677 1333 928 1396 ablativo
973 1333 1048 1396 ab
1091 1335 1206 1396 boc
1251 1340 1480 1413 tapeto;
1527 1341 1588 1393 et
1630 1331 1937 1413 pluraliter
1981 1336 2339 1397 nominativo
2383 1336 2533 1398 haec
2574 1344 2798 1418 tapeta,
2844 1340 3095 1418 genitivo
3136 1341 3232 1400 bo-

607 1460 652 1500 ιο
677 1455 813 1499 rum
869 1443 1231 1517 tapetorum,
1289 1435 1481 1497 dativo
1526 1435 1618 1496 bis
1660 1437 1903 1514 tapetis,
1961 1439 2219 1499 vocativo
2265 1457 2302 1500 o
2344 1422 2571 1518 tapeta,
2619 1439 2869 1502 ablativo
2914 1439 2989 1502 ab
3032 1441 3119 1500 his
3154 1450 3233 1502 ta-

676 1541 848 1620 petis.
937 1546 999 1600 et
1039 1555 1150 1600 nos
1192 1547 1404 1599 neutro
1449 1537 1717 1600 dicimus.

848 1639 946 1702 Sal
1003 1636 1312 1701 masculini
1367 1639 1602 1718 generis
1644 1647 1758 1702 est:
1820 1639 2081 1704 Lucilius
2125 1644 2287 1702 ‘ore
2341 1639 2573 1704 salem
2630 1646 3015 1723 expiravit
3058 1663 3234 1705 ama-

675 1747 900 1812 rum';
966 1742 1280 1804 Terentius
1345 1741 1505 1820 ‘qui
1566 1740 1788 1804 babet
1844 1741 2077 1805 salem
2138 1742 2332 1824 quod
2384 1735 2460 1805 in
2512 1753 2583 1805 te
2640 1750 2822 1817 est’,
2882 1744 2989 1808 sed
3042 1745 3236 1808 melius

679 1844 874 1926 ‘quod
917 1843 1112 1916 salis',
1157 1843 1219 1905 id
1264 1849 1354 1904 est
1396 1851 1624 1923 partem
1670 1842 1839 1914 salis;
1896 1843 2184 1907 Salustius
2229 1850 2509 1926 ‘neque
2552 1845 2779 1909 salem
2824 1865 3065 1928 neque
3106 1847 3235 1908 alia

603 1948 1157 2014 isinritamenta
1209 1943 1424 2025 gulae
1490 1944 2027 2025 quaerebant'.
2113 1945 2381 2028 plerique
2439 1957 2499 2010 et
2550 1957 2761 2010 neutro
2816 1966 3035 2028 genere
3086 1949 3235 2011 dixe·

679 2056 849 2111 runt:
894 2049 1116 2110 Marius
1155 2065 1465 2110 causarum
1495 2045 1851 2110 naturalium
1900 2053 2065 2109 ‘cur
2105 2047 2212 2110 sal
2256 2049 2723 2129 inquinatius
2763 2049 2877 2112 vel
2922 2051 3235 2131 nigrius?

677 2152 846 2230 quia
890 2149 996 2211 sal
1038 2158 1206 2212 usto
1249 2158 1684 2227 congestum
1732 2153 1907 2220 est';
1953 2152 2096 2212 item
2142 2150 2451 2212 masculini
2494 2150 2806 2232 pluraliter
2850 2157 3236 2233 ‘protenus

677 2260 1028 2314 crescunt
1074 2251 1307 2313 effusi
1350 2249 1606 2314 sales’.

845 2352 1047 2417 Culter
1091 2352 1399 2415 masculini
1439 2354 1678 2432 generis
1721 2361 1842 2415 est:
1886 2353 2126 2415 Plautus
2167 2356 2229 2415 in
2274 2353 2465 2418 milite
2505 2354 2765 2436 glorioso

600 2477 655 2520 ss
980 2455 1145 2518 vide
1191 2456 1289 2517 sit
1331 2453 1477 2516 tibi
1520 2463 1805 2526 acutus,
1852 2454 2105 2528 Cario,
2150 2453 2403 2518 culter
2445 2456 2702 2539 probe,

678 2566 739 2620 et
785 2555 1068 2636 Vergilius
1111 2558 1522 2636 georgicorum
1567 2555 1723 2618 libro
1766 2556 1847 2618 lit

981 2667 1049 2722 at
1094 2661 1211 2720 vix
1253 2659 1628 2740 suppositi
1672 2660 2072 2738 tinguntur
2116 2663 2479 2738 sanguine
2522 2660 2783 2734 cultri,

677 2764 820 2824 item
863 2762 925 2822 in
971 2759 1044 2822 Vl
1087 2765 1554 2841 ‘supponunt
1597 2758 1735 2822 alii
1778 2759 2125 2823 cultros'.

847 2863 994 2925 Sero
1037 2870 1162 2924 tres
1205 2861 1385 2925 babet
1426 2863 1911 2942 significationes:
1970 2863 2261 2943 significat
2314 2869 2332 2897 ‘
2350 2882 2487 2927 sero
2530 2884 2803 2928 rumores
2818 2872 2860 2939 ³,
2916 2867 2975 2928 id
3030 2877 3117 2928 est
3158 2868 3237 2928 di-

601 2987 654 3030 25
687 2964 890 3044 vulgo,
934 2964 1322 3043 praeteritum
1364 2972 1603 3045 tempus
1643 2965 1787 3027 facit
1826 2966 2015 3036 serui,
2062 2974 2128 3027 ut
2170 2967 2327 3044 apud
2370 2965 2693 3047 Vergilium

977 3083 1463 3147 rumoresque
1505 3069 1699 3128 serit
1742 3068 1999 3129 varios
2043 3085 2123 3128 ac
2166 3067 2347 3129 talia
2390 3069 2621 3143 satur,

675 3170 843 3232 cuius
885 3171 1206 3249 praeterito
1261 3186 1402 3230 usus
1445 3176 1536 3230 est
1579 3166 1867 3230 Salustius
1923 3187 2036 3250 per
2080 3171 2567 3249 conpositionem,
2617 3173 2635 3204 e
2654 3171 2695 3232 h
2715 3189 2798 3234 oc
2844 3172 3056 3242 modo
3096 3173 3239 3234 dis·

673 3271 979 3333 seruit’:
1037 3271 1184 3332 item
1228 3273 1400 3331 ‘sero
1443 3270 1680 3350 fruges’
1727 3273 2111 3352 praeteritum
2156 3280 2388 3353 tempus
2430 3273 2763 3351 perfectum
2806 3274 2952 3337 facit
2994 3279 3143 3346 sevi,
3184 3283 3240 3336 ut

673 3370 932 3436 Lucilius

597 3493 650 3535 sn
1162 3473 1280 3534 hic
1323 3481 1494 3535 sunt
1535 3474 1843 3547 herbae,
1888 3493 2069 3557 quas
2114 3479 2307 3539 sevit
2346 3477 2685 3559 luppiter
2733 3478 2929 3557 ipse:

849 3645 876 3698 l
913 3645 977 3697 ab
1006 3644 1090 3695 his
1127 3644 1380 3711 tapetibus
1409 3645 1458 3694 L
1624 3643 1657 3696 3
1698 3647 1786 3710 qui
1827 3643 1977 3714 forte]
2026 3648 2185 3714 Vero.
2221 3649 2351 3698 Aen.
2388 3648 2529 3698 Vltn
2565 3647 2665 3700 325
2831 3649 2863 3698 5
2900 3647 3042 3714 apud
3078 3649 3237 3699 linium

675 3723 820 3767 eraut
865 3715 1089 3766 ablatiuo
1131 3714 1195 3764 ab
1240 3715 1322 3765 bis
1362 3716 1616 3780 tapetibus
1653 3725 1702 3766 et
1738 3729 1983 3780 equorum
2019 3717 2099 3768 L:
2151 3716 2372 3768 Lucilius
2408 3727 2553 3768 erant
2588 3731 2639 3769 et
2685 3731 2930 3781 equorum
2966 3719 3166 3770 Probus
3185 3735 3235 3784 p.

676 3787 779 3839 344
919 3788 950 3836 7
985 3783 1084 3836 boc
1127 3793 1353 3851 tapetum
1386 3785 1485 3850 (-te
1526 3789 1569 3850 l)
1621 3787 1848 3852 genitiuo
1896 3786 2049 3837 huius
2096 3790 2254 3853 tapeti
2286 3787 2403 3854 (·tis
2435 3787 2479 3852 l)
2512 3787 2688 3839 datiuo
2724 3787 2844 3840 huie
2877 3797 3051 3854 tapeto
3084 3790 3171 3855 (-ti
3202 3787 3237 3850 1)

675 3856 960 3916 accusativo
1003 3854 1100 3904 hoc
1135 3862 1304 3922 tapete
1336 3857 1573 3906 uocatiuo
1610 3871 1641 3906 o
1677 3864 1845 3922 tapete
1879 3856 2100 3908 ablatiuo
2133 3860 2198 3908 ab
2228 3857 2324 3908 boc
2354 3865 2522 3925 tapete
2560 3859 2627 3912 L.
2653 3865 2759 3910 tres
2786 3859 2995 3910 nontinis
3030 3859 3237 3909 declina·

675 3931 834 3980 tiones
848 3926 959 3978 olim
981 3925 1182 3988 positae
1208 3927 1370 3990 finisse
1393 3925 1644 3988 videntur,
1666 3923 1751 3976 hic
1767 3935 1953 3992 tapeta,
1981 3926 2078 3978 hoc
2103 3936 2346 3992 tapetum,
2376 3927 2477 3979 boc
2505 3935 2701 3994 tapete;
2732 3929 2988 3979 sectandae
3014 3937 3173 3980 autem
3196 3935 3239 3978 et

675 4002 858 4051 tertiae
907 3996 1255 4048 declinationis
1298 3998 1496 4060 formae
1537 3999 1616 4049 vel
1659 3999 1971 4063 grammatici
2016 3999 2095 4048 vel
2138 3999 2457 4050 libr-arionem
2498 4014 2681 4051 errore
2726 3999 2904 4050 ordine
2950 4001 3238 4063 perturbato

672 4072 898 4132 scriptae
920 4073 1038 4116 sime
1176 4067 1243 4117 10
1277 4067 1450 4118 datiuo
1486 4065 1569 4117 bis
1605 4067 1856 4132 tapetibus
1888 4067 1936 4116 L
2077 4067 2301 4119 ablatiuo
2338 4068 2400 4118 ab
2433 4067 2513 4118 bis
2548 4068 2804 4134 tapetibus
2845 4067 2895 4117 L
3042 4070 3105 4120 12
3140 4064 3236 4131 Sal]

673 4138 832 4192 Proh,
868 4137 934 4187 de
965 4151 1092 4190 nont.
1127 4149 1180 4199 p.
1201 4138 1303 4192 217
1333 4137 1415 4188 ed.
1443 4137 1618 4201 Vivat„
1657 4137 1855 4192 Charis.
1886 4153 1941 4201 p.
1965 4135 2051 4202 82,
2087 4138 2343 4192 madan.
2379 4153 2434 4202 p.
2454 4137 2575 4204 643,
2610 4137 2843 4193 voment.
2876 4153 2932 4202 p.
2970 4137 3112 4191 2030

673 4208 943 4259 masculini
975 4221 1040 4272 ge
1077 4215 1154 4256 est
1190 4208 1393 4258 lucilius
1429 4209 1449 4257 l
1477 4207 1747 4259 masculini
1796 4217 1875 4258 est
1922 4206 2087 4258 lucius
2121 4209 2171 4258 L
2312 4209 2543 4274 expiauit
2578 4207 2628 4257 L
2769 4208 2835 4260 13
2862 4209 3133 4260 terrentius
3166 4207 3237 4258 L:

674 4277 904 4331 Eimuck.
932 4278 1001 4327 111
1038 4277 1087 4340 1,
1129 4277 1194 4328 10
1329 4277 1512 4328 melius
1545 4294 1641 4334 om,
1681 4277 1746 4341 L,
1784 4277 1910 4332 add.
1946 4281 1966 4328 l
2112 4279 2171 4328 14
2210 4275 2486 4346 Salustius]
2532 4277 2761 4344 luam-th.
2800 4277 2868 4330 89
3012 4279 3076 4330 15
3102 4277 3237 4346 gylae

677 4399 727 4458 L
869 4399 934 4453 16
969 4363 1126 4452 mags
1161 4413 1426 4450 causarum
1461 4409 1756 4450 naturarum
1791 4397 1843 4448 L
1877 4397 2129 4450 Fabianus
2162 4414 2425 4450 causarum
2465 4400 2769 4450 naturalium
2807 4398 3012 4450 Probus
3045 4407 3095 4450 et
3123 4399 3234 4451 GM-

673 4473 828 4523 rist'us
967 4485 1057 4520 cur
1091 4471 1166 4522 sal
1197 4469 1335 4519 aliud
1366 4469 1676 4534 inquinatius
1703 4467 1907 4521 Probus
2051 4469 2110 4520 17
2141 4470 2217 4521 sol
2254 4485 2395 4524 corr.
2432 4470 2507 4520 sal
2537 4471 2619 4520 L.-
2660 4469 2735 4519 sal
2764 4486 2793 4520 e
2818 4469 2924 4520 luto
2951 4479 3233 4536 congestum

674 4541 878 4593 Probus
986 4540 1050 4592 19
1081 4536 1272 4607 Culter]
1302 4540 1448 4592 Seru.
1469 4542 1520 4590 in
1547 4542 1703 4606 Ver-9.
1735 4539 1865 4594 Aen.
1891 4539 1961 4588 Vl
1985 4539 2088 4592 248
2191 4541 2245 4590 in
2275 4537 2437 4590 milite
2468 4537 2719 4607 glorioso]
2748 4539 2797 4590 V
2822 4540 2866 4603 1,
2887 4540 2920 4590 4
2940 4542 3012 4602 (υ.
3036 4537 3235 4601 139711)

813 4613 883 4664 20
917 4609 1054 4678 vide]
1091 4613 1210 4663 inde
1250 4610 1299 4659 L
1436 4607 1606 4676 Cario]
1645 4609 1828 4660 clarior
1865 4609 1914 4658 L
2049 4609 2228 4676 probet
2254 4609 2392 4674 ποι-ξ
2414 4611 2493 4663 L:
2539 4611 2695 4676 γει-9.
2720 4623 2895 4678 aeorq.
2930 4609 3001 4658 111
3038 4609 3139 4660 492

676 4680 746 4734 23
779 4683 830 4732 in
866 4678 962 4748 VI]
998 4681 1130 4734 Aen.
1168 4683 1238 4732 Vl
1276 4681 1381 4734 248
1517 4682 1584 4731 24
1623 4677 1769 4748 Sero]
1816 4687 2047 4742 excerpt.
2087 4679 2311 4746 orthogr-
2338 4695 2397 4743 p,
2437 4679 2603 4732 2801:
2652 4679 2723 4744 cf.
2760 4680 3026 4732 Priscian.
3058 4695 3113 4744 p.
3146 4673 3234 4728 90⁰

813 4769 1204 4835 significationis
1240 4767 1290 4817 L
1387 4769 1452 4818 de
1486 4767 1646 4833 uulgo
1678 4753 1774 4834 prii
1804 4775 1853 4816 et
1888 4767 2025 4832 teffip
2064 4768 2113 4817 L
2250 4767 2319 4818 25
2346 4767 2486 4832 apud
2512 4763 2818 4834 Vergilium]
2858 4765 2997 4819 Aen.
3028 4765 3123 4816 xn
3146 4761 3234 4816 228

813 4841 878 4890 27
909 4835 1186 4904 Salustius]
1227 4837 1454 4902 Iuyurth.
1491 4837 1558 4887 84
1699 4838 1924 4887 deseruit
1955 4840 2003 4887 L
2145 4835 2214 4888 30
2238 4837 2393 4888 erbae
2427 4838 2477 4887 L
2614 4837 2837 4904 iuppiter
2862 4835 2913 4886 L
