3434 5442
631 366 756 430 554
1764 361 2067 447 [senon]

733 467 762 510 s.
779 469 854 511 ΒΡ
875 471 971 512 eod.
991 469 1086 513 [ειν.

797 547 1156 628 inaequalia:
1211 549 1368 630 quod
1423 551 1638 612 transit
1687 551 1751 610 in
1808 548 1978 611 aliam
2036 548 2319 628 regulam.
2411 567 2548 610 nam
2604 547 2769 610 soleo
2813 547 3185 628 praeteritum

630 651 954 730 perfectum
1001 650 1140 713 lacit
1167 647 1194 737 ΙΙ
1223 650 1426 713 solitus
1470 669 1628 720 sum,
1675 649 1902 730 gaudeo
1946 651 2176 731 gavisus
2205 670 2365 723 sum;
2428 667 2637 712 vescor
2664 651 3049 732 praeteritum
3080 667 3188 711 non

633 753 826 814 haben

797 855 876 916 Ea
908 855 1101 918 ·verba
1147 873 1296 937 quae
1339 855 1651 918 indicativo
1697 855 1873 918 modo
1920 871 2017 916 um
2062 854 2285 935 syllaba
2329 854 2552 916 fuerint
2590 854 2907 916 terminata
2952 855 3187 934 pmmis·

575 977 600 1018 a
629 957 812 1018 sivum
859 957 1094 1019 modum
1140 959 1204 1020 in
1247 977 1315 1019 ro
1359 956 1636 1038 syllabam
1697 959 1965 1027 mittunt,
2024 964 2089 1018 ut
2132 975 2261 1018 sum
2306 975 2437 1028 ero,
2494 975 2729 1038 possum
2776 963 3019 1036 potero,
3064 975 3189 1036 pro·

631 1077 760 1120 sum
806 1059 1098 1138 prodero,
1156 1059 1361 1120 adsum
1407 1059 1587 1121 adero
1641 1077 1682 1116 a
1754 1059 2123 1140 frequentius
2166 1059 2257 1119 fac
2298 1057 2588 1120 adicietur
2628 1057 2909 1128 verbum,
2960 1055 3189 1137 [verbo]

627 1168 694 1222 ut
735 1160 826 1222 fae
869 1163 978 1232 εἰς,
1036 1162 1128 1222 fac
1183 1163 1401 1241 prosis,
1459 1161 1552 1222 fac
1605 1163 1781 1222 adsis,
1856 1168 1947 1222 est
1988 1178 2197 1222 recens
2250 1160 2614 1222 consuetudo
2658 1159 2815 1240 apud
2858 1157 3191 1237 Vergilium,

627 1262 836 1322 ‘ades
896 1271 966 1324 et
1019 1265 1243 1343 primi
1300 1263 1466 1342 lege
1521 1262 1778 1324 litoris
1822 1268 2076 1324 oram’.
2164 1261 2343 1323 verba
2388 1281 2539 1344 quae
2579 1264 2600 1322 i
2644 1261 2837 1324 littera
2882 1262 3193 1322 terminan-

628 1371 752 1432 tur,
809 1371 874 1426 ut
916 1363 1016 1425 odi
1059 1366 1193 1426 novi
1240 1367 1507 1426 memini:
1567 1364 1715 1426 haec
1770 1383 2003 1445 quoque
2059 1364 2473 1446 promissivum
2526 1363 2765 1426 modum
2808 1365 2871 1424 in
2918 1381 2991 1424 ro
3034 1361 3194 1442 sylla·

551 1477 603 1519 10
630 1465 764 1526 bam
813 1467 1080 1536 mittunt,
1127 1467 1472 1546 imperativo
1517 1465 1694 1526 modo
1725 1467 1954 1528 adiecto
1998 1465 2090 1528 fac
2134 1466 2385 1528 dicimus
2426 1465 2518 1528 fac
2560 1465 2784 1535 oderis,
2828 1465 2921 1526 fac
2954 1464 3193 1530 noveris.

639 1567 732 1628 fac
775 1570 1146 1638 meminerim
1191 1570 1455 1649 quamvis
1497 1567 1773 1647 Virgilius
1816 1568 2030 1630 dixerit

929 1669 1526 1750 degeneremque
1571 1669 2150 1751 Neoptolemum
2192 1689 2516 1733 narrare
2558 1678 2947 1733 memento.

701 1819 716 1834 .
792 1772 876 1834 Ea
941 1771 1116 1834 verba
1184 1789 1336 1852 quae
1397 1791 1431 1832 e
1493 1779 1553 1833 et
1616 1781 1640 1834 t
1711 1771 1922 1834 litteris
1979 1773 2203 1834 fuerint
2252 1774 2561 1835 terminata
2605 1771 3003 1853 inpersonalia
3048 1779 3189 1838 sunt,

627 1874 896 1952 personis
941 1882 1002 1935 et
1045 1875 1308 1936 numeris
1353 1873 1608 1944 infinita,
1656 1883 1722 1936 ut
1766 1873 1937 1936 decet
1977 1874 2161 1954 pudet
2188 1875 2384 1937 taedet
2426 1876 2686 1955 paenitet
2726 1875 2888 1955 piget
2930 1875 3192 1934 miseret:

551 1987 602 2031 ιι
629 1976 852 2036 infinita
910 1976 1209 2055 personiS,
1267 1983 1332 2037 ut
1385 1975 1558 2037 decet
1611 1985 1707 2037 m'e
1763 1985 1822 2038 te
1880 1975 2075 2046 illum;
2130 1976 2358 2038 infinita
2413 1977 2704 2047 numeriS,
2762 1985 2830 2036 ut
2882 1976 3058 2038 decet
3108 1993 3195 2034 me

627 2095 810 2138 unum
867 2076 956 2138 vel
1011 2077 1227 2157 plures.
1317 2078 1729 2158 promissivum
1782 2078 2023 2140 modum
2080 2077 2304 2139 faciunt
2366 2077 2601 2140 decebit
2660 2075 2908 2158 pudebit
2980 2074 3195 2155 pigebit

626 2177 948 2258 paenitebit
989 2177 1319 2250 miserebit,
1365 2179 1777 2258 imperativum
1821 2179 2059 2241 modum
2106 2180 2199 2241 fac
2240 2179 2449 2242 deceat
2489 2180 2721 2242 taedeat
2760 2179 2961 2260 pigeat
3001 2179 3191 2258 paeni·

625 2287 748 2343 teat
787 2281 1081 2343 misereat.

796 2381 1118 2444 Declinatio
1165 2381 1330 2444 verbi
1381 2381 1792 2463 inpersonalis.
1881 2382 2063 2464 pudet
2122 2382 2366 2445 verbum
2420 2379 2795 2462 inpersonale
2846 2381 3010 2444 modi
3052 2381 3193 2442 indi-

551 2498 603 2540 co
629 2485 799 2544 cativi
845 2485 1127 2566 temporis
1171 2487 1500 2565 praesentis
1543 2501 1836 2565 personae
1878 2487 2117 2557 tertiae,
2164 2485 2319 2567 quod
2365 2484 2754 2547 declinabitur
2798 2485 2911 2545 sic:
2980 2483 3193 2544 indica·

627 2586 744 2647 tivo
789 2585 965 2648 modo
1010 2585 1193 2666 pudet
1233 2605 1330 2648 me
1377 2594 1433 2648 te
1475 2585 1671 2658 illum,
1715 2586 1899 2666 pudet
1946 2605 2053 2652 nos
2094 2607 2199 2651 vos
2242 2587 2402 2658 illos3
2460 2587 2669 2649 eodem
2712 2585 2893 2648 modo
2934 2593 3193 2666 tempore

626 2689 946 2769 praeterito
999 2687 1331 2768 inperfecto
1385 2687 1644 2769 pudebat
1695 2707 1797 2750 me
1858 2697 1915 2750 te
1980 2689 2143 2752 illum
2214 2707 2321 2750 nos
2380 2707 2481 2750 vos
2532 2687 2693 2759 illos;
2758 2689 2973 2750 eodem
3026 2685 3191 2749 modu

625 2801 896 2870 tempore
958 2791 1278 2870 praeterito
1335 2814 1374 2850 ι
1438 2791 2015 2872 plusquamperfecto
2080 2791 2372 2871 puduerat
2428 2809 2525 2852 me
2588 2799 2651 2852 te
2714 2788 2881 2852 illum
2937 2807 3048 2850 nos
3100 2807 3192 2849 vos

625 2891 788 2954 illos:
831 2892 1178 2970 imperativo
1221 2891 1398 2954 modo
1445 2901 1710 2973 tempore
1738 2895 2037 2974 praesenti
2066 2901 2126 2954 et
2154 2893 2355 2956 futuro
2384 2892 2458 2955 ad
2502 2890 2823 2956 secundam
2866 2899 2929 2952 et
2972 2891 3189 2952 tertia-

551 3009 602 3050 2⁵
633 3011 950 3075 personam
994 2993 1237 3071 pudeat:
1283 2995 1630 3074 promissivo
1674 2995 1849 3057 modo
1893 3003 2164 3076 tempore
2206 3003 2434 3058 tantum
2477 2994 2677 3056 futuro
2718 2992 2967 3075 pudebit
3006 3011 3101 3054 me
3140 3001 3191 3054 te

632 3093 834 3158 illum:
877 3097 1131 3176 optativo
1177 3095 1352 3158 modo
1397 3104 1666 3177 tempore
1707 3098 2007 3177 praesenti
2036 3098 2260 3159 utinam
2305 3097 2557 3177 puderet
2598 3115 2725 3167 me;
2774 3095 2984 3157 ecdem
3028 3093 3191 3156 modo

632 3206 898 3277 tempore
941 3199 1265 3278 praeterito
1309 3197 1883 3279 plusquamperfecto
1926 3201 2146 3262 utinam
2186 3199 2525 3280 puduisset3
2570 3199 2781 3261 eodem
2826 3196 3005 3258 modo
3046 3206 3189 3258 tem·

628 3317 774 3379 pore
819 3299 1018 3362 futuro
1061 3302 1286 3362 utinam
1331 3301 1571 3381 pudeat:
1616 3301 1995 3362 coniunctivo
2038 3300 2217 3363 modo
2260 3309 2529 3379 tempore
2574 3301 2873 3380 praesenti
2916 3317 3051 3360 cun
3096 3317 3193 3378 pu·

627 3402 794 3472 deat;
855 3401 1061 3464 eodem
1119 3400 1296 3464 modo
1351 3410 1619 3483 tempore
1673 3405 1991 3482 praeterito
2046 3404 2373 3483 inperfecto
2438 3421 2574 3464 cum
2638 3401 2927 3483 puderet:
2992 3399 3193 3462 eodem

547 3519 600 3561 ao
627 3503 804 3565 modo
859 3511 1128 3582 tempore
1185 3506 1504 3585 praeterito
1561 3504 1827 3585 perfecto
1882 3521 2016 3566 cum
2074 3505 2383 3584 puduerit;
2448 3504 2657 3566 eodem
2714 3502 2893 3566 modo
2937 3511 3196 3582 tempore

627 3606 950 3686 praeterito
1005 3605 1580 3686 plusquamperfecto
1626 3625 1665 3662 a
1722 3623 1857 3669 cum
1910 3605 2185 3687 pudebit:
2240 3607 2469 3670 infinito
2524 3606 2700 3668 modo
2744 3606 3013 3668 numeris
3057 3613 3195 3666 tem·

629 3706 872 3786 poribus
912 3717 976 3769 et
1017 3709 1288 3788 personis
1331 3706 1554 3788 pudere
1572 3756 1588 3779 ,
1634 3710 1957 3788 praeterito
2000 3709 2278 3790 puduisse
2296 3757 2311 3780 ,
2356 3709 2555 3771 futuro
2598 3708 2869 3788 puditum
2912 3707 3025 3767 ire.

794 3809 1036 3872 Venitur
1079 3808 1322 3872 verbum
1377 3808 1753 3890 inpersonale
1810 3811 2124 3872 indicativo
2168 3810 2343 3873 modo
2386 3819 2659 3888 tempore
2699 3809 3003 3890 praesenti
3046 3808 3199 3869 veni·

627 3922 723 3974 tur
767 3909 842 3972 ad
887 3929 982 3974 me
1025 3910 1102 3974 ad
1143 3918 1204 3972 te
1248 3911 1320 3974 ad
1365 3910 1564 3983 illum,
1619 3913 1853 3974 venitur
1894 3912 1966 3974 ad
2014 3930 2121 3974 nos
2164 3911 2239 3974 ad
2282 3931 2385 3974 vos
2426 3912 2499 3973 ad
2556 3911 2717 3982 illos;
2772 3909 2987 3972 eodem
3028 3909 3199 3972 modo

549 4034 600 4076 as
627 4023 895 4092 tempore
941 4013 1262 4093 praeterito
1307 4011 1632 4092 inperfecto
1667 4012 2008 4076 veniebatur
2053 4013 2124 4075 ad
2170 4033 2267 4078 me
2312 4013 2385 4076 ad
2430 4021 2489 4074 te
2532 4014 2603 4076 ad
2647 4011 2813 4074 illum
2858 4013 2937 4074 ad
2980 4029 3091 4074 nos
3132 4009 3201 4072 ad

803 4237 830 4289 1
869 4231 1184 4302 inaequalia]
1227 4234 1414 4286 Donat.
1445 4249 1500 4298 p.
1540 4233 1674 4286 175ss
1848 4236 1881 4284 4
1918 4235 1999 4285 Ea
2030 4233 2205 4304 verba]
2248 4237 2435 4286 Donat.
2474 4238 2510 4286 1.
2544 4249 2593 4289 c.
2624 4249 2740 4287 exc.
2770 4233 2903 4286 Bob-
2930 4249 2987 4298 ρ.
3016 4233 3137 4294 564,
3169 4234 3201 4282 2

798 4306 834 4358 6
869 4307 1072 4366 lacuna,
1111 4320 1260 4369 quant
1293 4305 1528 4368 ὐιάἰοαυί,
1561 4305 1781 4367 definitio
1814 4305 2091 4368 iumerativi
2122 4321 2149 4355 s
2185 4306 2354 4358 littera
2386 4307 2640 4356 termina&
2671 4304 2866 4356 excidit
3002 4303 3034 4352 7
3066 4303 3199 4353 adaia

626 4375 794 4426 aderis
829 4375 878 4425 L
1043 4374 1078 4426 8
1113 4375 1236 4425 ades
1275 4371 1348 4442 et]
1387 4375 1532 4424 adest
1557 4375 1634 4425 L.-
1675 4376 1833 4440 Vera.
1861 4389 2035 4440 aem-q.
2076 4376 2119 4424 ll
2155 4377 2225 4427 44
2376 4374 2563 4426 horam
2590 4375 2641 4424 L
2818 4373 2876 4424 ll
2916 4373 3151 4437 quamuis
3190 4375 3209 4421 l

629 4461 782 4508 quam
809 4445 858 4495 L
997 4441 1282 4510 Vergilius]
1323 4444 1452 4495 Aen.
1491 4445 1536 4495 11
1567 4444 1670 4496 549
1847 4443 1913 4496 13
1948 4445 2023 4494 Ea
2059 4445 2217 4496 verba
2254 4461 2385 4510 quae
2417 4454 2437 4496 t
2472 4443 2654 4494 litteris
2690 4443 2739 4492 L
2916 4441 2983 4495 tc
3020 4442 3199 4492 faciunt

630 4513 800 4567 decuit
834 4513 1041 4581 pedeuit
1077 4513 1313 4580 (pudebit
1347 4513 1394 4579 Ι)
1440 4513 1636 4581 pigebit
1669 4514 1720 4563 L
1902 4512 1967 4565 19
2012 4513 2293 4567 Declinatio
2331 4515 2473 4566 verbi
2522 4509 2883 4580 inpersonalis]
2940 4511 3105 4565 Dion.
3145 4527 3194 4575 p.

633 4585 736 4636 358
762 4601 876 4650 sqq.
917 4583 1115 4638 Charis.
1155 4601 1209 4650 p.
1233 4584 1336 4636 225
1445 4585 1514 4634 23
1550 4583 2041 4652 plusquamperfecto
2079 4586 2281 4650 puden-it
2305 4587 2373 4639 L.
2398 4585 2629 4635 zamam
2650 4584 2885 4644 indicaui,
2918 4597 3025 4648 qua
3048 4597 3196 4647 prae·

623 4658 764 4708 torui
792 4654 922 4718 perf
935 4657 1033 4709 ecci
1065 4653 1328 4714 decimatio
1359 4655 1564 4706 emeidt't.
1629 4655 1742 4706 ueta
1776 4654 1829 4703 in
1871 4656 2083 4720 reliquia
2114 4655 2525 4707 &emtionibus
2556 4655 2733 4719 siquae
2764 4653 2945 4704 decue
2972 4652 3195 4704 uidebo·-

621 4732 724 4784 ταν,
761 4727 981 4778 lacunae
1013 4724 1229 4776 indicavi
1375 4725 1442 4775 25
1477 4733 1706 4790 tempore
1736 4731 1929 4774 tantum
1964 4727 2021 4790 pt
2050 4725 2115 4792 pf
2135 4727 2349 4792 pudeuit
2380 4726 2431 4775 L
2590 4724 2655 4774 27
2688 4723 2992 4790 puduissem
3021 4725 3071 4774 L

631 4795 700 4846 28
735 4797 1112 4846 coniunctatiuo
1155 4801 1444 4846 constanter·
1479 4793 1628 4846 habet
1663 4794 1712 4844 L
1887 4793 1956 4848 30
2002 4797 2275 4861 praeterito
2314 4793 2814 4861 plusquamperfecto
2845 4809 2963 4843 cum
3010 4792 3189 4859 pedet-it

625 4864 808 4918 eodem
842 4865 993 4914 modo
1030 4873 1256 4928 tempore
1291 4864 1562 4930 praeterito
1601 4862 1827 4931 perfecto
1863 4879 1978 4916 cum
2006 4865 2220 4933 pudeuit
2253 4865 2302 4916 L
2444 4863 2515 4917 82
2544 4863 2713 4914 futuro
2746 4863 3023 4931 pudet-ire
3050 4863 3098 4914 L
