3434 5442
828 341 1078 403 NOTAE
1124 339 1605 404 LITTERARVM
1649 342 1862 404 MORE
1905 343 2246 406 VETVSTO
2707 345 2829 408 333

408 526 643 589 (lorado
688 529 783 589 dei
824 530 1009 606 gratia
1053 528 1321 590 Romano
1367 528 1643 590 omnibus
1696 531 1912 602 invicte
1955 537 2245 610 perpetuo
2289 532 2500 592 Petrus
2549 532 2832 594 diaconus

218 630 521 708 quicquid
562 629 801 710 ubique.

408 730 475 791 In
538 730 665 792 solo
727 739 995 795 materno
1060 739 1429 793 remorantes
1498 735 1842 813 apocrisarii
1911 753 1942 794 a
2011 735 2122 795 (160
2199 736 2528 795 conservati
2595 735 2829 814 imperii

218 834 593 894 matrierunt
652 853 721 894 ex
782 841 951 912 parte
1009 836 1377 914 preceptoris
1440 837 1625 894 nostri
1678 833 1910 896 Rodum
1976 835 2307 896 cancellarii
2372 839 2560 897 nostri
2616 839 2828 916 imperi

162 958 187 996 5
218 932 519 1010 flagitari.
593 935 821 996 scilicet
884 944 951 996 ut
1018 935 1233 996 librum
1306 944 1575 996 notarum
1644 939 1876 996 iamiam
1954 955 2141 1017 paene
2204 937 2460 998 deletum
2536 957 2828 1000 renovans

216 1041 465 1097 vestrae
512 1038 862 1098 eminentiae
908 1037 1283 1099 destinarem.
1374 1038 1681 1117 amplexus
1725 1055 1856 1098 sum
1910 1039 2100 1099 fateor
2144 1039 2531 1100 interioribus
2569 1040 2828 1102 brachiis

217 1140 377 1196 tanti
420 1141 827 1216 praeceptoris
870 1139 1083 1200 famina
1126 1148 1185 1198 et
1226 1139 1299 1199 de
1344 1142 1498 1200 sacri
1540 1142 1717 1200 vestri
1748 1141 1976 1218 imperii
2006 1139 2405 1200 incolumitate
2437 1141 2548 1202 deo
2587 1161 2827 1202 conser-

214 1241 423 1300 vatori
454 1242 714 1300 omnium
750 1241 965 1318 gratias
998 1243 1107 1318 egi,
1155 1240 1568 1302 ardentissimo
1600 1241 1894 1302 desiderio
1923 1241 2180 1318 flagrans
2211 1241 2444 1320 aliquod
2475 1243 2826 1321 opusculum

216 1346 397 1400 tanto
445 1343 694 1422 imperio
734 1349 968 1418 gratum
1016 1342 1315 1420 quomodo
1356 1342 1500 1404 libet
1543 1361 1806 1412 exarare,
1849 1343 2114 1403 similiter
2158 1345 2334 1403 etiam
2373 1353 2682 1406 cernentes
2724 1366 2828 1406 vos

142 1464 189 1502 10
216 1442 393 1502 omni
456 1445 599 1503 nixu
644 1449 907 1505 veterum
978 1445 1501 1524 praedecessorum
1560 1452 1890 1506 vestrorum
1955 1445 2300 1506 industriam
2359 1446 2664 1517 immitari,
2725 1451 2826 1526 qui

214 1543 419 1604 libros
462 1545 683 1625 ubique
728 1545 1027 1624 dispersos
1070 1548 1129 1605 in
1172 1545 1437 1606 Romano
1482 1546 1696 1625 palatio
1752 1547 2174 1607 adunaverunt.
2265 1546 2516 1607 Emilius
2561 1566 2819 1628 namque
2850 1545 3004 1648 {⁶5:¹3-

220 1645 454 1707 Paulus
498 1647 639 1724 imp.
672 1645 841 1706 Rom.
874 1646 1115 1707 Persem
1160 1664 1362 1724 regem
1408 1650 1878 1726 potentissimum
1925 1666 2214 1726 superans
2257 1647 2546 1709 librorum
2595 1652 2822 1727 copiam

222 1749 283 1806 in
336 1746 509 1808 urbis
553 1747 767 1826 palatio
812 1748 1105 1809 adunavit.
1166 1749 1379 1810 dehinc
1421 1748 1699 1810 Lucullus
1741 1769 1812 1810 ex
1858 1750 2100 1811 Pontica
2139 1749 2375 1827 praeda.
2438 1758 2572 1829 post
2611 1752 2826 1813 Caesar

222 1849 396 1909 dedit
450 1850 516 1910 P.
558 1850 873 1911 Terrentio
918 1849 992 1910 Μ.
1040 1849 1293 1910 Varroni
1354 1854 1667 1928 negocium
1729 1853 1982 1912 maxime
2047 1850 2397 1913 bibliotecae
2462 1853 2822 1924 exarandae;

152 1973 199 2011 15
225 1952 329 2030 qui
376 1958 499 2012 tam
539 1950 717 2012 multa
761 1953 1014 2029 scripsit,
1062 1971 1237 2030 quam
1284 1952 1462 2013 multa
1510 1954 1599 2012 vix
1647 1953 1918 2031 quisdam
1962 1953 2162 2030 legere
2207 1961 2434 2031 posset;
2481 1963 2598 2015 tam
2643 1955 2824 2015 multa
2853 1953 3008 2048 {353fo

225 2051 407 2128 legit,
456 2060 519 2113 ut
562 2051 777 2132 aliquid
818 2054 871 2113 61
914 2052 1179 2114 scribere
1220 2057 1515 2115 vacavisse
1560 2055 1838 2116 nobilitas
1881 2055 2146 2115 Romana
2201 2057 2469 2116 miretur.
2560 2055 2824 2117 similiter
2853 2053 3008 2156 ¹312?ss

227 2156 415 2214 etiam
459 2154 701 2215 Publius
736 2157 957 2218 Grecas
1002 2163 1063 2216 et
1100 2155 1332 2216 Latinas
1376 2155 1599 2216 litteras
1659 2155 1916 2216 adduxit.
1995 2157 2067 2216 de
2107 2157 2198 2216 his
2237 2175 2440 2216 verum
2483 2175 2642 2217 nunc
2682 2176 2828 2236 quas

226 2256 465 2334 primus
530 2263 697 2316 notas
746 2257 993 2318 instituit
1051 2257 1397 2318 scribamus,
1489 2257 1758 2335 vulgares
1815 2263 1983 2318 notas
2026 2257 2328 2318 Habemus
2382 2261 2610 2337 primus
2665 2259 2824 2319 mille
2855 2257 3010 2359 {ffigssfi

229 2367 287 2416 et
335 2362 577 2418 centum
620 2359 866 2427 invenit,
922 2359 995 2418 ad
1044 2359 1201 2420 hunc
1254 2359 1479 2419 scilicet
1534 2377 1736 2427 usum,
1799 2365 1864 2418 ut
1905 2360 2182 2438 quicquid
2229 2378 2336 2438 per
2391 2362 2824 2422 contentionem

154 2478 201 2518 eo
229 2460 637 2535 praesentium
684 2459 999 2530 diceretur,
1046 2460 1271 2522 librarii
1316 2460 1646 2521 scriberent
1689 2460 2023 2539 complures
2065 2461 2238 2522 simul
2283 2469 2538 2522 astantes
2583 2461 2828 2524 diversis

230 2561 389 2620 inter
446 2578 511 2620 se
558 2560 851 2638 partibuS,
920 2570 1063 2640 quot
1118 2564 1363 2641 quisque
1428 2561 1602 2622 verba
1657 2568 1715 2622 et
1768 2581 1886 2642 quo
1941 2563 2149 2622 ordine
2207 2565 2524 2642 exciperet.
2615 2564 2830 2625 dehinc

230 2660 465 2722 Tullius
508 2661 647 2722 'l'iro
694 2661 994 2724 Ciceronis
1039 2663 1286 2724 libertus
1332 2671 1501 2723 notas
1546 2665 2048 2744 praepositionum
2093 2673 2461 2726 comentatus
2499 2655 2604 2726 est.
2694 2673 2830 2745 post

231 2763 396 2824 hunc
440 2763 791 2843 Pllylargius
822 2765 1033 2826 Samus
1078 2774 1135 2826 et
1174 2765 1355 2844 aliqui
1399 2765 1718 2825 Mecenatis
1764 2763 1902 2825 alias
1939 2766 2309 2827 addiderunt.
2373 2767 2585 2828 deinde
2613 2767 2830 2828 Lucius

372 2881 513 2932 Petri
551 2883 753 2934 diaconi
804 2885 870 2933 de
904 2886 1039 2933 notis
1076 2884 1333 2934 literarum
1376 2899 1515 2933 more
1552 2884 1780 2933 Romano
1820 2885 1948 2934 liber
1984 2885 2047 2933 ad
2087 2885 2376 2936 conradum
2425 2887 2552 2950 imp.
2593 2886 2688 2935 Ro.
2727 2887 2822 2950 pri-

236 2968 373 3002 mum
420 2955 701 3015 praemittit
742 2955 795 3002 V
799 2972 821 3010 ,·
874 2953 937 3004 de
976 2955 1105 3003 notis
1158 2954 1381 3017 antiquis
1434 2955 1694 3016 inscripsit
1743 2952 1808 3001 M
1811 2972 1831 3010 ,·
1885 2955 2279 3018 subm-iptiones
2323 2957 2562 3006 Vaticani
2613 2956 2733 3006 libri
2780 2965 2830 3007 ec

236 3023 612 3073 Marc-anovani
642 3037 803 3086 supra
837 3025 1067 3088 Ieyuntur
1094 3041 1147 3088 p,
1189 3023 1285 3074 331
1435 3023 1460 3072 1
1502 3023 1705 3073 Orando
1742 3026 1862 3075 Vat.
1905 3024 2136 3087 Corando
2172 3025 2236 3072 M
2267 3024 2497 3074 Conrado
2529 3027 2584 3074 V
2706 3035 2830 3088 post

236 3093 399 3156 gratia
424 3095 645 3155 spatium
674 3107 878 3142 vacuum
898 3101 974 3143 est
1008 3096 1059 3142 in
1082 3095 1201 3143 Vae.
1235 3101 1284 3143 ei
1314 3094 1547 3157 pergitur
1570 3094 1676 3143 sic:
1714 3095 1939 3142 romanis
1961 3095 2191 3144 omnibus
2222 3095 2408 3143 invicto
2441 3094 2653 3161 populO.
2705 3097 2826 3159 imp.

240 3175 447 3210 romano
476 3163 535 3210 V
664 3163 1013 3214 ‘Restituenda
1050 3171 1129 3214 est
1166 3165 1427 3226 inscriptio
1462 3165 1637 3214 mutila
1670 3165 1743 3212 ad
1775 3165 2053 3228 exemplam
2091 3165 2338 3227 epistolae
2373 3165 2602 3215 Wibaldi
2633 3165 2830 3215 abbatis

239 3231 557 3282 Cas-cinensis
582 3235 773 3282 nornine
808 3249 857 3286 a.
886 3233 1018 3284 1137
1046 3249 1079 3282 a
1104 3235 1259 3284 Petro
1283 3236 1508 3296 scriptae
1532 3231 1771 3282 Lothario
1810 3233 1894 3282 dei
1927 3235 2088 3298 gratia
2109 3234 2450 3284 Romanorum
2492 3234 2829 3283 invictissimo

239 3299 441 3350 Caesari
482 3303 778 3366 imperatori
812 3311 1031 3368 augusto
1068 3318 1127 3352 ac
1153 3303 1507 3367 triumphatori
1544 3309 1790 3367 perpetuo
1823 3300 1992 3366 (epist.
2026 3303 2256 3353 Wibaldz·
2281 3303 2318 3351 I
2349 3304 2488 3365 apud
2512 3303 2750 3354 Mar-cene
2784 3311 2833 3353 et

236 3371 457 3419 Dur-and
490 3373 605 3421 coll.
648 3375 795 3436 antpl.
837 3375 888 3431 2,
920 3370 1070 3434 183)’
1106 3374 1249 3438 Jaffe‘
1386 3374 1419 3422 2
1456 3377 1602 3434 ‘post
1636 3371 1880 3436 quicquid
1914 3374 2080 3435 suppl.
2116 3373 2240 3422 boni
2266 3375 2345 3422 vel
2372 3375 2572 3424 similem
2609 3389 2680 3423 ex
2715 3389 2828 3424 con·

234 3443 387 3490 suetis
423 3456 489 3490 ea
527 3449 700 3492 aetate
732 3441 996 3504 formulis-³
1032 3442 1185 3507 ιΙαΙΓέ.
1254 3449 1373 3503 post
1405 3442 1592 3504 ubique
1626 3458 1661 3490 a
1696 3443 1864 3504 capite
1897 3443 2136 3504 incipitur
2168 3445 2219 3492 in
2267 3444 2516 3494 Vaticano
2552 3450 2690 3492 recte

238 3509 267 3557 3
302 3520 533 3560 materno
578 3512 698 3561 Vnt.
742 3520 930 3561 matero
968 3511 1095 3561 MV
1186 3513 1217 3561 4
1256 3511 1453 3560 Redulfl
1503 3513 1621 3560 Vat.
1666 3512 1868 3561 Rodulfl
1905 3511 2028 3563 MV
2124 3512 2410 3562 cancellarii
2445 3529 2540 3578 my.
2583 3513 2649 3562 M
2675 3520 2726 3562 et
2763 3515 2827 3572 V,

238 3579 513 3630 candella1·i
554 3579 621 3630 M
772 3581 974 3646 daffeus
1019 3581 1145 3630 haec
1188 3584 1259 3630 ita
1294 3583 1582 3632 constituit:
1622 3583 1671 3629 111
1704 3581 1815 3631 solo
1855 3590 2080 3632 materno
2117 3589 2428 3632 remorantes
2465 3583 2766 3647 apocrisarii
2801 3599 2830 3631 a

238 3649 331 3698 deo
369 3650 711 3700 conservandi
752 3652 952 3717 imperii
986 3652 1345 3701 mandaverunt
1396 3665 1459 3699 ex
1498 3658 1643 3715 parte
1682 3653 2030 3716 praeceptoris
2075 3653 2235 3702 nostri
2277 3651 2496 3702 Bertulfi
2538 3652 2830 3700 cancellarii

238 3721 381 3769 vestri
418 3721 627 3784 imperii
668 3721 909 3784 flagitari.
969 3721 1234 3783 Rodulfum
1274 3722 1625 3769 cancellarium
1661 3736 1724 3768 ea
1757 3729 1925 3771 aetate
1962 3720 2352 3783 sitisse'nuIlum,
2389 3722 2676 3784 discipulum
2700 3721 2832 3771 Ber-

239 3791 341 3850 tulfi
382 3791 686 3840 cancellarii
731 3791 939 3840 Petrum
987 3805 1045 3840 ee
1092 3792 1249 3852 izi-sum
1291 3791 1557 3852 appellare
1603 3791 1748 3839 etiam
1793 3791 1917 3841 alibi
1959 3789 2128 3854 (Mon.
2169 3790 2265 3843 SS.
2303 3791 2353 3850 7,
2399 3791 2530 3848 795;
2592 3791 2832 3842 Mar-teme

239 3867 286 3907 et
314 3859 538 3908 Darand
575 3859 622 3922 1,
662 3857 787 3922 758)
838 3875 928 3910 nec
969 3875 1095 3910 raro
1124 3861 1231 3909 cius
1278 3862 1561 3909 mentionem
1591 3869 1870 3922 praeterea
1903 3863 2106 3911 inicere.
2180 3861 2404 3911 Ceterum
2437 3863 2564 3910 satis
2597 3869 2834 3912 constare

240 3927 523 3991 Bereulfum
576 3931 707 3978 illum
758 3945 1068 3995 nequaquam
1121 3930 1285 3991 [icisse
1334 3931 1717 3991 cancellarium,
1771 3931 1869 3980 sed
1919 3931 2250 3982 tantummodo
2303 3932 2598 3992 scriptorem
2652 3933 2836 3982 domini

238 4001 573 4060 imperatoris.
646 4000 859 4064 legatum
911 4007 1073 4050 autem
1116 4000 1462 4062 &uper-adoris,
1518 4002 1604 4062 qui
1650 4003 1700 4049 in
1737 3997 1894 4050 Italia
1934 4016 2136 4050 morans
2189 4001 2316 4050 hune
2369 3999 2581 4050 libellum
2619 3999 2833 4064 Ber-tulli

240 4070 423 4119 nomine
458 4085 493 4117 α
532 4067 687 4119 Petro
713 4071 991 4135 flagitarit,
1040 4069 1207 4119 videri·
1248 4069 1412 4129 fuisse
1458 4068 1770 4130 Wihaldum,
1821 4073 1907 4134 qui
1949 4085 2054 4120 cum
2102 4069 2274 4120 Casini
2318 4069 2478 4119 abbas
2515 4071 2700 4132 fuisset
2735 4085 2834 4134 per

240 4139 425 4203 aliquot
472 4153 666 4188 menses
700 4155 749 4190 a.
798 4139 945 4197 1137,
980 4147 1163 4201 postea
1197 4144 1432 4199 suscepta
1463 4138 1667 4188 abbatia
1702 4139 1993 4190 Cor-beiensi
2026 4148 2107 4189 ter
2137 4143 2188 4190 in
2221 4138 2426 4188 Italiam
2461 4143 2652 4190 venerit
2692 4143 2830 4204 leyce-

242 4213 315 4256 tus
350 4207 580 4257 Com-adi
612 4207 724 4270 III,
759 4212 963 4271 primum
992 4207 1329 4270 probabiliter
1365 4223 1414 4259 a.
1459 4207 1612 4266 1143,
1649 4209 1830 4258 deinde
1866 4226 1916 4258 a.
1959 4208 2112 4272 1146,
2152 4213 2347 4259 tertium
2382 4223 2433 4257 a.
2475 4205 2666 4272 1151s2

244 4277 270 4322 7
310 4277 502 4326 l'aniina
544 4278 668 4328 Vat.
706 4277 895 4328 famam
935 4279 1063 4328 MV
1112 4276 1279 4326 samen
1314 4279 1601 4326 coniecerat
1634 4279 1792 4341 daffe.
1857 4297 1869 4308 ·
1977 4279 2131 4328 vestri
2177 4281 2300 4329 Vat.
2344 4280 2409 4338 V,
2451 4294 2552 4330 om.
2594 4277 2662 4326 M

242 4344 273 4394 9
302 4347 599 4396 examinare
629 4362 729 4410 pro
756 4363 969 4397 exarare
1014 4349 1133 4397 Vat.
1302 4357 1662 4396 concernentes
1708 4349 1764 4397 V
1819 4347 1971 4398 simul
2009 4349 2158 4396 etiam
2191 4361 2403 4398 cernens
2440 4349 2597 4412 Jaffe.
2766 4345 2833 4397 10

246 4417 449 4466 omnixu
492 4416 582 4476 M,
632 4421 679 4466 in
714 4431 843 4484 mys
881 4421 966 4468 ‘in
1003 4419 1072 4468 al.
1114 4417 1306 4472 omnis,
1343 4418 1437 4467 sed
1468 4418 1584 4468 vide
1618 4433 1683 4466 an
1718 4419 1856 4466 omni
1895 4418 2051 4466 nixn’
2086 4427 2136 4468 et
2162 4421 2237 4468 sic
2283 4419 2336 4466 V
2386 4419 2523 4466 omni
2563 4416 2664 4465 nisi
2709 4417 2827 4469 Vae.

344 4487 546 4536 imitare
587 4487 706 4537 Vae.
748 4485 907 4552 (unde
943 4504 1073 4552 quae
1106 4493 1381 4552 sequuntur
1411 4503 1509 4536 non
1547 4485 1765 4550 enotavi)
1879 4486 1934 4537 11
1977 4488 2166 4551 ubique
2202 4487 2463 4552 dispersos
2498 4486 2653 4536 libros
2701 4487 2758 4535 V

248 4553 307 4602 14
341 4556 670 4606 exornandae
698 4557 755 4608 V
890 4557 952 4608 15
990 4557 1258 4620 quisquam
1290 4559 1345 4607 V
1482 4557 1543 4606 17
1580 4557 1786 4607 Publius
1819 4555 1988 4606 debuit
2015 4573 2126 4608 esse
2161 4557 2319 4605 Pollio
2426 4557 2622 4606 litteras
2659 4571 2752 4606 om.
2786 4557 2841 4606 V

244 4630 421 4728 ἓξὲξ
450 4677 519 4727 M
553 4677 734 4728 iterum
765 4679 820 4726 V
958 4675 1022 4726 18
1058 4676 1306 4728 habemus
1342 4676 1468 4727 MV
1498 4676 1692 4726 Ennius
1729 4676 2134 4740 Lindenbroyius
2170 4693 2239 4726 ex
2265 4675 2468 4727 Isidoro
2612 4675 2678 4725 19
2715 4690 2833 4725 con-

244 4747 569 4812 temptionem
615 4749 671 4797 V
804 4745 873 4798 20
909 4747 1201 4811 complures
1238 4761 1319 4797 res
1362 4749 1416 4797 V
1556 4747 1740 4797 diuisis
1778 4745 1952 4798 Mare.
1994 4749 2109 4797 coll.
2135 4747 2276 4797 Rom.
2313 4755 2364 4796 et
2390 4745 2735 4808 Lindenbroq.

244 4815 309 4869 23
342 4817 539 4868 samius
580 4817 649 4870 V.
719 4819 859 4882 apud
889 4818 1141 4869 Isidorum
1175 4823 1253 4868 esi
1288 4817 1567 4882 Vipsanius
1601 4816 1933 4883 Philargyrus
1969 4824 2020 4865 et
2053 4815 2239 4879 Aquila
2275 4815 2487 4866 libertus
2524 4815 2833 4866 Maecenatis
