3434 5442
956 312 1352 375 INSTITVTA
1394 311 1675 373 ARTIVM
1716 310 2050 373 219—226
2703 310 2786 373 83

332 440 377 482 p.
402 426 575 469 isa-sc
601 427 654 467 n.
2167 472 2174 480 ,
2367 438 2416 480 p.
2441 426 2531 468 2⁷⁴.
2549 426 2602 467 vs
2625 425 2686 468 v.

246 516 431 569 causa,
485 500 761 579 quoniam
806 516 1213 577 quaecumque
1252 498 1534 563 vocabula
1586 499 1909 561 masculina
1959 499 2314 561 nominativo
2361 516 2502 561 casu
2558 498 2791 561 numeri

242 600 537 679 singularis
577 619 644 663 er
672 600 881 663 litteris
926 602 1281 665 definiuntur
1326 609 1384 664 et
1423 601 1671 664 ablativo
1710 619 1851 664 casu
1893 596 2144 683 nulmeri
2185 598 2504 677 singularis
2541 620 2574 661 e
2599 599 2790 662 littera

240 703 611 764 terminantur
656 711 717 765 et
744 723 817 765 ex
844 722 951 765 sua
992 706 1191 784 specie
1236 703 1515 767 vocabula
1555 704 1829 769 feminina
1875 705 2070 765 facere
2098 711 2362 783 possunt,
2405 702 2552 763 haec
2587 702 2792 765 eadem

240 802 505 866 vocabula
548 804 823 869 feminina
858 807 1214 869 nominativo
1262 826 1403 869 casu
1446 807 1675 868 numeri
1716 806 2030 883 singularis
2073 823 2140 866 er
2182 805 2391 867 litteris
2434 804 2792 866 definiuntur

240 912 291 965 et
330 908 559 984 generis
600 911 929 971 communis
982 926 1111 971 esse
1164 910 1637 987 pronuntiantur.
1727 926 1886 969 nunc
1929 926 2064 970 cum
2106 909 2264 970 idem
2307 908 2462 968 dicat
2505 904 2792 985 Vergilius
2843 928 2868 967 ⁵

241 1012 549 1087 ‘pauper
600 1012 669 1072 in
728 1028 927 1072 arma
981 1016 1223 1090 pater'
1278 1020 1337 1073 et
1398 1012 1784 1089 ‘genitore
1840 1010 2234 1073 Adamasto
2297 1011 2682 1089 paupere',
2738 1014 2798 1069 et

239 1110 357 1171 ideo
398 1128 626 1190 pauper
668 1112 895 1183 domuS‚
941 1130 1058 1173 non
1102 1131 1364 1192 paupera
1406 1114 1818 1193 pronuntiavit.

392 1212 541 1275 Item
588 1216 647 1273 in
687 1214 799 1276 hac
846 1232 1025 1293 supra
1071 1214 1225 1277 dicta
1270 1216 1455 1277 forma
1499 1216 1836 1293 quaeritur,
1893 1214 1966 1277 ab
2011 1233 2082 1276 eo
2126 1213 2282 1294 quod
2329 1212 2474 1275 dixit
2513 1212 2800 1293 Vergilius

239 1314 567 1393 ‘hospita
622 1323 735 1377 ter
752 1322 863 1378 ra'
913 1316 1235 1378 masculino
1290 1333 1511 1394 genere
1560 1317 1659 1378 hic
1704 1317 1923 1395 hospes
1977 1336 2054 1377 an
2097 1316 2360 1396 hospiter
2415 1332 2488 1375 an
2534 1315 2799 1393 hospitus

238 1416 421 1478 facere
449 1417 683 1479 debeat.
750 1418 851 1479 sed
885 1436 1289 1499 quaecumque
1322 1418 1604 1481 vocabula
1642 1418 1962 1483 masculina
1997 1420 2356 1481 nominativo
2387 1435 2528 1479 casu
2567 1418 2802 1479 numeri
2827 1437 2876 1479 ω

236 1517 537 1597 singularis
582 1538 647 1581 es
690 1518 897 1581 litteris
941 1519 1299 1583 definiuntur
1344 1528 1403 1583 et
1445 1541 1516 1583 ex
1558 1538 1666 1583 sua
1700 1522 1896 1600 specie
1943 1519 2228 1583 vocabula
2277 1520 2550 1581 feminina
2605 1522 2800 1580 facere

236 1627 499 1697 possunt,
544 1621 693 1683 haec
733 1622 939 1685 eadem
982 1621 1265 1685 vocabula
1305 1624 1583 1685 feminina
1626 1624 1984 1685 nominativo
2025 1642 2169 1685 casu
2209 1622 2445 1684 numeri
2487 1620 2804 1699 singularis
2911 1664 2917 1680 .

239 1738 295 1781 es
326 1721 537 1784 litteris
576 1723 939 1785 definiuntur
978 1730 1037 1786 et
1072 1727 1405 1787 communis
1438 1727 1680 1803 generis
1725 1744 1854 1787 esse
1898 1726 2372 1805 pronuntiantur,
2419 1731 2488 1785 ut
2519 1731 2662 1802 puta
2707 1723 2804 1784 hic

238 1830 383 1885 rates
424 1831 485 1885 et
526 1824 679 1887 haec
716 1832 905 1897 vates;
950 1834 1009 1889 et
1052 1826 1183 1889 ideo
1216 1826 1445 1907 hospita
1484 1827 1559 1889 ab
1604 1848 1675 1890 eo
1714 1828 1870 1908 quod
1919 1833 2009 1889 est
2044 1828 2142 1889 hic
2185 1827 2402 1907 hospes
2441 1828 2642 1889 venire
2681 1842 2802 1885 non

236 1926 534 1987 iudicatur.
625 1928 765 1989 item
818 1946 1233 2009 quaecumque⁴
1271 1928 1553 1991 vocabula
1605 1928 1932 1991 masculina
1985 1931 2338 1991 nominativo
2381 1946 2524 1991 casu
2571 1927 2802 1989 numeri
2832 1946 2880 1989 ιτ,

236 2028 535 2107 singularis
584 2048 650 2090 er
695 2028 901 2091 litteris
946 2030 1301 2093 definiuntur
1346 2038 1407 2093 et
1450 2050 1517 2093 ex
1566 2050 1673 2093 sua
1714 2034 1914 2110 specie
1962 2030 2244 2094 vocabula
2287 2032 2566 2093 feminina
2611 2030 2806 2091 facere

236 2138 503 2206 possunt,
550 2130 701 2194 haec
742 2131 943 2193 eadem
984 2132 1265 2193 vocabula
1310 2132 1583 2195 feminina
1627 2135 1687 2195 in
1731 2135 2086 2195 nominativo
2131 2152 2272 2196 casu
2329 2134 2561 2194 numeri
2605 2130 2804 2211 singuss

235 2228 363 2291 laris
398 2239 500 2293 aut
526 2232 719 2295 isdem
758 2252 823 2295 er
853 2233 1061 2295 litteris
1100 2234 1459 2296 definiuntur
1504 2242 1561 2297 et
1602 2236 1836 2313 generis
1877 2236 2205 2302 communis
2249 2252 2378 2297 esse
2419 2236 2805 2314 pronuntian-

238 2340 352 2403 tur,
416 2340 483 2396 ut
538 2342 683 2415 puta
746 2334 842 2397 hic
894 2335 1133 2399 volucer
1184 2336 1331 2399 haec
1383 2334 1651 2406 volucer';
1716 2345 1820 2399 aut
1869 2337 1942 2399 ab
1995 2337 2202 2399 eodem
2259 2336 2614 2401 nominativo
2669 2354 2808 2397 casu

236 2438 454 2513 generis
498 2437 810 2497 masculini
862 2440 923 2498 in
962 2456 1071 2499 suo
1118 2440 1473 2501 nominativo
1519 2458 1659 2501 casu
1714 2457 1824 2519 per
1865 2438 2146 2520 sylla-bam
2195 2444 2498 2507 crescunt,
2557 2446 2624 2498 ut
2665 2445 2803 2517 puta
2830 2455 2883 2497 πο

239 2536 323 2597 bic
362 2546 531 2601 tener
580 2538 727 2601 haec
769 2547 1003 2609 tenera;
1058 2548 1159 2603 aut
1200 2542 1251 2603 si
1295 2540 1370 2603 ab
1416 2542 1623 2603 eodem
1650 2537 1680 2625 ΙΙ
1708 2542 2066 2603 nominativo
2107 2559 2244 2603 casu
2300 2540 2536 2619 generis
2579 2558 2807 2601 mascu-

238 2637 358 2711 lini,
400 2644 503 2721 qui
566 2658 631 2703 er
682 2640 893 2703 litteris
938 2642 1239 2713 definitur,
1294 2644 1354 2704 in
1402 2644 1611 2705 eodem
1666 2645 2020 2705 nominativo
2077 2661 2218 2705 casu
2277 2644 2512 2721 generis
2556 2643 2647 2703 sui
2700 2659 2808 2720 per

238 2740 505 2820 syllabam
555 2762 675 2804 non
718 2751 1010 2815 crescunt,
1056 2745 1202 2807 haec
1245 2747 1305 2807 in
1346 2746 1553 2807 eodem
1601 2747 1956 2807 nominativo
1962 2764 2102 2823 ,suo
2149 2762 2258 2824 per
2305 2746 2630 2823 geminatas
2666 2760 2808 2805 con·

238 2856 503 2907 sonantes
558 2852 695 2907 ante
748 2844 1011 2909 ultimam
1054 2847 1305 2909 litteram
1348 2847 1718 2917 scribuntur,
1775 2856 1842 2909 ut
1892 2853 2032 2929 puta
2074 2846 2174 2907 hic
2217 2848 2386 2923 niger
2429 2846 2576 2908 haec
2619 2846 2806 2922 nigra.

238 2961 383 3007 nunc
434 2966 579 3009 cum
631 2947 856 3026 hospita
911 2967 1025 3011 nec
1076 2948 1149 3011 ab
1175 2950 1427 3029 ,hospite
1482 2968 1592 3013 nec
1635 2969 1668 3011 a
1708 2950 1946 3012 volucre
2003 2966 2114 3011 nec
2163 2966 2198 3009 a
2243 2954 2446 3009 tenero
2499 2948 2590 3009 vel
2631 2950 2803 3023 nigro
2831 2964 2885 3006 -25

240 3050 425 3110 venire
462 3050 831 3129 reperiatur,
890 3057 947 3113 et
986 3050 1122 3115 ideo
1164 3051 1239 3113 ab
1278 3052 1509 3131 hospito
1564 3052 1691 3115 fieri
1743 3051 2188 3131 pronuntiatur;
2248 3048 2470 3111 scilicet
2527 3051 2808 3129 quoniam

240 3168 641 3232 quaecumque
700 3154 933 3213 nomina
984 3155 1219 3231 generis
1263 3152 1569 3215 masculini
1616 3156 1972 3215 nominativo
2020 3171 2158 3214 casu
2219 3152 2454 3213 numeri
2494 3150 2808 3230 singularis

239 3268 303 3312 us
332 3251 539 3315 litteris
582 3263 719 3333 post
759 3253 1115 3333 singularem
1146 3262 1565 3317 consonantem
1610 3256 1970 3317 definiuntur
2017 3262 2075 3316 et
2103 3274 2176 3316 ex
2204 3272 2310 3315 sua
2349 3254 2546 3331 specie
2591 3270 2808 3332 genera

242 3353 503 3417 feminina
548 3356 749 3417 facere
792 3364 1063 3436 possunt,
1120 3356 1267 3419 haec
1312 3358 1515 3420 eadem
1562 3376 1780 3437 genera
1829 3358 2105 3420 feminina
2159 3358 2220 3419 in
2267 3356 2622 3417 nominativo
2669 3372 2806 3415 casu

242 3460 457 3520 numeri
504 3458 825 3537 singularis
868 3478 1059 3541 neque
1105 3477 1137 3519 a
1175 3462 1529 3521 nominativo
1565 3478 1704 3523 casu
1749 3462 1982 3522 numeri
2025 3458 2337 3539 singularis
2379 3460 2614 3535 generis
2653 3476 2806 3519 mas·
2833 3473 2886 3517 so

244 3558 407 3622 culini
445 3578 561 3639 per
614 3559 895 3641 syllabam
940 3568 1244 3631 crescunt,
1302 3579 1495 3643 neque
1542 3570 1677 3624 ante
1720 3561 1985 3625 ultimam
2029 3562 2284 3623 litteram
2333 3578 2442 3640 per
2489 3560 2812 3639 geminatas

242 3670 625 3725 consonantes
668 3663 1039 3734 scribuntur,
1098 3682 1213 3725 nec
1264 3666 1501 3741 generis
1550 3667 1882 3727 communis
1933 3682 2062 3726 esse
2111 3665 2515 3733 inveniuntur;
2572 3670 2629 3723 et
2679 3662 2810 3723 ideo

244 3762 553 3844 hospitam,
612 3773 679 3827 ut
716 3784 893 3845 supra
936 3767 1215 3837 diximus,
1262 3767 1421 3847 quod
1458 3768 1726 3847 hospitus
1769 3770 1942 3829 faciat
1989 3762 2144 3829 ratio‘
2185 3783 2364 3845 supra
2409 3765 2654 3827 decursa
2709 3764 2810 3826 de-

248 3864 436 3929 clarat.

396 3970 545 4031 Item
592 3971 651 4031 in
680 3968 793 4031 hac
836 3968 1023 4030 forma
1067 3988 1244 4049 supra
1274 3972 1488 4049 scripta
1534 3971 1856 4053 quaeritur,
1902 3970 1976 4033 ab
2027 3987 2098 4032 eo
2139 3971 2296 4060 quod
2335 3966 2497 4051 dilxit
2525 3968 2810 4046 Vergilius
2835 3982 2886 4024 ³⁵

248 4069 442 4149 ‘quin
506 4088 780 4151 aspera
839 4071 1051 4133 Iuno’
1119 4072 1214 4134 bic
1256 4091 1468 4152 asprus
1526 4090 1603 4133 an
1648 4090 1894 4152 asperus
1959 4091 2034 4133 an
2083 4090 2255 4152 asper
2320 4072 2516 4133 facere
2579 4070 2808 4131 debeat.

248 4188 416 4252 quare
454 4173 575 4235 boc
614 4192 941 4243 monemus,
989 4174 1147 4253 quod
1184 4192 1587 4257 quaecumque
1632 4177 1872 4237 nomina
1915 4177 2151 4254 generis
2192 4174 2454 4235 feminini
2497 4192 2570 4235 ex
2613 4173 2809 4249 specie

248 4288 342 4333 sua
380 4275 663 4339 vocabula
708 4264 1049 4338 masculina⁴
1084 4278 1283 4339 facere
1342 4283 1615 4357 possunt,
1678 4277 1828 4340 haec
1879 4278 2086 4339 eadem
2139 4273 2440 4337 vocabula.
2465 4271 2806 4343 masculina,

248 4375 291 4433 si
330 4377 389 4437 in
434 4377 700 4458 quolibet
756 4398 898 4440 casu
954 4379 1025 4440 ab
1077 4380 1261 4441 isdem
1318 4380 1654 4443 nominibus
1708 4382 1944 4459 generis
1987 4378 2249 4441 seminini
2293 4377 2507 4439 minori
2561 4394 2808 4438 numero

252 4476 591 4555 syllabarum
638 4484 949 4543 constituta
988 4500 1115 4545 esse
1158 4483 1562 4563 reperiuntur,
1612 4482 1760 4544 haec
1799 4499 2118 4563 numquam
2155 4481 2214 4541 in
2261 4476 2522 4559 quolibet
2565 4497 2705 4541 casu
2747 4480 2808 4539 in
2835 4490 2888 4531 ⁴⁰

376 4648 411 4701 6
443 4650 664 4718 pauper]
710 4653 867 4717 Ver-9.
903 4651 1035 4705 Aen.
1074 4654 1117 4703 11
1156 4654 1221 4703 87
1362 4655 1591 4721 genitore
1624 4653 1670 4704 R
1708 4660 1950 4719 genetore
1985 4652 2064 4704 B.-
2107 4653 2264 4717 Vera.
2304 4649 2438 4701 Aen.
2477 4650 2546 4699 111
2581 4648 2686 4701 614

256 4715 771 4852 {issrgilai‘usildfex
803 4723 869 4772 lll
907 4724 1010 4777 539
1146 4725 1214 4775 25
1246 4738 1376 4775 nnnc
1408 4726 1488 4775 Br
1523 4740 1616 4775 nec
1651 4724 1697 4775 R
1849 4722 1916 4775 35
1952 4720 2238 4789 Vergilius]
2275 4720 2406 4775 Aen.
2450 4722 2468 4771 1
2505 4718 2609 4773 279
2745 4718 2814 4772 39

2319 4878 2412 4941 6*
