3434 5442
1030 359 1128 428 DE
1169 360 1649 428 lmoMA‘rmvs
1691 363 1980 427 CAvaM
2677 365 2794 434 571

221 553 447 635 impleo
490 563 551 616 te
578 553 767 617 victus
808 562 868 616 et
910 556 1064 618 victu
1106 549 1479 635 κορέννυμί
1515 565 1613 633 σε,
1658 547 1950 634 χορτάξω
1993 563 2092 631 σε,
2139 551 2484 634 προσκορῆ
2526 564 2602 613 σε
2644 569 2802 633 τρο-

222 656 361 738 φῆς
414 655 621 737 ποιῶ,
676 657 871 736 potior
925 655 1151 718 fructus
1210 663 1269 716 et
1322 655 1519 717 fructu
1573 645 1892 716 ἀπολαύω
1947 653 2086 715 τῶν
2141 655 2447 732 καρπῶνε
2516 653 2804 734 Vergilius

224 757 373 820 dixit
429 760 757 839 ‘egressi
813 765 1059 840 optata
1116 759 1509 838 potiuntur
1565 757 1800 819 Troes
1855 756 2200 818 harena':
2267 756 2504 818 maximi
2547 757 2806 818 nominis

222 867 285 922 et
350 861 609 923 maximo
672 861 911 922 nomIne
972 877 1100 922 sum
1144 853 1620 940 μεγαλώνυμός
1676 856 1838 938 είμι,
1891 856 2212 937 μεγίστου
2269 850 2590 938 ὀνόματός
2645 856 2802 939 εἰμι,

222 961 436 1042 plenus
478 979 608 1024 sum
664 961 781 1023 cibi
836 970 897 1025 et
948 961 1079 1023 cibo
1134 956 1533 1044 κεκόρεσμαι
1587 955 2064 1043 κεχόρτασμαι,
2125 975 2272 1037 egeo
2317 961 2503 1023 victus
2545 967 2606 1021 et
2645 962 2800 1022 victu
2826 977 2852 1017 ⁵

222 1061 458 1141 πεινῶ,
502 1059 719 1146 χρῄζω
760 1060 995 1146 δέομαι
1038 1062 1314 1146 τροφῆς,
1358 1063 1610 1144 impleor
1652 1063 1772 1124 vini
1816 1070 1876 1122 et
1915 1064 2048 1123 vino
2091 1057 2348 1141 μεθύω,
2397 1063 2588 1124 οἴνου
2631 1063 2804 1143 πλη-

224 1161 349 1248 ρής
392 1163 547 1246 είμι.

393 1268 579 1330 Dativi
624 1277 685 1330 et
728 1269 1038 1331 accusativi
1084 1285 1253 1330 casus
1298 1264 1598 1350 [δοτικῆς
1626 1264 1740 1328 καὶ
1769 1263 2132 1347 αἰτιατικῆς
2173 1259 2546 1348 πτῶσεως];
2595 1266 2802 1328 adulor

224 1376 523 1449 pastorem
594 1380 649 1433 et
718 1373 943 1452 pastori
1004 1365 1297 1432 θωπεύω
1360 1364 1707 1432 κολακεύω
1773 1364 2088 1449 ποιμένα,
2159 1370 2429 1430 ministro
2487 1370 2802 1449 imperanti

222 1464 685 1554 ὑπηρετοῦμαι
729 1467 1093 1551 κελεύοντι,
1138 1463 1461 1552 ὑπουργῶ
1489 1470 1775 1552 βασιλεῖ,
1806 1469 2152 1534 administro
2183 1479 2380 1534 autem
2409 1472 2800 1550 imperantem
2827 1488 2878 1536 ιο

226 1571 466 1636 διοικῶ
506 1573 813 1655 βασιλέας
862 1574 1103 1637 consulo
1146 1575 1358 1636 infanti
1401 1573 1732 1655 φροντίζω
1779 1572 2051 1654 προνοῶ
2093 1573 2215 1634 τοῦ
2257 1572 2506 1654 νηπίου
2552 1591 2588 1626 ff
2637 1592 2652 1642 ;
2699 1573 2799 1634 ad·

223 1675 390 1738 sideo
436 1679 699 1756 praetori
741 1684 801 1740 et
842 1683 1181 1758 praetorem
1225 1673 1618 1757 παραιδρύω
1659 1674 1755 1759 τῷ
1800 1667 2104 1755 ἄρχοντι,
2151 1674 2404 1738 adtendo
2450 1673 2806 1737 declamanti

224 1786 286 1838 et
330 1777 757 1840 declamantem
789 1775 1089 1860 προσέχω
1120 1772 1240 1840 τὸν
1269 1772 1679 1858 δημηγόρονε
1728 1776 1946 1838 accedo
1983 1784 2041 1838 te
2073 1768 2390 1858 πρόσειμί
2411 1790 2537 1856 σοι,
2584 1777 2801 1839 accedo

224 1887 425 1942 autem
472 1879 607 1952 tihi,
665 1881 725 1943 id
770 1891 860 1944 est
904 1881 1108 1942 eadem
1156 1879 1261 1942 tihi
1302 1880 1521 1950 sentio,
1582 1873 1663 1940 τὰ
1708 1873 1882 1940 αὐτά
1923 1895 2032 1940 σοι
2075 1874 2402 1941 συναινῶε
2463 1880 2602 1961 quid
2647 1881 2801 1941 sutu-

224 1999 359 2043 rum
407 1990 497 2044 est
532 1986 725 2060 patri,
782 1990 845 2045 et
894 1989 1123 2044 veteres
1178 1981 1451 2044 dixerunt
1506 1981 1647 2062 quid
1702 1989 1934 2062 patrem
1986 1981 2250 2044 futurum
2293 1990 2382 2043 est
2425 1980 2490 2042 τί
2539 1981 2724 2044 ἔσται
2767 1973 2806 2043 ὁ
2827 1999 2878 2047 15

224 2079 472 2163 πατήρε
531 2084 800 2147 obtrecto
842 2083 1076 2148 mulleri
1120 2090 1181 2144 et
1221 2082 1531 2146 mulierem
1587 2078 1662 2145 τὸ
1704 2079 1988 2162 γύναιον
2032 2075 2266 2145 ἄπατῶ
2280 2127 2300 2164 ,
2344 2080 2636 2164 χλευάζω
2679 2077 2805 2166 τήν

223 2193 539 2264 γυναῖκα,
584 2186 805 2259 κακῶς
849 2179 1063 2266 αὐτὴν
1104 2185 1307 2264 ποιῶ,
1353 2185 1568 2247 deludo
1612 2192 1672 2246 el.
1713 2184 1917 2245 inludo
1960 2203 2172 2246 vanum
2219 2193 2278 2246 et
2320 2205 2468 2248 vano
2513 2181 2802 2266 έμπαίζω

223 2287 319 2368 τῷ
346 2287 631 2371 ματαίως
676 2287 950 2368 Virgilius
991 2291 1203 2349 ‘vana'
1247 2305 1375 2368 spe
1418 2287 1599 2349 lusit
1642 2291 2039 2348 amantem'
2073 2285 2244 2348 dixit:
2292 2287 2557 2351 medicor
2584 2289 2804 2350 amanti

224 2395 287 2448 et
329 2397 622 2450 amantem
671 2384 956 2472 ίατρεύω
998 2383 1359 2469 θεραπεύω
1403 2382 1522 2450 τὸν
1567 2385 1848 2471 ἐρῶντα,
1894 2387 2223 2469 praestolor
2251 2391 2468 2451 nutrici
2511 2396 2570 2451 et
2612 2392 2803 2453 nutri-

225 2507 359 2552 cem
404 2487 579 2572 σέβω
620 2485 747 2570 τήν
787 2485 1065 2573 τροφόν,
1111 2490 1285 2573 σέβω
1327 2484 1452 2572 τὴν
1493 2489 1754 2572 τίτθην,
1798 2506 1836 2543 ff
1902 2489 2066 2552 illum
2125 2498 2186 2552 et
2227 2489 2313 2554 illi
2354 2488 2636 2554 δαπανῶ
2686 2512 2802 2573 χο-
2825 2512 2878 2555 an

224 2591 413 2673 ρηγῶ
474 2593 570 2677 τῷ
620 2591 841 2672 δεῖνα,
898 2595 1195 2674 prospicio
1252 2601 1309 2654 te
1353 2590 1708 2675 προβλέπω
1755 2604 1864 2672 σε,
1911 2593 2183 2676 προορῶ
2239 2623 2278 2660 ι
2321 2637 2342 2674 ,
2407 2595 2688 2675 provideo
2745 2603 2802 2658 te

228 2691 589 2774 προβλέπω
634 2708 731 2775 σε,
779 2694 1059 2774 provideo
1102 2694 1210 2756 tihi
1252 2694 1525 2775 προνοῶ
1553 2707 1703 2774 σου,
1751 2693 1919 2757 decet
1960 2697 2108 2757 mihi
2146 2705 2206 2758 et
2245 2714 2342 2762 me
2383 2692 2622 2778 πρέπει
2664 2716 2802 2777 μοι,

226 2795 399 2857 decet
452 2805 681 2890 patrem
736 2790 1005 2878 ἀρέσκει
1056 2796 1150 2880 τῷ
1205 2796 1437 2878 πατρί,
1494 2796 1749 2859 succedo
1791 2798 1948 2878 patri
1987 2789 2458 2879 ὑπεισέρχομαι
2511 2799 2630 2860 τὸν
2673 2815 2804 2860 πα-

222 2893 401 2980 τέρα,
446 2897 701 2960 succedo
745 2917 979 2960 murum
1026 2900 1201 2972 εἴσω,
1224 2896 1465 2979 τειχῶν
1506 2898 1812 2978 γίνομαι,
1859 2895 2232 2980 εἰσέρχομαι
2273 2893 2351 2961 τὸ
2391 2908 2634 2982 τεῖχος,
2681 2908 2802 2962 stu·

226 3001 341 3062 deo
387 3001 628 3064 Graecis
672 2999 881 3062 litteris
922 3008 981 3061 et
1024 3001 1290 3062 Graecas
1328 3005 1559 3062 litteras
1601 2999 1954 3081 φιλοπονῶ
1995 2995 2151 3078 περὶ
2192 2993 2347 3074 τούς
2379 2995 2805 3083 Ἑλληνικοὺς
2827 3024 2878 3066 25

226 3099 493 3182 λόγους,
538 3098 867 3183 μανθάνω
895 3098 1244 3184 γράμματα
1265 3093 1637 3182 Ἑλληνικά,
1683 3104 1922 3164 incanto
1951 3101 2059 3164 tibi
2091 3111 2150 3164 et
2178 3111 2424 3166 excanto
2467 3113 2528 3166 te
2573 3099 2802 3187 έπᾴδω

224 3215 357 3282 σοι,
402 3204 661 3284 subrepo
705 3204 883 3266 iudici
926 3197 1263 3286 ὑπείσειμι
1302 3195 1778 3284 ὑπεισέρχομαι
1820 3197 1940 3266 τὸν
1983 3199 2328 3286 δικαστήν,
2373 3205 2632 3291 subrepo
2676 3224 2802 3268 mu-

222 3323 360 3367 rum
386 3297 523 3367 ὑπὸ
563 3314 776 3388 τεῖχος
818 3301 1023 3388 ἕρπω,
1069 3314 1451 3388 repraesento
1481 3305 1588 3367 tihi
1630 3315 1689 3368 et
1731 3313 1785 3368 te
1829 3298 2192 3388 ἄμείβομαί
2227 3320 2322 3380 σε,
2368 3299 2806 3370 ἄποκαθιστῶ

226 3419 371 3487 σοι,
416 3408 685 3470 conduco
728 3408 837 3470 tibi
879 3401 1121 3490 ῶφελῶ
1162 3421 1272 3488 σε,
1319 3407 1647 3470 λυσιτελῶ
1689 3419 1829 3486 σοι,
1877 3408 2146 3470 conduco
2186 3418 2246 3472 te
2289 3408 2668 3490 μισθοῦμαί
2701 3422 2802 3489 σε,

224 3517 462 3588 praesto
515 3511 677 3592 inopi
730 3507 1029 3592 διαφέρω
1082 3509 1206 3572 τοῦ
1261 3509 1555 3591 πτωχοῦ,
1604 3507 1868 3592 παρέχω
1911 3509 2004 3593 τῷ
2046 3503 2312 3595 ἀπόρῳ,
2357 3519 2592 3592 praesto
2636 3510 2800 3575 illum
2827 3531 2879 3574 ιο

222 3603 623 3692 ὑπερβάλλω
670 3607 955 3691 ἐκεῖνον,
1001 3612 1285 3675 antecede
1330 3617 1425 3674 illi
1462 3621 1521 3674 et
1560 3611 1726 3674 illum
1769 3611 2195 3694 προηγοῦμαι
2237 3605 2480 3692 αὐτοῦ,
2536 3621 2802 3695 tempero

224 3713 333 3776 tibi
364 3710 687 3793 φείδομαί
724 3725 872 3793 σου,
918 3707 1250 3794 ἅπέχομαί
1264 3727 1433 3792 σου,
1479 3723 1746 3796 tempero
1791 3722 1850 3776 te
1895 3708 2206 3796 κατάρχω
2249 3727 2398 3780 σου.

394 3815 582 3878 Dativi
636 3824 697 3878 et
750 3814 985 3878 ablativi
1041 3834 1239 3880 casus:
1300 3815 1548 3878 detraho
1602 3819 1708 3879 tibi
1747 3825 1807 3880 et
1858 3819 1934 3878 de
1977 3827 2036 3878 te
2079 3811 2378 3897 διασύρω
2424 3830 2532 3896 σε,
2579 3817 2802 3899 derogo

225 3916 333 3980 tibi
378 3935 445 3978 ac
490 3917 565 3978 de
606 3924 666 3979 te
712 3912 964 3980 ε’λαττῶ
1007 3931 1134 3980 σου
1150 3965 1167 3997 ,
1226 3937 1367 3980 vaco
1410 3921 1655 3980 militiae
1696 3928 1754 3981 et
1795 3918 2001 3980 militia
2017 3967 2031 3990 ,
2089 3917 2298 4000 loquor
2339 3918 2448 3980 tibi
2493 3926 2552 3980 et
2593 3920 2803 4001 loquor

222 4025 421 4082 lecum
466 4017 649 4080 λαλῶ
690 4031 818 4098 σοι,
864 4029 1005 4101 opto
1050 4021 1163 4081 deo
1200 4030 1259 4083 et
1302 4040 1335 4082 a
1378 4020 1491 4084 deo
1537 4013 1810 4102 εὔχομαι
1853 4015 1946 4105 τῷ
1985 4019 2150 4104 θεῷ.
2825 4041 2878 4083 85

360 4176 395 4223 2
432 4169 713 4240 Vergilius]
754 4173 887 4224 Aen.
924 4173 947 4223 1
984 4175 1083 4226 172
1222 4177 1257 4226 4
1290 4173 1425 4244 sum]
1476 4181 1593 4225 sunt
1627 4174 1678 4223 P
1810 4173 1845 4224 9
1896 4188 2116 4225 οωτιτω
2166 4175 2217 4224 P
2357 4171 2424 4226 10
2462 4189 2717 4228 ῑποῐπινω
2752 4179 2802 4227 Ρ

364 4244 429 4296 ll
466 4246 713 4305 mmm,
750 4259 853 4310 qua
886 4246 1163 4311 eoeevnplum
1196 4249 1473 4298 αρσωατίυέ
1501 4259 1651 4296 casm
1686 4245 1896 4307 eoea’dit,
1933 4245 2154 4296 ἐπδέοασι·
2321 4245 2542 4296 adsedeo
2582 4244 2633 4293 P

228 4315 293 4366 15
324 4313 457 4380 patri
490 4328 584 4368 mn.
626 4313 708 4364 P.-
754 4314 877 4378 quid
913 4315 1007 4366 tibi
1041 4323 1091 4365 et
1126 4317 1249 4381 quid
1286 4325 1335 4366 te
1370 4315 1597 4367 futurum
1633 4323 1711 4365 est
1749 4314 2008 4366 Charisius
2041 4313 2162 4377 296,
2199 4315 2264 4365 2:
2299 4316 2370 4378 ρΓ.
2407 4316 2569 4368 Dion.
2609 4315 2734 4380 320,
2767 4317 2802 4370 8

366 4382 433 4434 18
468 4379 738 4449 Virgilius]
754 4331 925 4435 ιιΑενι.
967 4385 989 4434 l
1021 4385 1123 4438 352
1298 4386 1363 4440 19
1404 4385 1685 4453 praestolor
1721 4385 1987 4437 Diomedes
2033 4383 2168 4448 320,
2213 4383 2246 4435 7
2281 4385 2546 4452 praecolor
2581 4385 2632 4434 P

220 4455 293 4506 20
325 4456 509 4505 lacuna
540 4451 932 4505 membranarum
956 4463 1077 4518 poet
1100 4453 1313 4523 τίτθην
1332 4461 1385 4508 ἐπ
1409 4459 1459 4507 Ρ
1492 4455 1745 4507 excidisse
1766 4455 1964 4507 videm·
1991 4455 2189 4508 verbm
2221 4457 2441 4522 praebeo
2472 4457 2553 4506 vel
2577 4457 2800 4521 inpendo

188 4551 201 4564 κ
360 4524 424 4575 21
463 4525 710 4588 lae-mm
747 4538 849 4590 qua
882 4527 1157 4589 ammplam
1187 4525 1331 4578 ver-ln·
1372 4527 1629 4594 prospicio
1664 4540 1772 4574 αισι
1819 4525 1984 4576 dativo
2034 4528 2284 4576 coniuncti
2329 4526 2548 4586 excidit,
2585 4527 2806 4579 ἐπάρασι·

360 4595 431 4645 22
465 4592 590 4645 mihi
626 4601 677 4644 et
710 4607 803 4648 οσι.
843 4595 925 4644 Ρ.·
980 4595 1127 4646 decet
1159 4594 1283 4645 mihi
1320 4604 1372 4646 et
1402 4611 1485 4647 mo
1510 4593 1724 4662 paenula
1762 4595 2020 4647 chao-ison
2040 4595 2162 4658 296,
2193 4597 2230 4647 4
2399 4597 2466 4647 25
2499 4603 2550 4646 et
2585 4591 2801 4648 Graeca

223 4667 419 4717 litteras
453 4679 544 4716 om.
584 4665 655 4716 P.-
688 4664 758 4727 ρΓ.
793 4663 990 4719 Oltam.
1030 4665 1150 4723 296,
1186 4664 1219 4715 5
1328 4666 1397 4718 26
1420 4667 1622 4716 incanto
1660 4665 1752 4714 tibi
1783 4674 1834 4716 et
1865 4674 1916 4714 te
1943 4663 2200 4716 Charisius
2234 4664 2358 4730 296,
2375 4666 2438 4719 6.
2472 4667 2544 4729 cf.
2571 4665 2800 4722 Dionea.
2881 4727 2888 4732 ,

221 4733 397 4799 320,3
482 4733 553 4786 28
585 4741 909 4800 repraesento
944 4734 1033 4785 tibi
1072 4749 1335 4787 amotum
1355 4737 1406 4786 P
1498 4735 1568 4788 29
1605 4734 1853 4785 conducto
1890 4736 2054 4786 alter-o
2088 4739 2196 4786 loco
2217 4737 2269 4786 P
2335 4735 2396 4788 31
2439 4735 2514 4785 illi
2549 4745 2600 4786 et
2634 4752 2732 4788 οπι.
2757 4736 2804 4785 Ρ

360 4803 429 4854 32
475 4798 714 4855 zai-aum
746 4819 843 4858 co!
887 4803 1097 4856 detraho
1133 4813 1183 4855 te
1216 4819 1449 4857 Atacvrw
1498 4820 1558 4857 cs
1587 4803 1756 4854 Datioi
1791 4814 1840 4854 et
1880 4805 2160 4856 accusatiui
2197 4819 2348 4858 casus
2384 4804 2586 4872 Derogo
2613 4807 2692 4857 P.
2725 4806 2798 4869 ρΓ.

222 4873 419 4928 elauris.
443 4873 564 4936 296,
588 4874 638 4941 8,
666 4875 887 4928 Dion-ed.
916 4873 1039 4940 319,
1078 4876 1109 4925 7
1216 4875 1281 4927 34
1317 4889 1480 4928 uacuo
1516 4875 1677 4926 milito
1708 4874 1888 4940 loquor
1915 4875 1966 4928 P
2065 4873 2133 4928 35
2164 4885 2282 4945 opto
2305 4876 2456 4928 deum
2492 4885 2543 4927 et
2578 4891 2609 4928 a
2632 4875 2728 4928 deo
2752 4876 2803 4927 P
