3434 5442
653 339 735 402 60
1312 417 1325 429 Ι
1823 338 2046 402 raoni

756 469 797 509 ρ.
828 456 915 498 ιω.
936 454 987 496 so
1018 456 1068 497 a.
2805 469 2847 509 p.
2875 456 2966 498 ω.
2987 457 3038 498 45
3065 454 3120 499 ν.

650 527 703 588 si
746 529 804 588 in
860 528 1065 589 eodem
1120 525 1471 606 superlativo
1528 526 1713 605 gradu
1773 529 1836 588 in
1892 526 2154 607 quolibet
2205 545 2344 589 casu
2397 535 2532 589 ante
2587 525 2850 589 ultimam
2907 529 3032 588 sive
3085 535 3222 590 ante

654 629 884 691 ultimas
926 627 1179 710 syllabas
1220 631 1273 689 ri
1328 628 1607 710 syllabam
1650 629 1870 692 babent
1923 631 2294 690 constitutam
2349 637 2406 690 et
2461 635 2707 708 possunt
2763 637 2832 690 ex
2873 648 2939 691 se
2984 631 3224 709 generis

652 730 957 792 masculini
1000 732 1229 810 positivi
1272 730 1491 809 gradus
1533 730 1732 794 facere
1777 733 2032 802 nomina,
2077 731 2323 794 eandem
2367 731 2418 792 ri
2459 729 2738 812 syllabam
2789 750 2924 792 cum
2967 749 3224 811 sequen-

654 832 809 895 tibus
860 833 1065 895 litteris
1121 835 1397 895 omittunt
1458 840 1518 895 et
1582 835 1999 896 nominativum
2063 851 2261 894 casum
2323 835 2557 895 numeri
2619 831 2928 910 singularis
2989 835 3228 910 generis

604 961 628 1000 a
656 934 959 996 masculini
1007 937 1235 1014 positivi
1276 935 1524 1012 gradus,
1568 935 1784 1016 quibus
1817 935 2040 1000 litteris,
2065 935 2405 1006 definiatur,
2451 937 2793 1008 ostendunt,
2839 941 2904 996 ut
2937 943 3078 1014 puta
3127 934 3228 995 hic

652 1039 1009 1114 nigerrimus
1049 1036 1138 1099 vel
1180 1037 1393 1098 harum
1436 1039 1890 1116 nigerrimarum
1937 1045 2036 1099 aut
2076 1037 2191 1098 boc
2231 1039 2614 1114 nigerrimum
2665 1037 2762 1098 hic
2800 1039 2970 1114 niger
3011 1037 3072 1098 in
3117 1055 3226 1116 po-

652 1139 817 1199 sitivo
870 1139 1055 1217 gradu
1072 1139 1299 1206 efacere
1354 1149 1774 1203 monstrantur.
1863 1158 2021 1202 nunc
2073 1157 2206 1201 cum
2263 1140 2418 1201 dicat
2465 1139 2672 1200 Cicero
2725 1140 2782 1200 in
2839 1140 3228 1201 frumentaria

654 1247 764 1302 ‘ut
806 1242 991 1303 odor
1034 1242 1323 1322 Aproni
1363 1245 1900 1314 taeterrimus’,
1951 1244 2154 1321 utique
2185 1244 2302 1304 iam
2341 1240 2442 1302 hic
2471 1249 2673 1310 taeter,
2719 1256 2838 1302 non
2876 1241 2972 1302 hic
3003 1249 3230 1304 taetrus

654 1341 857 1404 facere·
893 1346 1327 1422 pronuntiatur.

578 1467 629 1511 ιο
822 1446 967 1508 Item
1004 1447 1065 1507 in
1103 1445 1217 1508 bac
1253 1465 1431 1527 supra
1474 1448 1613 1509 dicti
1652 1449 1890 1525 generis
1933 1447 2118 1510 forma
2163 1446 2495 1527 quaeritur,
2555 1463 2668 1525 qua
2712 1445 2785 1506 de
2837 1463 3010 1508 causa
3057 1446 3230 1524 niger

652 1548 712 1608 in
756 1549 1025 1626 genetivo
1068 1567 1207 1611 casu
1260 1550 1491 1612 numeri
1534 1549 1849 1629 singularis
1897 1567 2006 1628 per
2060 1547 2338 1628 syllabam
2396 1565 2515 1609 non
2560 1554 2787 1608 crescat
2846 1553 2904 1608 et
2951 1554 3124 1609 tener
3167 1549 3230 1608 in

655 1651 924 1728 genetivo
992 1669 1131 1712 casu
1192 1653 1423 1714 numeri
1490 1651 1804 1730 singularis
1861 1670 1992 1731 per‘
2031 1649 2342 1731 syllabam=
2379 1656 2620 1712 crescat.
2723 1649 2833 1710 hac
2889 1648 2964 1710 de
3029 1667 3230 1720 causa,

654 1753 933 1832 quoniam
988 1754 1405 1834 cuiuscumque
1446 1755 1679 1831 generis
1737 1755 1972 1814 nomina
2025 1753 2380 1814 nominativo
2431 1770 2572 1814 casu
2625 1752 2856 1813 numeri
2913 1749 3230 1830 singularis

654 1871 719 1914 er
758 1851 963 1914 litteris
1003 1853 1376 1930 definiuntur,
1418 1862 1663 1934 excepto
1700 1857 1960 1917 vocativo
2005 1873 2146 1918 casu
2187 1855 2417 1915 numeri
2461 1851 2790 1932 singularis,
2837 1853 2884 1914 si
2921 1871 3032 1932 per
3067 1861 3228 1916 cete-

580 1977 627 2020 ta
654 1973 755 2015 ros
794 1973 965 2016 casus
1015 1957 1071 2015 in
1114 1955 1317 2017 ultima
1370 1956 1455 2018 vel
1500 1965 1635 2019 ante
1678 1956 1942 2019 ultimam
1989 1957 2268 2038 syllabam
2319 1975 2428 2036 per
2471 1957 2795 2034 geminatas
2837 1964 3231 2022 consonantes

654 2056 1013 2128 scribuntur,
1055 2075 1373 2137 numquam
1402 2077 1437 2119 a
1472 2061 1827 2121 nominativo
1867 2079 2008 2121 casu
2053 2061 2283 2120 numeri
2329 2056 2638 2136 singularis
2681 2059 2740 2118 in
2769 2064 3000 2119 ceteros
3031 2075 3228 2128 casus,

654 2166 901 2239 excepto
956 2161 1227 2237 genetivo
1284 2178 1423 2222 casu
1474 2162 1706 2223 numeri
1763 2161 2033 2241 pluralis,
2097 2180 2204 2241 per
2259 2159 2536 2241 syllabam
2595 2167 2900 2230 crescunt.
2967 2167 3034 2224 ut
3083 2167 3230 2239 puta

654 2263 821 2340 niger
864 2260 1019 2339 nigri
1061 2269 1119 2323 et
1160 2269 1355 2324 cetera
1400 2263 1553 2324 talia.
1643 2270 1701 2325 at
1744 2281 1884 2325 vero
1929 2265 2348 2342 cuiuscumque
2387 2261 2619 2341 generis
2675 2263 2910 2324 nomina
2955 2263 3232 2324 nomina-

651 2363 770 2424 tivo
826 2379 967 2424 casu
1035 2367 1265 2426 numeri
1318 2365 1627 2444 singularis
1686 2384 1751 2427 er
1815 2365 2021 2428 litteris
2085 2365 2443 2428 deliniuntur
2501 2371 2560 2426 et
2613 2381 2721 2443 per
2779 2370 3010 2426 ceteros
3055 2383 3234 2427 casus

574 2487 629 2529 so
654 2465 713 2526 in
756 2463 955 2527 ultima
1002 2465 1091 2527 vel
1134 2473 1270 2529 ante
1307 2465 1569 2528 ultimam
1614 2467 1892 2548 syllabam
1937 2486 2046 2548 per
2075 2465 2402 2546 singulares
2432 2472 2824 2528 consonantes
2861 2465 3232 2536 scribuntur,

654 2565 802 2628 baec
844 2585 885 2628 α
928 2569 1283 2630 nominativo
1326 2587 1468 2630 casu
1510 2571 1745 2632 numeri
1791 2569 2139 2649 singularis,
2199 2576 2446 2648 excepto
2493 2569 2752 2630 vocativo
2793 2585 2935 2630 casu
2989 2571 3234 2630 numeri

653 2667 981 2747 singularis,
1026 2671 1090 2730 in
1130 2678 1358 2732 ceteros
1392 2689 1562 2733 casus
1602 2691 1707 2752 per
1751 2671 2030 2754 syllabam
2076 2677 2368 2742 crescunt,
2415 2679 2481 2732 ut
2502 2663 2508 2670 ’
2518 2679 2658 2748 puta
2705 2668 2802 2730 hic
2841 2677 3009 2732 tener
3047 2669 3234 2732 huius

654 2773 860 2834 teneri.
944 2776 1035 2834 sic
1080 2779 1141 2834 et
1167 2769 1195 2856 Π
1225 2780 1421 2835 cetera
1480 2773 1645 2844 talia,
1712 2793 1865 2855 quae
1911 2775 2266 2835 nominativo
2317 2792 2456 2835 casu
2507 2773 2738 2836 numeri
2796 2771 3108 2852 singularis
3161 2793 3236 2834 er

654 2872 863 2935 litteris
906 2873 1281 2945 definiuntur,
1320 2875 1553 2955 quando
1596 2895 1627 2938 a
1662 2877 2017 2938 nominativo
2059 2893 2195 2936 casu
2229 2876 2462 2938 numeri
2503 2873 2814 2953 singularis
2857 2892 2966 2953 per
2995 2879 3235 2936 ceteros

576 2997 627 3040 τε
656 2993 828 3036 casus
871 2995 943 3038 ex
987 2975 1201 3056 syllaba
1248 2995 1520 3041 crescere
1564 2977 1652 3039 vel
1694 2997 1814 3039 non
1855 2996 2122 3040 crescere
2161 2983 2389 3056 possint
2431 2980 2827 3056 reperiuntur.
2895 2977 3010 3037 hoc
3053 2977 3234 3038 etiam

653 3095 979 3147 monemus,
1025 3079 1181 3158 quod
1224 3079 1285 3140 bi
1326 3081 1679 3150 nominativi,
1728 3101 1760 3141 a
1791 3080 2006 3160 quibus
2043 3082 2226 3141 ceteri
2263 3098 2432 3141 casus
2475 3099 2585 3160 per
2613 3078 2894 3160 syllabam
2927 3085 3232 3148 crescunt,

652 3180 785 3260 plus
837 3179 1093 3242 babeant
1140 3185 1439 3259 potestatis
1492 3185 1553 3243 in
1608 3183 1922 3244 structuris
1979 3181 2070 3244 vel
2121 3184 2354 3252 metris,
2411 3201 2586 3263 quam
2641 3181 2724 3242 illi
2777 3182 3148 3251 nominativi,
3197 3201 3234 3242 a

652 3282 869 3364 quibus
912 3284 1093 3344 ceteri
1128 3301 1298 3346 casus
1337 3301 1445 3362 per
1482 3283 1764 3366 syllabam
1809 3303 1926 3346 non
1961 3292 2253 3346 crescunt.
2309 3285 2412 3346 sed
2449 3284 2521 3345 de
2557 3283 2882 3346 eorundem
2916 3289 3233 3361 potestate,

654 3403 786 3445 cum
832 3383 903 3445 ad
948 3393 1135 3446 metra
1178 3386 1307 3465 ipsa
1340 3388 1691 3458 venerimus,
1733 3367 2108 3464 conpetenter
2147 3389 2548 3448 tractabimus.

575 3505 628 3548 so
824 3487 977 3547 Sane
1010 3488 1183 3548 etiam
1227 3487 1343 3549 boc
1386 3505 1695 3550 monemus
1739 3491 1798 3550 in
1828 3489 1940 3551 hac
1967 3491 2158 3550 forma
2195 3489 2430 3568 generis
2457 3486 2784 3576 masculini,
2830 3505 2942 3566 qua
2973 3486 3238 3548 diximus

654 3589 712 3648 in
767 3589 1011 3667 positivo
1051 3585 1063 3671 Ι
1101 3589 1287 3667 gradu
1342 3591 1697 3652 nominativo
1755 3609 1894 3652 casu
1948 3593 2180 3652 numeri
2235 3589 2549 3670 singularis
2605 3593 2841 3652 nomina
2897 3608 2963 3650 er
3020 3589 3238 3652 litteris

652 3689 913 3759 definiri,
972 3691 1129 3768 quod
1184 3687 1363 3774 [non]
1408 3711 1481 3753 ex
1524 3711 1593 3754 ea
1647 3690 1848 3773 plures
1899 3695 2061 3762 soni,
2117 3693 2177 3754 id
2234 3699 2322 3754 est
2373 3690 2624 3772 plurima
2679 3693 2946 3761 nomina.
3003 3692 3240 3769 possint

652 3790 938 3852 exhiberi.
1030 3793 1105 3854 de
1145 3793 1335 3855 forma
1390 3795 1625 3872 generis
1663 3793 1998 3864 masculini,
2059 3813 2174 3874 qua
2229 3782 2308 3856 in'
2337 3796 2580 3874 positivo
2625 3794 2816 3872 gradu
2869 3795 3238 3855 nominativo

543 3931 561 3956 x
642 3911 792 3976 ¹casu
847 3896 1079 3956 numeri
1134 3893 1449 3974 singularis
1504 3897 1740 3957 nomina
1791 3915 1858 3958 er
1913 3895 2121 3959 litteris
2173 3897 2561 3966 deliniuntur,
2629 3915 2809 3977 quem
2859 3895 2932 3958 ad
2985 3895 3238 3956 modum

576 4015 629 4057 aa
656 4014 727 4058 ex
765 4014 829 4058 se
870 3998 1299 4075 comparativos
1342 3997 1558 4078 gradus
1602 3999 1798 4061 facere
1835 4002 2076 4078 possint,
2123 4006 2404 4080 quantum
2448 4000 2598 4060 ratio
2648 3999 2958 4077 poscebat,
3012 4005 3240 4060 tracta-

652 4098 859 4160 vimus.

822 4199 905 4262 De
954 4219 1042 4262 ex.
1130 4221 1539 4282 quaecumque
1580 4205 1816 4265 nomina
1873 4206 2108 4278 generis
2149 4203 2459 4266 masculini
2497 4204 2555 4264 in
2595 4205 2844 4282 positivo
2889 4202 3078 4280 gradu
3123 4221 3240 4264 no-

654 4302 929 4364 minativo
978 4321 1117 4366 casu
1184 4307 1417 4367 numeri
1472 4305 1785 4384 singularis
1808 4283 1816 4313 ⁸
1841 4325 1914 4368 ex
1969 4305 2180 4368 litteris
2242 4305 2634 4374 definiuntur,
2697 4307 2747 4367 si
2801 4305 3244 4383 comparativos

786 4439 819 4490 5
852 4437 1158 4492 definiantur
1190 4441 1237 4492 Β
1274 4443 1518 4494 deliniant
1551 4457 1582 4490 r
1721 4445 1751 4492 7
1787 4452 2132 4492 monstrantur
2163 4443 2208 4494 Β
2243 4449 2548 4492 monstratur
2580 4457 2611 4490 r
2715 4437 2872 4506 nunc]
2915 4455 3032 4490 narn
3063 4439 3144 4490 Βο

652 4509 705 4559 ἱῐι
743 4509 1088 4578 frumentaria]
1125 4515 1177 4562 in
1221 4514 1379 4563 Verr.
1418 4515 1486 4562 Ill
1524 4512 1575 4576 9,
1614 4511 1681 4567 23
1787 4511 1821 4563 8
1859 4523 1915 4561 ut
1954 4515 2080 4562 odor
2111 4529 2140 4563 v
2177 4514 2246 4563 VI
2279 4514 2406 4564 odor
2443 4513 2489 4564 Β
2526 4519 2612 4562 aut
2649 4511 2776 4562 odor
2808 4526 2839 4559 r
2943 4510 3012 4562 10
3047 4525 3244 4576 supra-

652 4579 786 4630 dicta
812 4579 893 4630 -Βυ
1033 4581 1093 4632 ll
1138 4596 1235 4632 non
1274 4593 1467 4633 crescat
1501 4597 1532 4630 r
1568 4597 1667 4632 non
1703 4589 1931 4632 crescant
1967 4581 2012 4632 Β
2155 4583 2217 4632 14
2255 4583 2300 4632 si
2335 4597 2428 4632 om.
2469 4583 2532 4645 Β,
2573 4581 2696 4634 add.
2733 4597 2764 4630 r
2887 4579 2958 4632 20
2995 4579 3075 4630 vel
3115 4591 3243 4631 ante

652 4649 885 4700 ultimam
922 4667 950 4701 υ
990 4653 1071 4702 uel
1103 4663 1218 4702 ante
1254 4653 1585 4718 penultimam
1624 4653 1670 4704 Β
1843 4653 1905 4702 21
1949 4667 1977 4701 a
2007 4668 2098 4704 om.
2133 4651 2210 4702 Βυ
2365 4652 2433 4702 23
2471 4655 2547 4702 sic
2581 4667 2673 4704 om.
2713 4651 2790 4702 Ru
2930 4651 2998 4701 25
3035 4652 3246 4716 possint

652 4735 744 4770 om.
788 4719 861 4770 Βυ
1035 4721 1104 4772 29
1140 4733 1468 4788 conpetenter
1498 4723 1827 4773 tractabimus
1863 4739 1955 4772 om.
1993 4721 2068 4772 Ro
2280 4721 2348 4775 33
2389 4723 2455 4772 de
2487 4721 2652 4772 forma
2689 4737 2718 4772 r
2752 4721 2815 4772 de
2845 4721 3018 4790 prima.
3047 4719 3095 4770 Β
3183 4733 3194 4740 “

656 4839 755 4889 qua
782 4841 811 4874 υ
847 4839 997 4890 quam
1038 4825 1083 4876 Β
1163 4855 1171 4864 ·
1225 4824 1292 4876 35
1328 4803 1803 4894 ex⁸⁰comparatiuis
1833 4827 1880 4878 Β
1915 4843 1979 4876 ex
2015 4826 2378 4892 comparatiuis
2406 4841 2436 4876 r
