3434 5442
337 1186 715 1280 nomi
781 1181 904 1278 nn
973 1163 1496 1278 rinmvs‘
1556 1183 2095 1279 oltssloms
2158 1187 2349 1280 Ans
2400 1186 2760 1280 miron.

431 1641 640 1704 Partes
683 1644 964 1703 orationis
1007 1649 1149 1722 quot
1193 1643 1366 1702 sunt?
1441 1642 1607 1702 Octo.
1684 1642 1881 1712 Quae?
1955 1642 2183 1703 Nomen
2226 1661 2553 1721 pronomen
2609 1642 2852 1704 verbum

247 1742 606 1805 adverbium
651 1745 1024 1824 participium
1071 1745 1408 1805 coniunctio
1454 1745 1814 1823 praepositio
1860 1745 2208 1804 interiectio.

1331 1913 1425 1974 DE
1471 1913 1777 1975 NOMlNE.

430 2049 670 2111 Nomen·
705 2049 844 2130 quid
889 2050 1012 2111 est?
1098 2049 1242 2111 Pars
1303 2049 1585 2110 orationis
1642 2067 1775 2111 cum
1832 2067 1973 2111 casu
2027 2066 2244 2127 corpus
2298 2057 2399 2111 aut
2440 2068 2569 2112 rem
2613 2051 2855 2130 proprie
2883 2065 2906 2104 ⁵

249 2153 728 2214 communiterve
783 2153 1137 2231 significans
1230 2151 1465 2213 Nemini
1533 2159 1675 2231 quot
1730 2150 2038 2212 accidunt?
2118 2149 2252 2212 Sex.
2329 2151 2526 2222 Quae?
2598 2152 2859 2223 Qualitas

250 2255 608 2335 conparatio
666 2272 854 2333 genus
909 2271 1196 2316 numerus
1251 2253 1437 2332 figura
1483 2236 1672 2314 casus.
1765 2251 2025 2324 Qualitas
2081 2254 2387 2314 nominum
2444 2255 2507 2314 in
2562 2273 2678 2334 quo
2732 2257 2857 2316 est?

247 2357 548 2436 Bipertita
580 2365 697 2418 est:
746 2363 850 2418 aut
891 2359 1047 2417 enim
1095 2357 1270 2416 unius
1315 2374 1534 2416 nomen
1565 2363 1653 2415 est
1699 2363 1759 2415 et
1790 2356 2093 2434 proprium
2127 2355 2370 2424 dicitur,
2404 2363 2505 2417 aut
2534 2354 2853 2419 multorum

247 2467 314 2518 et
362 2457 798 2538 appellativum.
891 2458 1338 2536 Conparationis
1383 2457 1602 2533 gradus
1657 2465 1802 2536 quot
1844 2457 2016 2517 sunt?
2083 2457 2247 2518 Tres.
2326 2457 2475 2529 Qui?
2550 2458 2855 2529 positivus,

247 2567 319 2620 ut
367 2559 610 2632 doctus,
659 2561 1098 2640 conparativus,
1146 2568 1210 2619 ut
1254 2557 1500 2630 doctior,
1547 2557 1953 2637 superlativus,
1999 2565 2066 2620 ut
2094 2559 2480 2622 doctissimus.
2556 2561 2719 2632 Quae
2749 2580 2855 2622 no·
2886 2577 2933 2616 10

249 2663 418 2723 mina
465 2663 904 2742 conparantur?
971 2659 1332 2741 Appellativa
1366 2659 1668 2721 dumtaxat
1709 2659 2051 2740 qualitatem
2098 2670 2199 2723 aut
2242 2657 2626 2742 quantitatem
2673 2665 2853 2741 signi-

248 2764 513 2826 ficantia.
575 2764 996 2844 Conparativus
1039 2763 1257 2843 gradus
1303 2764 1395 2822 cui
1439 2763 1602 2822 casui
1647 2763 1861 2823 servit?
1919 2761 2184 2824 Ablativo
2228 2765 2355 2824 sine
2386 2765 2851 2844 praepositione:

249 2865 514 2928 dicimus
557 2867 716 2928 enim
762 2866 1026 2927 ‘doctior
1082 2864 1238 2925 illo'.
1287 2945 1300 2954 ·
1331 2863 1733 2944 Superlativus
1790 2866 1922 2924 cui?
2012 2866 2293 2926 Genetivo
2340 2873 2567 2927 tantum
2612 2864 2852 2945 plurali:

250 2968 512 3030 dicimus
557 2968 712 3029 enim
757 2967 1166 3029 ‘doctissimus
1209 2969 1580 3047 poetarum'.
1649 2966 1883 3029 Genera
1914 2968 2219 3028 nominum
2266 2973 2408 3046 quot
2438 2968 2607 3028 sunt?
2673 2967 2852 3038 Quat-

251 3078 414 3132 tuor.
495 3070 694 3142 Quae?
769 3068 1188 3139 Masculinum,
1247 3077 1310 3129 ut
1375 3069 1474 3129 hic
1527 3070 1841 3147 magister,
1900 3068 2277 3138 femininum,
2336 3077 2403 3129 ut
2467 3068 2611 3130 haec
2668 3069 2849 3138 Musa,
2884 3086 2928 3126 15

253 3181 568 3243 neutrum,
613 3179 681 3233 ut
721 3172 836 3232 hoe
880 3189 1214 3240 scamnum,
1261 3187 1603 3239 commune,
1651 3177 1716 3231 ut
1761 3170 1855 3230 hic
1902 3177 1960 3230 et
2004 3170 2488 3231 haecsacerdoS.
2548 3179 2637 3234 est
2678 3190 2851 3252 prae--

253 3283 422 3334 terea
469 3273 648 3335 trium
695 3289 1012 3352 generum,
1058 3273 1214 3354 quod
1261 3290 1436 3333 omne
1483 3271 1725 3344 dicitur,
1773 3283 1837 3333 ut
1882 3273 1978 3333 hie
2023 3279 2082 3333 et
2126 3273 2271 3332 haec
2316 3278 2376 3332 et
2418 3271 2532 3333 hoc
2562 3272 2731 3343 i'elix;
2765 3281 2855 3335 est

253 3377 618 3455 epicoenon,
665 3375 724 3436 id
768 3382 858 3435 est
899 3376 1332 3453 promiscuum,
1391 3383 1456 3435 ut
1509 3393 1712 3453 passer
1758 3373 1970 3455 aquila.
2061 3375 2307 3435 Numeri
2360 3375 2665 3436 nominum
2710 3384 2854 3456 quot

251 3479 434 3538 sunt?
501 3477 647 3538 Duo.
717 3477 864 3548 Qui?
931 3475 1284 3554 Singularis,
1345 3485 1409 3536 ut
1465 3476 1562 3536 hic
1621 3477 1935 3554 magister,
1995 3474 2265 3555 pluralis,
2328 3481 2389 3536 ut
2446 3475 2506 3536 hi
2563 3479 2846 3557 magistri.

253 3580 512 3658 Figurae
558 3580 864 3640 nominum
921 3587 1065 3658 quot
1119 3579 1292 3638 sunt?
1358 3577 1534 3640 Duae.
1603 3579 1800 3650 Quae?
1868 3577 2157 3657 Simplex,
2218 3586 2285 3638 ut
2338 3577 2557 3640 decens
2613 3589 2841 3660 potens,
2872 3599 2924 3640 20

253 3681 596 3760 conposita,
663 3688 730 3741 ut
795 3679 1078 3740 indecens
1147 3681 1436 3759 inpotens.
1540 3679 1765 3750 Quibus
1831 3680 2023 3741 modis
2088 3681 2327 3742 nomina
2394 3684 2851 3762 conponuntur?

252 3783 577 3855 Quattuor:
647 3801 719 3842 ex
774 3781 1004 3843 duobus
1061 3783 1336 3858 integris,
1409 3787 1472 3842 ut
1524 3779 1929 3850 suburbanum
1987 3800 2079 3862 ex⁴
2116 3781 2345 3843 duobus
2402 3786 2725 3864 corruptis,
2788 3795 2853 3847 ut

253 3885 468 3946 efficax
513 3886 848 3964 municeps:
897 3903 968 3944 ex
1013 3885 1248 3962 integro
1293 3892 1352 3945 et
1396 3891 1704 3961 corrupto,
1754 3891 1817 3944 ut
1860 3882 2143 3954 insulsus;
2202 3903 2275 3945 ex
2330 3894 2611 3964 corrupto
2656 3895 2715 3948 et
2757 3888 2849 3947 in-

251 3997 460 4066 tegro,
507 3995 574 4048 ut
616 3985 1028 4064 nugigerulus;
1077 3983 1390 4066 aliquando
1436 4001 1506 4046 ex
1553 3983 1967 4063 conpluribus,
2025 3994 2089 4046 ut
2130 3986 2609 4066 inexpugnabilis
2647 3989 2848 4069 inper-

254 4091 517 4150 territus.
612 4088 793 4150 Casus
853 4088 1154 4148 nominum
1224 4071 1368 4166 quot
1423 4087 1593 4147 sunt?
1674 4087 1809 4147 Sex.
1889 4086 2035 4157 Qui?
2082 4087 2483 4150 Nominativus
2540 4091 2843 4168 genetivus
2864 4111 2913 4152 25

253 4189 485 4252 dativus
530 4192 894 4252 accusativus
939 4191 1233 4250 vocativus
1279 4187 1577 4248 ablativus,
1647 4205 1755 4266 per
1801 4187 1908 4247 hos
1963 4189 2225 4250 omnium
2272 4209 2560 4270 generum
2606 4193 2845 4252 nomina

251 4295 612 4372 pronomina
655 4292 960 4373 participia
1009 4291 1378 4352 declinantur
1421 4291 1536 4351 hoc
1581 4290 1775 4352 modo.

425 4396 706 4475 Magister
750 4413 968 4456 nomen
1013 4392 1423 4473 appellativum
1458 4393 1692 4471 generis
1724 4391 2033 4453 masculini
2080 4395 2308 4454 numeri
2354 4393 2669 4474 singularis
2698 4397 2845 4476 ligu-

255 4516 360 4562 rae
403 4497 688 4579 simplicis
733 4516 905 4560 casus
948 4497 1291 4559 nominativi
1336 4501 1394 4556 et
1437 4496 1706 4566 vocativi,
1769 4495 1925 4574 quod
1974 4495 2364 4556 declinabitur
2412 4497 2519 4558 sic:
2579 4501 2845 4560 nomina-

401 4675 422 4726 l
469 4694 559 4732 aas
593 4694 779 4732 noun-1
813 4691 1132 4730 numum-101
1179 4691 1322 4726 ranis
1356 4691 1494 4726 nome
1533 4675 1706 4724 Partes
1736 4671 1787 4722 [ι
1826 4689 1890 4723 ne
1934 4689 2125 4726 semiss
2166 4691 2302 4726 οισι-ι’
2344 4691 2568 4728 noum-us
2598 4679 2772 4729 Partes
2810 4679 2851 4729 S

394 4750 428 4797 4
464 4765 527 4799 nn
565 4765 762 4800 nonme
797 4767 888 4800 om.
932 4751 978 4799 L
1123 4749 1187 4796 18
1230 4747 1482 4812 epikenon
1519 4746 1570 4794 id
1609 4753 1686 4794 est
1724 4748 2068 4810 promiscumn
2100 4749 2118 4796 l
2156 4747 2405 4812 epikenon
2446 4783 2619 4798 .....
2659 4752 2849 4816 promi-

252 4834 434 4870 scuum
471 4821 520 4871 L
665 4821 834 4884 aquila
866 4823 912 4870 L
947 4819 1114 4882 aquila
1149 4818 1360 4866 mustela
1394 4815 1580 4865 miluus
1609 4817 1628 4863 l

2312 4903 2445 4969 23*
