3434 5442
1251 1239 1803 1350 {DONATI

829 1454 1478 1518 GRAMMATICI
1539 1456 1834 1520 VRBIS
1902 1454 2242 1517 ROMAE

954 1644 1185 1722 ARS
1253 1642 2097 1725 GRAMMATICA.

250 1989 264 2000 ‘
336 2022 381 2062 p.
410 2011 435 2051 5
462 2008 508 2049 L.
1107 2043 1110 2048 .
2379 2024 2425 2064 p.
2455 2013 2569 2054 1735.
2601 2013 2649 2053 ac
2680 2011 2725 2054 Ρ.

1351 2093 1448 2180 ΒΕ
1503 2093 1712 2156 vocn.

405 2225 532 2286 Vox
577 2233 666 2286 est
709 2244 809 2287 aer
850 2227 1002 2287 ictus
1045 2226 1339 2288 sensibilis
1383 2229 1614 2300 auditu,
1676 2236 1960 2308 quantum
2006 2230 2065 2288 in
2111 2229 2239 2307 ipso
2286 2235 2393 2289 est.
2482 2229 2673 2288 omnis
2718 2246 2827 2288 vox
2882 2255 2906 2292 ε»

229 2335 336 2388 aut
393 2327 698 2388 articulata
754 2337 842 2402 est
897 2334 998 2389 aut
1051 2328 1312 2390 confusa.
1419 2330 1723 2391 articulata
1782 2337 1872 2390 est
1930 2348 2079 2409 quae
2147 2328 2359 2391 litteris
2425 2329 2829 2407 conprehendi

228 2437 459 2508 potest,
509 2429 752 2492 confusa
797 2449 946 2509 quae
990 2431 1170 2492 scribi
1215 2450 1334 2493 non
1379 2440 1592 2512 potest.

1291 2602 1388 2663 DE
1431 2600 1774 2665 LITTERA.

405 2735 628 2798 Littera
674 2741 763 2796 est
805 2755 944 2816 pars
988 2738 1232 2800 minima
1274 2740 1434 2799 vocis
1479 2737 1841 2799 articulatae.
1915 2737 2246 2800 litterarum
2294 2737 2437 2799 aliae
2484 2747 2621 2800 sunt
2664 2757 2829 2800 voca-

231 2835 355 2908 les,
403 2837 550 2899 aliae
596 2847 1006 2901 consonantes,
1099 2841 1546 2902 consonantium
1593 2839 1741 2902 aliae
1786 2848 1923 2900 sunt
1966 2839 2373 2910 semivocaleS‚
2420 2838 2566 2901 aliae
2611 2849 2825 2901 mutae.
2858 2862 2906 2901 ιο

229 2937 469 3002 vocales
535 2949 674 3002 sunt
729 2959 877 3021 quae
921 2959 1031 3021 per
1075 2960 1137 3002 se
1183 2942 1570 3021 proferuntur
1625 2949 1684 3004 et
1736 2959 1845 3021 per
1900 2961 1964 3002 se
2024 2941 2306 3022 syllabam
2362 2943 2603 3003 faciunt.
2692 2949 2830 3003 sunt

233 3050 434 3104 autem
465 3061 716 3104 numero
749 3047 1034 3124 quinque,
1083 3063 1112 3105 a
1161 3064 1194 3106 e
1237 3046 1258 3104 i
1303 3065 1338 3106 o
1385 3064 1442 3105 ιι.
1504 3045 1712 3105 harum
1760 3044 1933 3115 duae,
1980 3046 2001 3103 i
2047 3053 2105 3104 et
2148 3063 2213 3114 u,
2262 3052 2569 3106 transeunt
2596 3045 2655 3104 in
2689 3062 2829 3104 con-

234 3146 576 3206 sonantium
619 3153 1001 3225 potestatem,
1052 3164 1184 3207 cum
1232 3154 1332 3207 aut
1386 3149 1548 3226 ipsae
1605 3148 1761 3208 inter
1805 3165 1869 3208 se
1926 3148 2301 3224 geminantur
2357 3153 2457 3208 aut
2514 3164 2647 3208 cum
2704 3144 2831 3206 aliis

235 3246 540 3310 vocalibus
583 3249 936 3326 iunguntur,
985 3257 1048 3309 ut
1092 3248 1236 3308 luno
1280 3256 1458 3310 vateS.
1549 3249 1660 3309 hae
1707 3250 1883 3310 etiam
1926 3249 2156 3309 mediae
2213 3248 2518 3319 dicuntur,
2578 3249 2713 3329 quia
2768 3249 2830 3308 in

234 3349 588 3429 quibusdam
635 3348 989 3412 dictionibus
1036 3368 1378 3429 expressum
1425 3368 1634 3412 sonum
1669 3369 1789 3411 non
1821 3351 2066 3421 habent,
2117 3351 2160 3420 i,
2209 3358 2273 3410 ut
2301 3351 2417 3420 vir,
2467 3369 2532 3419 u,
2566 3358 2631 3411 ιιι
2660 3359 2828 3429 optu-
2858 3368 2907 3408 15

235 3469 387 3512 mus,
420 3450 448 3536 Η
479 3460 646 3514 extra
692 3469 868 3530 quam
913 3452 1166 3513 formam
1211 3472 1249 3513 u
1296 3452 1486 3514 littera
1542 3453 1840 3514 interdum
1899 3470 2008 3513 nec
2064 3450 2278 3512 vocalis
2333 3470 2443 3512 nec
2499 3470 2831 3513 consonans

235 3551 512 3624 habetur,
547 3573 683 3614 cum
711 3555 868 3615 inter
914 3574 950 3634 q
997 3554 1251 3615 litteram
1297 3561 1723 3615 consonantem
1768 3563 1828 3614 et
1857 3553 2109 3634 aliquam
2145 3553 2401 3615 vocalem
2434 3555 2829 3625 constituitur,

237 3663 306 3715 ut
347 3657 628 3736 quoniam
677 3655 936 3735 quidem.
1025 3657 1165 3717 huic
1221 3657 1362 3717 item
1418 3658 1757 3735 digammon
1805 3655 2064 3718 adscribi
2106 3654 2282 3727 solet,
2342 3675 2475 3718 cum
2534 3657 2646 3718 sibi
2704 3659 2831 3736 ipsa

235 3759 655 3838 praeponitur,
713 3766 778 3818 ut
830 3775 1034 3819 servus
1081 3757 1302 3836 vulgus».
1393 3777 1526 3820 nam
1584 3762 1604 3820 i
1661 3758 1918 3820 litteram
1973 3759 2267 3838 geminari
2318 3760 2379 3818 in
2436 3777 2555 3820 una
2611 3757 2830 3839 syllaba

237 3877 412 3939 posse
457 3858 702 3940 plurimi
746 3867 982 3938 negant.
1015 3861 1256 3921 Latinae
1300 3859 1531 3922 vocales
1575 3879 1782 3921 omnes
1828 3869 1887 3922 et
1929 3861 2176 3941 produci
2210 3868 2268 3921 et
2298 3861 2518 3939 corripi
2561 3869 2827 3942 possunt.
2857 3878 2909 3919 πο

239 3969 412 4041 atque
459 3961 554 4022 his
597 3959 737 4023 solis
783 3961 1073 4040 adspirari
1118 3961 1354 4040 quidam
1401 3963 1755 4022 existimant.
1819 3961 2195 4024 semivocales
2238 3970 2376 4023 sunt
2420 3981 2565 4042 quae
2613 3980 2723 4042 per
2766 3982 2830 4023 se

241 4063 480 4142 quidem
524 4063 938 4142 proferuntur,
987 4063 1092 4124 sed
1135 4081 1244 4144 per
1287 4083 1350 4124 se
1396 4063 1674 4143 syllabam
1722 4081 1842 4124 non
1888 4065 2126 4125 faciunt.
2188 4072 2325 4124 sunt
2354 4070 2548 4125 autem
2580 4081 2831 4125 numero

383 4268 406 4318 l
453 4281 708 4319 monrium
749 4283 972 4319 nimum-:s
1007 4285 1198 4319 mna-Es
1237 4284 1418 4320 nomm
1477 4280 1811 4319 GnAmma'rlct.
1864 4267 1977 4318 Vox
2018 4279 2093 4319 est
2140 4269 2305 4319 codex
2342 4267 2692 4333 Sangallense&
2726 4269 2831 4320 876

245 4351 310 4386 nr.
347 4351 476 4387 vocs
512 4339 737 4388 Vox-est
771 4338 914 4388 LSP
1011 4341 1044 4389 4
1083 4355 1148 4388 nn
1187 4337 1337 4405 vocs]
1382 4339 1542 4389 Diom.
1571 4355 1628 4402 p.
1668 4338 1771 4389 413
1877 4339 1910 4388 8
1949 4353 2011 4387 nn
2050 4336 2285 4404 ιιιὝειιΑ]
2318 4341 2478 4388 Dioni.
2503 4353 2557 4400 p.
2584 4341 2689 4388 414
2718 4355 2827 4405 sqq.

245 4406 388 4460 Mar.
435 4409 485 4458 V
487 4409 685 4458 ictorin.
711 4423 768 4471 p.
800 4409 937 4458 2452
1105 4409 1164 4459 11
1223 4424 1354 4472 qnae
1390 4418 1437 4457 ct
1469 4424 1559 4475 per
1591 4425 1647 4458 se
1685 4410 1731 4458 P
1903 4409 1963 4457 12
2012 4409 2075 4458 (Ie
2106 4411 2121 4457 i
2156 4418 2206 4458 et
2244 4425 2273 4456 ιι
2304 4412 2677 4459 consonantium
2717 4412 2830 4460 loco

237 4480 418 4538 positio
444 4478 638 4530 Donati
662 4481 938 4529 testimonio
970 4481 1125 4529 utitur
1150 4481 1465 4542 Papirianae
1493 4479 1790 4530 cassiodori
1815 4493 1868 4541 p.
1901 4478 2039 4529 2292
2054 4516 2067 4539 ,
2108 4479 2171 4527 de
2208 4479 2366 4528 medio
2402 4480 2671 4529 eamndem
2706 4481 2831 4530 liue-

241 4563 416 4599 rarum
449 4563 574 4598 sono
611 4548 910 4600 Priscianus
933 4565 987 4612 p.
1017 4549 1120 4600 539
1301 4550 1366 4600 16
1403 4565 1438 4598 u
1477 4547 1666 4615 littera]
1709 4549 1857 4598 Beda
1884 4564 1942 4611 p.
1978 4547 2115 4597 2350
2292 4549 2356 4599 18
2390 4546 2531 4614 item]
2576 4560 2744 4598 antem
2782 4550 2831 4598 L

378 4617 676 4684 digammon
719 4620 768 4668 L
811 4619 1080 4670 Diomedes
1127 4620 1368 4685 digamon
1420 4618 1463 4667 S
1511 4623 1814 4685 dygammon
1852 4619 1927 4669 P.-
1982 4619 2051 4679 cf.
2108 4617 2361 4668 Ptine-ian.
2425 4619 2577 4672 1255.
2629 4620 2829 4686 digam—

245 4701 357 4736 mon⁴
387 4690 598 4738 coniecit
629 4689 1002 4740 Lindemannus
1031 4693 1160 4740 conl.
1207 4690 1416 4753 Pompei
1438 4707 1496 4753 p.
1539 4691 1600 4738 21
1643 4697 1691 4738 ec
1729 4688 1873 4741 Serv.
1914 4694 1963 4737 in
2002 4690 2132 4738 Don.
2172 4705 2224 4752 p.
2270 4689 2429 4738 1827:
2468 4691 2620 4738 aliam
2656 4691 2831 4752 defiui-

243 4757 418 4806 tionem
453 4758 664 4810 Donato
701 4759 872 4809 tribuit
905 4757 1114 4823 Ser-(sius
1143 4761 1256 4813 cod.
1295 4759 1518 4808 Lavcmt.
1552 4759 1597 4821 Γ.
1637 4761 1705 4809 55
1852 4757 1915 4808 18
1948 4758 2161 4808 asscribi
2198 4759 2246 4806 L
2401 4757 2465 4810 19
2502 4759 2551 4807 in
2590 4773 2689 4808 una
2727 4759 2831 4826 syl-

247 4825 362 4876 laba
397 4827 444 4875 P
475 4829 750 4879 Diomedes
780 4829 1046 4879 Cledonites
1076 4845 1130 4892 p.
1171 4829 1304 4878 1882
1337 4830 1386 4877 in
1425 4842 1578 4878 unam
1620 4827 1867 4892 syllabam
1911 4827 1999 4877 LS
