3434 5442
711 332 836 396 420
1878 306 2119 390 senvn

2778 447 2825 487 p.
2854 435 3097 476 nos-1800
3120 434 3160 478 Ρ.

711 534 844 577 cum
909 515 1246 596 permansio
1304 521 1419 586 est,
1493 515 1587 574 ‘in
1655 513 1787 576 foro
1854 533 1982 576 sum
2005 520 2041 585 ’,
2102 514 2246 576 ‘sub
2314 513 2552 576 basilica
2618 532 2749 574 sum
2770 520 2811 576 ⁹.
2898 514 3041 576 haec
3080 511 3245 577 'autem

709 618 954 679 mutatio
999 617 1089 678 vel
1133 619 1470 698 permansio
1514 615 1861 686 verborum,
1920 635 2070 696 quae
2116 616 2187 676 ad
2236 615 2627 677 elocutionem
2672 616 3087 696 praeponenda
3126 629 3245 689 sunt,
3341 671 3342 676 ,

707 721 936 780 ratione
982 719 1298 798 colligitur.
1388 737 1521 779 nam
1567 735 1755 798 pergo
1799 719 2145 798 proficiscor
2187 718 2335 779 vado
2382 726 2441 778 et
2482 719 2656 778 huius
2700 718 2865 780 modi
2907 721 3245 780 mutationem
3341 713 3342 764 ἕ

705 823 1066 899 significant,
1125 829 1214 881 sto
1271 821 1450 882 sedeo
1507 821 1738 881 dormio
1796 829 1853 880 et
1907 820 2081 881 huius
2138 820 2299 881 modi
2353 822 2850 900 permansionem.
2939 820 3246 901 loquellares

653 941 679 982 5
704 926 1170 1005 praepositiones
1213 923 1349 984 ideo
1406 923 1709 993 dicuntur,
1760 924 1891 1002 quia
1938 940 2172 1002 semper
2218 922 2566 994 cohaerent,
2624 932 2690 984 ut
2732 921 3000 984 conduco
3042 924 3244 1002 rec-ipio.

705 1027 1028 1087 cohaerere
1085 1033 1280 1086 autem
1337 1044 1436 1086 eas
1489 1044 1588 1086 res
1645 1023 1743 1084 illa
1800 1025 2119 1102 significat,
2176 1024 2334 1104 quod
2380 1044 2499 1086 non
2546 1027 2848 1102 patiuntur
2890 1025 2953 1084 in
2998 1025 3245 1102 significa-

703 1130 864 1189 tione
908 1130 1451 1208 interpositionem:
1542 1145 1717 1187 nemo
1777 1129 1933 1187 enim
1994 1127 2136 1188 dicit
2190 1132 2338 1187 ‘con
2397 1127 2506 1188 tibi
2562 1126 2748 1188 duco'
2807 1135 2909 1188 aut
2962 1131 3061 1186 ‘re
3114 1126 3246 1186 illum

707 1233 861 1310 cipio
881 1236 918 1292 ².
1007 1232 1476 1311 praepositiones
1523 1248 1654 1290 cum
1713 1230 2070 1308 postpositae
2116 1228 2361 1301 fuerint,
2410 1230 2459 1290 si
2503 1248 2702 1290 casum
2748 1247 2918 1290 suum
2964 1239 3245 1298 reservent,
3341 1287 3342 1320 ᾗ

701 1332 893 1393 adhuc
938 1334 1404 1413 praepositiones
1448 1339 1611 1402 sunt,
1669 1328 1685 1411 ΙΙ
1732 1337 1797 1391 ut
1854 1337 2221 1392 ‘transtra
2280 1349 2414 1411 per
2470 1340 2542 1392 et
2585 1336 2889 1392 remos'.
2978 1332 3025 1391 si
3084 1337 3245 1390 autem

624 1453 674 1493 ιο
703 1453 901 1494 casum
949 1441 1206 1505 mutent,
1252 1435 1401 1495 fiunt
1443 1433 1748 1503 adverbia,
1794 1440 1860 1494 ut
1905 1438 2209 1514 ‘tempore
2248 1440 2437 1515 post’.
2526 1431 2627 1492 sed
2673 1431 3022 1513 plerumque
3062 1442 3245 1492 metro·
3341 1419 3342 1460 l

697 1554 830 1597 rum
876 1536 1102 1597 ratione
1159 1538 1332 1597 etiam
1377 1537 1750 1615 praepositae
1793 1536 1949 1596 idem
1996 1535 2247 1606 faciunt,
2308 1544 2370 1597 ut
2416 1534 2675 1613 ‘longo
2732 1543 2907 1614 post
2948 1543 3245 1613 tempore
3341 1535 3342 1560 *

697 1639 956 1699 venit'.
1045 1637 1351 1700 sciendum
1399 1647 1487 1699 est
1531 1640 1738 1709 etiam,
1786 1638 2253 1718 praepositiones
2294 1640 2599 1717 utriusque
2644 1655 2813 1698 casus
2856 1637 3123 1716 quotiens
3160 1655 3245 1715 pro
3341 1627 3342 1684 Ῑ

697 1739 822 1802 aliis
879 1740 1415 1820 praepositionibus
1466 1748 1798 1820 ponuntur,
1854 1740 1970 1800 illis
2026 1759 2125 1802 eas
2180 1739 2415 1802 casibus
2457 1741 2653 1818 iungi,
2701 1738 2915 1818 quibus
2957 1741 3245 1817 iunguntur
3340 1721 3342 1730 ⁴

693 1841 828 1903 illae
872 1862 984 1923 pro
1029 1842 1241 1923 quibus
1285 1851 1614 1923 ponuntur,
1663 1851 1729 1903 ut
1773 1844 1865 1902 ‘in
1912 1841 2218 1903 alterum'.
2309 1861 2443 1903 nam
2488 1842 2765 1922 quoniam
2810 1841 2874 1900 in
2918 1840 3088 1902 modo
3128 1859 3244 1900 con·
3341 1867 3342 1916 }

619 1963 669 2004 15
697 1951 786 2004 tra
853 1945 1172 2022 significat,
1219 1947 1547 2006 accusativo
1591 1944 1887 2024 iungenda
1946 1952 2059 2015 est,
2120 1947 2256 2024 quia
2314 1953 2519 2006 contra
2576 1945 2887 2005 accusativi
2948 1961 3111 2004 casus
3158 1951 3242 2002 est.

690 2045 832 2106 item
878 2051 1135 2126 ‘super
1179 2047 1476 2110 Priamo
1521 2049 1933 2125 rogitans’:
1996 2051 2270 2127 quoniam
2319 2066 2498 2129 super
2545 2045 2617 2107 de
2662 2046 2985 2124 significat,
3028 2043 3245 2106 ablativo
3341 2107 3342 2114 χ

687 2148 986 2227 iungenda
1032 2157 1139 2211 est.

1614 2353 1712 2415 DE
1756 2354 2362 2417 INTERIECTIONE.

857 2506 1304 2569 Interiectiones
1357 2508 1599 2587 proprie
1655 2516 1795 2569 sunt
1849 2509 2089 2569 affectus
2145 2527 2286 2568 voce
2338 2507 2635 2568 incondita
2698 2509 2981 2586 expressi.
3066 2505 3161 2567 sed
3198 2515 3243 2566 et

614 2629 666 2670 2⁰
690 2605 902 2687 plenus
947 2608 1289 2690 frequenter
1346 2628 1543 2670 sermo
1599 2628 1711 2690 pro
1765 2612 2173 2672 interiectione
2220 2609 2502 2680 habetur,
2550 2610 2600 2671 si
2642 2609 2919 2671 affectum
2964 2609 3241 2688 significet,

687 2718 754 2770 ut
799 2715 815 2742 ‘
831 2729 942 2791 pro
987 2709 1212 2774 dolor'.

860 2811 1042 2894 [Sunt
1086 2815 1320 2874 nomina
1353 2813 1562 2875 similia
1594 2816 1922 2895 participiis
1961 2815 2291 2893 praesentis
2323 2817 2632 2894 temporiS,
2678 2824 2746 2876 ut
2776 2814 3019 2876 demens
3047 2812 3238 2892 legens.

691 2911 715 2998 Η
765 2913 1186 2978 discernuntur
1230 2926 1422 2978 autem
1474 2919 1577 2978 sic.
1639 2919 1689 2978 si
1735 2936 1949 2978 nomen
1998 2917 2203 2989 fuerit,
2251 2919 2731 2998 conparationem
2778 2919 3015 2996 recipit,
3060 2923 3119 2976 ut
3158 2914 3239 2974 ‹le-

684 3019 961 3087 mentior;
993 3019 1044 3078 si
1071 3021 1446 3098 participium
1477 3019 1670 3092 fuerit,
1700 3038 1819 3081 non
1850 3022 2059 3101 recipit
2084 3022 2583 3098 conparationem.
2630 3021 3009 3081 inveniuntur
3034 3020 3237 3079 nomina

606 3138 659 3181 25
685 3119 898 3182 similia
935 3122 1262 3202 participiis
1304 3124 1610 3202 praeteriti
1651 3126 1934 3200 temporis
1975 3122 2063 3183 vel
2095 3125 2290 3204 potius
2320 3124 2522 3184 eadem
2557 3131 2615 3184 et
2644 3124 2987 3202 participia;
3017 3119 3113 3181 sed
3140 3119 3237 3179 dis-

684 3232 1011 3284 cernuntur
1043 3223 1453 3286 declinatione.
1499 3243 1633 3285 nam
1665 3227 1972 3305 participia
2004 3227 2056 3284 si
2084 3226 2319 3297 fuerint,
2352 3224 2644 3286 secundae
2674 3232 2814 3286 sunt
2843 3222 3235 3290 declinationis

682 3333 748 3386 ut
789 3323 886 3385 hic
930 3327 1088 3387 visus
1131 3326 1304 3388 huius
1348 3329 1484 3399 visi,
1532 3327 1628 3387 hic
1673 3326 1905 3388 auditus
1949 3327 2124 3387 huius
2154 3327 2364 3398 auditi3
2413 3329 2463 3388 si
2506 3335 2702 3388 autem
2747 3329 2987 3387 nomina
3030 3325 3235 3391 fuerint,

685 3435 859 3489 erunt
913 3438 1158 3508 quartae
1220 3427 1654 3502 declinationiS,
1715 3439 1780 3490 ut
1833 3429 1928 3489 hic
1984 3431 2141 3491 visus
2195 3429 2369 3491 huius
2426 3431 2609 3501 visuS,
2675 3429 2772 3490 hic
2817 3427 3049 3489 auditus
3090 3427 3235 3487 huius

683 3528 932 3590 auditus.
1024 3547 1377 3611 quamquam
1443 3531 1591 3592 haec
1657 3549 1808 3612 quae
1874 3531 2126 3593 diximus
2190 3534 2363 3593 etiam
2430 3531 2530 3594 illa
2584 3533 2813 3592 ratione
2860 3530 3231 3594 discernimus,

608 3632 840 3711 eoquod
887 3633 1260 3712 participium
1308 3642 1448 3695 tunc
1494 3643 1609 3707 est,
1657 3653 1790 3695 cum
1839 3642 2070 3713 tempus
2114 3635 2320 3707 habet,
2366 3642 2433 3696 ut
2473 3643 2613 3714 puta
2660 3633 2801 3694 ‘ille
2848 3633 3071 3695 auditus
3110 3635 3231 3696 est';

683 3751 815 3793 cum
861 3745 1057 3795 autem
1105 3753 1223 3795 non
1269 3734 1448 3796 habet
1491 3743 1741 3816 tempuS,
1789 3755 2006 3798 nomen
2044 3745 2149 3808 est,
2196 3745 2262 3798 ut
2305 3735 2573 3799 ‘auditus
2618 3755 2787 3797 meus
2832 3735 3071 3796 obtusus
3112 3736 3231 3800 est’‚

683 3837 872 3897 ‘visus
915 3854 1084 3897 meus
1127 3836 1370 3898 obtusus
1415 3837 1596 3920 est'.]

849 4211 884 4262 9
909 4212 1151 4279 transtra]
1193 4216 1350 4280 Ver-9.
1390 4214 1522 4267 Aen.
1559 4215 1607 4264 V
1635 4213 1741 4266 663
1907 4213 1973 4266 10
2006 4223 2199 4265 mutent
2236 4227 2271 4270 ς
2305 4221 2533 4264 mutuent
2560 4215 2611 4264 P
2776 4216 2838 4268 11
2879 4215 3051 4283 longo]
3092 4215 3225 4276 γεω.

677 4283 836 4336 bucol.
884 4284 932 4345 1,
971 4283 1040 4334 30
1181 4285 1243 4334 12
1275 4286 1415 4334 uenit
1448 4299 1482 4341 ς
1509 4285 1654 4333 uenis
1690 4285 1742 4333 P
1886 4286 1947 4336 16
1976 4301 2132 4352 super
2166 4283 2391 4350 Priamo]
2432 4287 2589 4350 Very.
2616 4286 2748 4335 Aen.
2787 4286 2807 4334 1
2842 4286 2947 4337 750
3078 4285 3131 4334 22
3162 4284 3222 4332 De

679 4355 962 4418 participiis
998 4355 1375 4405 transeuntibus
1401 4357 1452 4404 in
1491 4356 1715 4408 nomina.
1792 4353 1921 4405 Sunt
1956 4359 2161 4406 nomina
2191 4355 2471 4408 Putat-Itius.
2526 4363 2799 4406 tractatum
2838 4363 2889 4406 et
2922 4356 2985 4406 ab
3020 4355 3221 4405 hocloco

677 4431 726 4472 et
751 4425 815 4474 ab
841 4426 951 4487 ipso
984 4425 1162 4475 Seruio
1197 4426 1408 4475 alienum
1443 4428 1493 4476 in
1511 4427 1612 4488 fine
1641 4440 1807 4474 eorum
1842 4441 1973 4490 quae
2010 4430 2060 4476 in
2090 4427 2321 4476 minorem
2344 4435 2503 4476 arcem
2540 4425 2729 4477 Donate·
2748 4431 3089 4492 yramaticus
3111 4439 3220 4473 com-

675 4503 923 4544 mentatus
957 4503 1072 4545 erat
1107 4496 1354 4547 adiecisse
1390 4497 1590 4547 videtur
1617 4495 1876 4546 librarius.
2018 4499 2086 4547 24
2116 4510 2213 4545 non
2244 4497 2425 4561 recipit
2448 4499 2896 4561 comparationem.
2939 4509 3075 4546 nemo
3106 4493 3219 4543 euim

678 4563 799 4614 dicit
847 4566 1093 4630 legentior
1129 4565 1528 4632 legentissimus.
1588 4567 1710 4629 quid
1748 4566 1793 4616 si
1824 4567 1891 4616 sit
1940 4579 2123 4616 nomen
2168 4580 2269 4616 non
2309 4565 2474 4616 simile
2506 4568 2775 4632 participio
2808 4568 2903 4617 sed
2936 4566 3052 4630 quid
3082 4565 3139 4614 sit
3176 4573 3219 4611 et

677 4635 1002 4700 participium
1041 4635 1190 4686 aliam
1222 4637 1402 4702 recipit
1429 4637 1803 4700 discretionem,
1841 4644 1895 4686 ut
1925 4645 2002 4685 est
2026 4651 2221 4696 amane,
2248 4637 2384 4701 quod
2412 4646 2461 4685 et
2496 4651 2678 4687 nomen
2720 4645 2796 4687 est
2826 4646 2875 4686 et
2909 4635 3215 4704 participium.

677 4716 794 4752 nam
834 4706 878 4753 si
915 4706 981 4753 sit
1015 4719 1229 4768 nomen,
1262 4708 1488 4771 genitiuo
1525 4707 1782 4772 iungitur,
1814 4716 1870 4755 ut
1906 4722 2083 4758 amans
2128 4709 2238 4761 tui:
2288 4709 2334 4757 si
2368 4715 2532 4758 autem
2565 4708 2888 4772 participium
2918 4709 3007 4768 sit,
3041 4717 3216 4754 aecusa-

675 4772 782 4822 tiuo
809 4775 1054 4840 iungitur,
1091 4783 1148 4823 ut
1181 4790 1358 4825 amans
1390 4786 1438 4826 te
1466 4777 1891 4840 quemadmodum
1924 4777 2098 4828 colens
2135 4786 2199 4826 te.
2238 4778 2286 4828 si
2312 4787 2477 4828 autem
2516 4777 2839 4827 inueniuntur
2878 4791 2913 4834 ς
3044 4775 3103 4826 25
3136 4771 3213 4824 sed

674 4857 768 4892 om.
805 4857 840 4898 ς
981 4844 1047 4895 26
1080 4854 1198 4894 sunt
1221 4845 1573 4896 declinationis
1614 4861 1649 4903 ς
1682 4857 1801 4898 sunt
1832 4847 2195 4900 declinationes
2228 4848 2277 4899 P
2412 4849 2477 4900 32
2506 4855 2555 4898 et
2588 4849 2735 4898 uisus
2762 4863 2907 4898 meus
2940 4845 3093 4896 breuia
3125 4858 3155 4900 ς
