3434 5442
650 360 774 422 540
1786 351 2091 435 [sanun]

751 463 784 502 s.
813 462 904 504 60⁴.
931 462 976 504 61
1006 462 1102 502 cod.
1131 461 1232 502 Lav.

647 540 894 604 Pelides,
982 559 1132 622 quae
1185 541 1554 604 deducuntur
1610 541 1765 622 apud
1832 541 2155 603 Homerum
2208 559 2243 601 a
2302 548 2471 620 patre
2525 546 2583 602 et
2634 539 2710 602 ab
2762 558 2872 602 avo
2930 547 2993 601 et
3044 547 3205 612 retro,

649 644 802 724 apud
848 643 1294 723 Lycophronem
1339 651 1398 705 et
1441 642 1513 704 ab
1559 662 1775 715 uxore;
1820 643 1923 704 sed
1968 650 2030 704 et
2070 641 2168 704 illa
2199 662 2349 724 quae
2392 641 2735 706 naturaliter
2779 640 3205 720 intelleguntur,

647 753 714 807 ut
767 745 1205 824 ‘Scipiadas
1266 745 1495 808 duros
1549 743 1806 817 bello',
1866 745 1927 806 id
1984 753 2073 806 est
2134 745 2462 825 Scipiones
2548 745 2895 825 dionymon,
2952 755 3021 806 ut
3058 744 3209 805 Paris

647 847 1001 918 Alexander,
1059 845 1215 909 Elisa
1270 847 1434 909 Dido.
1525 855 1616 909 est
1670 847 1848 910 etiam
1902 846 2058 928 quod
2116 846 2319 908 dicunt
2370 847 2749 928 leronymon,
2820 854 2887 907 ut
2936 845 3209 926 Pasiphae

599 967 624 1008 5
650 948 1029 1030 Hippolytus,
1077 967 1108 1010 a
1154 947 1292 1010 solis
1338 948 1559 1011 scilicet
1603 947 1917 1030 splendore
1963 957 2023 1011 et
2066 968 2246 1030 equo;
2296 957 2396 1010 aut
2438 967 2791 1028 eponymon,
2834 956 2902 1010 ut
2928 947 3207 1010 Dardanio

644 1051 950 1114 Anchisae.
1041 1060 1180 1113 sunt
1233 1051 1519 1134 quaedam
1566 1053 1824 1124 nomina,
1872 1069 2022 1132 quae
2065 1069 2257 1134 neque
2302 1050 2583 1130 singulari
2628 1069 2819 1132 neque
2861 1048 3077 1130 plurali
3117 1051 3205 1111 ad·

645 1155 807 1234 iungi
850 1171 1100 1216 numero
1143 1163 1307 1216 recte
1349 1162 1625 1236 possunt,
1671 1162 1734 1216 et
1776 1155 1907 1216 ideo
1953 1152 2107 1216 duali
2150 1153 2514 1232 adsignanda
2554 1162 2720 1224 sunt,
2778 1164 2844 1215 ut
2886 1153 3003 1214 duo
3047 1152 3207 1214 ambo

643 1264 776 1317 uter
820 1262 1046 1317 neuter.

813 1357 897 1419 De
940 1359 1180 1420 incertis
1223 1358 1578 1421 nominibus.
1655 1356 1809 1420 male
1851 1358 1998 1420 haec
2042 1359 2279 1420 nomina
2322 1359 2479 1420 inter
2520 1360 2746 1420 incerta
2788 1359 3013 1439 posuit,
3056 1359 3207 1436 pirus

567 1479 616 1521 ιο
645 1459 860 1532 buxu8,
909 1479 1045 1522 cum
1089 1460 1405 1522 discrimen
1447 1461 1574 1541 ipse
1619 1459 1869 1521 dederit.

810 1562 894 1623 De
937 1563 1312 1642 monoptotis.
1401 1571 1538 1624 sunt
1589 1561 1702 1624 alia
1758 1563 1996 1624 nomina
2038 1581 2191 1644 quae
2234 1582 2343 1643 per
2386 1581 2567 1626 unum
2612 1581 2811 1626 casum
2854 1562 3205 1625 consuetudo

641 1665 922 1736 retineat,
979 1672 1046 1726 ut
1099 1671 1310 1743 sponte
1331 1655 1340 1660 ⁶
1365 1672 1508 1727 natu
1561 1663 1718 1726 tabo.
1810 1665 1958 1726 haec
2014 1666 2169 1726 enim
2225 1685 2335 1744 per
2390 1664 2700 1728 ablativum
2756 1663 2945 1728 solum
3002 1665 3063 1726 in
3106 1685 3203 1728 usu

642 1767 988 1828 efferuntur.
1076 1775 1214 1828 sunt
1269 1765 1380 1830 alia
1437 1784 1588 1848 quae
1644 1765 1831 1827 tribus
1890 1765 2122 1829 casibus
2178 1775 2403 1829 tantum
2464 1767 2811 1838 efferuntur,
2858 1768 3203 1828 nominativo

641 1869 970 1930 accusativo
1027 1870 1318 1940 vocativo,
1376 1876 1443 1930 ut
1497 1869 1584 1930 fas
1629 1869 1822 1930 nefas:
1869 1870 2011 1930 item
2054 1867 2335 1950 pluralia,
2381 1877 2449 1931 ut
2490 1871 2675 1933 maria
2718 1871 2851 1932 vina
2896 1887 3035 1932 rura
3078 1887 3201 1931 aera

565 1990 616 2032 ιε,
641 1969 844 2032 mella:
891 1971 1030 2031 item
1077 1971 1312 2032 numeri
1355 1990 1388 2034 a
1432 1978 1707 2052 quattuor
1752 1989 1937 2052 usque
1980 1972 2052 2033 ad
2100 1979 2359 2034 centum.

1443 2179 1530 2220 DE
1573 2178 2041 2222 DEOLIRATIONE
2084 2179 2390 2223 Nonmvu.

755 2315 760 2320 -
805 2274 1238 2339 Declinationes
1293 2278 1599 2340 nominum
1654 2280 1915 2359 quinque
1970 2289 2133 2350 sunt,
2191 2297 2343 2360 quae
2386 2281 2639 2358 genitivo
2686 2297 2824 2341 casu
2868 2279 3205 2342 discernun-

637 2387 754 2440 tur.
840 2379 1033 2458 prima
1091 2386 1182 2440 est
1235 2397 1384 2460 quae
1449 2379 1704 2458 genitivo
1761 2397 1899 2442 casu
1952 2382 2015 2441 in
2072 2399 2141 2442 ae
2192 2379 2449 2443 litteram
2502 2384 2885 2453 terminatur,
2933 2390 3000 2443 ut
3040 2383 3207 2445 huius

635 2481 892 2550 formae;
939 2479 1195 2543 secunda
1241 2489 1330 2542 est
1372 2481 1702 2554 declinatio,
1748 2483 2021 2563 quotiens
2064 2483 2353 2562 genitivus
2408 2501 2577 2546 casus
2618 2485 2639 2543 i
2680 2482 2875 2546 littera
2936 2485 3205 2546 termina-

560 2602 611 2644 πο
638 2590 751 2655 tur,
797 2589 864 2643 ut
903 2581 1078 2644 huius
1122 2581 1327 2653 officii;
1371 2580 1399 2668 ΙΙ
1439 2584 1612 2646 tertia
1657 2593 1749 2646 est
1792 2583 2129 2656 declinatio,
2191 2585 2466 2666 quotiens
2508 2587 2799 2664 genitivus
2844 2605 3017 2649 casus
3057 2588 3121 2647 in
3160 2587 3207 2647 is

633 2685 834 2748 finitur
877 2683 1124 2766 syllaba,
1171 2692 1237 2747 ut
1279 2685 1453 2747 huius
1497 2687 1791 2755 muneris;
1838 2695 2043 2767 quarta
2090 2694 2181 2748 est
2222 2685 2562 2758 declinatio,
2608 2691 2883 2768 quotiens
2926 2689 3208 2766 genitivus

635 2805 806 2848 casus
847 2806 919 2849 us
965 2785 1052 2849 vel
1099 2804 1134 2848 u
1179 2789 1545 2860 terminatur,
1593 2796 1658 2849 ut
1684 2787 1861 2850 huius
1891 2790 2093 2860 unius,
2139 2789 2315 2850 huius
2344 2788 2555 2861 solius,
2602 2790 2776 2852 huius
2820 2807 2997 2870 genu,
3041 2789 3209 2852 huius

634 2887 800 2967 gelu;
847 2890 1051 2970 quinta
1094 2896 1184 2952 est
1228 2889 1557 2961 declinatio,
1605 2892 1878 2970 quotiens
1921 2891 2210 2970 genitivus
2255 2909 2428 2954 casus
2471 2891 2526 2953 ei
2568 2890 2787 2972 syllaba
2836 2893 3205 2964 terminatur,

635 2997 703 3052 ut
745 2991 919 3053 huius
965 2991 1168 3062 faciei,
1214 2990 1388 3058 huius
1432 2993 1670 3071 speciei.

1019 3134 1050 3170 0
1457 3135 1490 3172 ὓ
1892 3137 1925 3174 8
2330 3137 2364 3174 Φ
2769 3138 2802 3175 8

773 3330 798 3382 1
848 3330 1042 3396 pelides
1093 3332 1333 3396 equidem
1371 3332 1692 3384 deducuntur
1728 3333 1778 3383 L
1953 3333 1987 3383 2
2024 3335 2161 3400 apud
2202 3332 2463 3400 lycofrone
2498 3335 2547 3384 L
2684 3335 2720 3386 3
2754 3336 3019 3402 scipiados
3056 3338 3209 3388 duros

631 3415 768 3454 corr.
805 3400 1060 3467 scipiadas
1091 3401 1251 3452 durus
1283 3402 1362 3454 L.-
1397 3405 1556 3469 Ver-9.
1582 3418 1757 3470 asora.
1789 3403 1833 3452 Π
1866 3403 1965 3456 170
2102 3404 2395 3456 adionimou
2421 3413 2475 3454 ut
2509 3406 2673 3470 patris
2708 3405 2965 3456 alixandri
2998 3405 3145 3472 (—der
3164 3407 3207 3474 l)

633 3473 732 3521 lisa
765 3469 814 3519 L
951 3471 984 3520 4
1019 3471 1231 3538 pasyfae
1267 3473 1316 3521 L
1457 3475 1490 3524 5
1526 3482 1614 3523 aut
1656 3487 1973 3539 ceponymon
2013 3473 2062 3522 L
2198 3471 2475 3542 Dardanio]
2519 3477 2677 3540 Vera.
2706 3475 2839 3529 Aen.
2868 3475 3039 3530 1617.
3073 3477 3209 3528 v1111

629 3541 732 3593 647
873 3541 903 3590 7
941 3540 1112 3591 dualia
1147 3543 1212 3592 ad
1247 3542 1583 3609 significanda
1607 3543 1652 3592 L
1780 3543 1816 3594 8
1849 3553 1959 3594 uter
1994 3552 2227 3594 neutrum
2251 3545 2301 3595 L
2447 3545 2510 3597 10
2540 3559 2631 3595 cur
2666 3545 2944 3597 diserinem
2982 3548 3097 3613 ipse
3123 3548 3206 3597 de-

631 3612 708 3663 dit
737 3609 787 3659 L
929 3611 994 3662 12
1028 3619 1146 3661 nato
1180 3612 1230 3662 L
1375 3615 1438 3664 15
1465 3613 1618 3663 melia
1653 3613 1771 3664 item
1802 3615 1997 3664 numeri
2043 3623 2278 3678 quattuor
2314 3629 2343 3664 a
2380 3631 2541 3678 usque
2574 3615 2862 3670 aduentum.
2900 3615 3205 3668 Declinatio-

631 3695 723 3732 nes
758 3678 808 3728 L
951 3680 1015 3732 18
1052 3681 1286 3732 terminat
1319 3685 1366 3733 L
1505 3685 1574 3735 24
1609 3682 1761 3732 huius
1794 3683 1923 3735 facie
1958 3683 2111 3734 huius
2145 3685 2352 3748 speciei.
2389 3704 2459 3729 ω
2504 3682 2515 3750 Ι
2556 3685 2631 3734 De
2669 3684 2849 3736 formis
2884 3686 3179 3752 casalibus!

629 3749 1034 3801 Declinationum
1061 3750 1254 3801 formae
1288 3762 1407 3803 sunt
1437 3767 1529 3804 sex
1558 3755 1762 3803 senaria
1802 3782 1859 3790 -
1891 3753 2024 3816 Ιὶ62
2058 3754 2121 3804 ab
2154 3753 2250 3804 hac
2286 3755 2471 3804 iuuone
2510 3764 2689 3820 apotes
2724 3771 2855 3808 eras.
2896 3767 3020 3807 sunt
3055 3759 3205 3806 mulla

630 3835 760 3884 quae
797 3834 900 3870 non
935 3821 1253 3872 declinantur
1286 3823 1351 3874 L.
1407 3824 1708 3887 interposita
1740 3831 1856 3874 sunt
1888 3827 1940 3875 t'n
1986 3825 2157 3875 codice
2202 3826 2436 3888 exempla
2482 3825 2859 3878 ammiramur·
2892 3842 3002 3878 cm
3033 3831 3206 3892 paucis

630 3890 924 3956 quibusdam
980 3891 1140 3958 iisque
1194 3894 1409 3944 maxime
1442 3893 1733 3960 vulgaribus
1769 3894 2195 3945 observationibus
2229 3896 2293 3946 de
2334 3910 2534 3945 nmero
2585 3898 2665 3946 vel
2705 3912 2896 3961 genere
2950 3901 3201 3950 nominans.

630 3963 862 4024 exempla
912 3969 1072 4012 autem
1106 3964 1358 4024 nominum,
1398 3979 1532 4028 quae
1578 3979 1677 4027 per
1703 3978 1856 4016 casua
1891 3979 2009 4015 suos
2044 3965 2375 4030 declinantur,
2411 3966 2677 4029 adempta
2712 3973 2829 4017 aunt
2853 3966 3010 4031 haec,
3058 3983 3202 4033 unus,

629 4045 803 4092 cornu,
842 4046 1079 4096 nequam,
1119 4033 1366 4098 luppiter,
1405 4035 1582 4095 Roma,
1621 4034 1793 4098 loculi,
1833 4035 2018 4098 scalae,
2058 4035 2275 4097 cibaria,
2310 4035 2545 4086 tribunus
2582 4035 2741 4102 plebi,
2772 4047 2983 4088 senatus
3010 4039 3206 4091 consul-

629 4109 754 4164 tum,
795 4101 941 4166 virgo
963 4101 1204 4160 Vestalis,
1241 4110 1384 4168 pater
1421 4103 1660 4164 familias,
1699 4113 1869 4166 nauta,
1907 4105 2096 4169 laurus,
2116 4103 2405 4170 Glycerium
2438 4105 2749 4172 (gyelerium
2765 4107 2837 4168 L)
2862 4133 2931 4146 —-
2956 4109 3033 4159 sic
3050 4109 3205 4159 decli-

631 4179 811 4220 nantur
848 4169 1114 4236 philotium
1141 4171 1499 4224 fllocomutium
1535 4185 1582 4224 et
1617 4173 1735 4228 alia.
1811 4176 1932 4224 item
1973 4175 2179 4240 generis
2218 4175 2413 4240 neutri,
2446 4175 2585 4238 quod
2619 4176 2670 4225 in
2704 4191 2913 4228 numero
2954 4179 3201 4244 singulari

633 4251 736 4292 tres
765 4249 956 4292 tantum
985 4255 1136 4292 casus
1172 4241 1374 4306 habeat,
1400 4243 1453 4294 id
1488 4253 1564 4294 est
1587 4245 1869 4310 genitivum
1894 4244 2119 4295 dativum
2142 4255 2192 4297 et
2228 4245 2523 4306 ablativum,
2556 4246 2608 4295 in
2638 4247 2826 4311 plurali
2852 4263 2974 4298 vero
3010 4263 3201 4312 omnes,

628 4309 913 4362 declinatur
959 4310 1060 4376 sic,
1104 4313 1332 4378 genitivo
1370 4313 1522 4364 huius
1561 4313 1788 4365 verberis
1838 4315 2037 4379 (neruis
2076 4313 2179 4380 L),
2220 4316 2390 4367 dativo
2428 4315 2549 4366 huic
2598 4315 2797 4367 verberi
2832 4313 3079 4382 (uetuere
3118 4318 3201 4383 L),

626 4381 846 4433 ablativo
882 4381 948 4432 ab
974 4379 1072 4432 hoc
1107 4382 1318 4433 uerbere
1351 4410 1420 4421 —
1457 4383 1714 4446 Tartarus,
1754 4384 1993 4435 balneum
2029 4413 2087 4420 —
2132 4387 2208 4436 sic
2242 4384 2526 4437 declinatur
2562 4385 2779 4440 frenum.
2814 4388 2905 4438 sed
2943 4388 3203 4454 pluraliter

625 4450 773 4502 frena
809 4459 858 4500 et
905 4450 1076 4502 frenos
1117 4465 1305 4518 genere
1351 4453 1633 4505 masculino
1669 4462 1721 4504 et
1754 4461 1931 4505 neutro
1966 4455 2210 4506 dicimus:
2257 4456 2519 4524 Vergilius
2565 4455 2763 4524 (θωνα.
2798 4455 2866 4508 Ill
2907 4457 3037 4524 184)
3073 4457 3201 4509 ‘fre-

626 4535 821 4584 nosque
854 4522 1034 4572 audire
1069 4523 1321 4573 sonantis’
1357 4523 1506 4588 (-ties
1549 4523 1616 4588 L)
1655 4531 1704 4574 et
1740 4524 1897 4588 (Aen.
1937 4525 2053 4576 Vlll
2095 4523 2218 4589 168)
2256 4526 2522 4592 ‘frenaque
2558 4527 2677 4577 bina
2710 4542 2854 4578 meus
2888 4525 3040 4593 (uina
3069 4543 3201 4579 meas

626 4587 697 4654 L)
737 4606 867 4656 quae
905 4606 1038 4642 nunc
1073 4591 1226 4642 habet
1251 4607 1407 4644 aurea
1444 4593 1656 4648 Pallas’.
1693 4595 1897 4657 fluctus,
1933 4595 2173 4660 carduus,
2206 4597 2461 4660 cornicen,
2489 4611 2695 4664 pegma,
2722 4595 2971 4664 Calliope,
3007 4597 3199 4650 Allecto

624 4661 830 4711 —item
858 4677 1042 4713 nomen
1067 4661 1312 4714 Graecum
1349 4664 1630 4716 seeundum
1645 4664 1862 4732 Vergilii
1882 4665 2277 4717 declinationem
2312 4669 2518 4732 generis
2538 4665 2803 4718 masculini
2836 4668 2932 4729 sic,
2972 4671 3197 4720 nomina-

625 4731 730 4780 tivo
760 4731 848 4780 hic
882 4731 1158 4794 Mnesteus,
1192 4735 1418 4800 genitivo
1457 4733 1609 4784 huius
1639 4733 1886 4799 Mnesteo,
1927 4735 2099 4787 dativo
2134 4736 2256 4788 huic
2289 4736 2523 4800 Mnestei,
2556 4739 2847 4788 accusativo
2882 4738 3021 4790 hunc
3062 4740 3196 4791 Mne-

627 4807 754 4864 stea,
783 4803 1013 4851 vocativo
1049 4816 1078 4851 o
1113 4801 1324 4852 Mnestei
1361 4805 1412 4867 (2
1451 4805 1530 4854 uel
1564 4803 1680 4868 -te).
1720 4806 1942 4857 ablativo
1982 4814 2134 4867 caret,
2170 4815 2226 4857 ut
2262 4815 2339 4857 est
2374 4806 2711 4858 declinatione
2748 4807 2960 4872 Graeca,
2992 4811 3075 4861 vel
3106 4809 3194 4860 flu-

626 4871 798 4937 gimus
838 4870 900 4920 ab
949 4871 1046 4920 hoc
1083 4872 1326 4922 Mnesteo.
1377 4874 1454 4924 sic
1491 4873 1773 4925 declinatur
1814 4874 2017 4928 Anthea
2052 4875 2237 4928 Dareta
2272 4887 2321 4928 et
2354 4877 2493 4932 talia.
2548 4877 2649 4930 lien
2670 4906 2735 4916 —
2754 4881 3079 4946 cognominis
3110 4881 3195 4931 de·
