3434 5442
614 939 642 980 5

595 1446 647 1488 1⁰

591 1954 642 1996 15

593 2982 644 3024 2⁶

665 335 790 398 462
1826 332 2068 394 SERvn

767 451 811 490 p.
840 438 954 480 1821.
981 439 1039 481 22
1067 437 1114 480 P.
2812 451 2857 493 p.
2884 440 2987 482 avo.
3018 439 3069 480 ‘n
3100 439 3155 478 c.

833 518 918 580 De
963 518 1221 580 chorico.
1280 518 1584 580 choricum
1631 525 1862 580 constat
1902 528 2272 582 monometro
2316 519 2821 600 hypercatalecto,
2866 528 2934 581 ut
2984 527 3083 580 ωε
3124 519 3245 588 hoc.

1237 623 1468 684 animus
1511 619 1666 682 male
1709 621 1900 682 sortis.

835 721 918 783 De
974 723 1395 804 aristophanio.
1485 722 1950 802 aristophanium
2007 731 2237 785 constat
2289 723 2543 785 dimetro
2596 721 3151 805 brachycatalecto,
3196 731 3251 782 ut

667 833 756 886 est
798 825 939 895 hoc,

1236 929 1397 988 venit
1437 929 1658 1007 optima
1703 926 1985 1007 Calliope.

836 1029 844 1112 Ι
893 1029 976 1091 De
1019 1030 1414 1110 paroemiaco.
1475 1033 1914 1110 paroemiacum
1948 1037 2179 1091 constat
2207 1030 2463 1092 dimetro
2495 1029 2865 1101 catalectico,
2898 1039 2971 1090 ut
3004 1037 3102 1090 est
3128 1027 3251 1098 hoc,
3342 1051 3344 1054 ⁴

1237 1130 1456 1194 aditum
1503 1133 1750 1193 Veneris
1791 1133 1929 1212 fuge
1972 1133 2157 1210 virgo.

835 1233 918 1295 De
963 1233 1289 1314 pindarico.
1376 1233 1751 1313 pindaricum
1796 1240 2025 1296 constat
2070 1233 2321 1296 dimetro
2366 1233 2713 1305 acatalecto,
2761 1245 2825 1296 ut
2872 1244 2967 1296 est
3014 1234 3165 1300 hoc,

1069 1335 1206 1415 fuge
1251 1337 1482 1398 moenia
1527 1336 1644 1397 iam
1690 1334 2131 1398 Telamoniade.

841 1439 925 1499 De
969 1435 1275 1500 alcmanio.
1339 1437 1689 1498 alcmanium
1738 1445 1967 1500 constat
2012 1438 2263 1501 dimetro
2308 1439 2820 1519 hypercatalecto,
2868 1447 2937 1500 ut
2989 1447 3089 1498 est
3132 1438 3253 1506 hoc,

1069 1538 1386 1601 tremulum
1431 1557 1596 1600 mare
1642 1538 1922 1601 mollissua
1968 1542 2115 1602 nitet
2157 1559 2320 1603 aura.

835 1641 920 1704 Dc
965 1639 1328 1703 archebulio.
1416 1640 1825 1703 archebulium
1870 1650 2101 1704 constat
2154 1643 2409 1705 dimetro
2454 1642 2773 1705 acatalecto
2816 1651 2880 1703 et
2920 1641 3254 1723 palimbac-

666 1744 829 1814 chio,
877 1751 943 1803 ut
984 1751 1074 1804 est
1117 1743 1260 1820 hoc,

1071 1845 1178 1908 dea
1223 1845 1545 1906 somnifero
1590 1862 1733 1924 vaga
1778 1843 2073 1907 curriculo
2112 1815 2355 1909 relucet.

840 1947 922 2008 De
983 1945 1307 2028 pindarico.
1394 1945 1765 2026 pindaricum
1824 1956 2053 2009 constat
2105 1951 2373 2010 trimetro
2430 1948 2973 2029 brachycatalecto,
3052 1956 3122 2009 ut
3176 1957 3255 2008 est

666 2048 812 2122 hoc,
2596 2047 2621 2090 ⁸

1075 2150 1331 2212 medium
1375 2151 1584 2231 rapido
1629 2169 1793 2212 mare
1838 2151 2093 2231 Thybris
2138 2153 2260 2216 adit
2302 2153 2497 2215 fluvio.

838 2254 922 2316 De
965 2251 1273 2314 alemanie.
1363 2251 1712 2315 alcmanium
1761 2262 1990 2317 constat
2032 2257 2303 2316 trimetro
2350 2244 2720 2327 catalectico,
2776 2263 2843 2318 ut
2886 2262 2981 2316 est
3032 2255 3177 2324 hoc.

1073 2354 1208 2416 date
1250 2354 1516 2416 Pierides
1559 2355 1703 2417 mihi
1750 2358 2012 2418 carmina
2055 2355 2551 2436 doctiloquorum.

841 2457 924 2519 De
968 2456 1337 2519 stesichorio.
1425 2456 1839 2519 stesichorium
1886 2465 2115 2520 constat
2158 2461 2430 2520 trimetro
2474 2458 2823 2529 acatalecto,
2870 2468 2941 2521 ut
2986 2469 3085 2522 est
3128 2459 3249 2528 hoc,

971 2559 1124 2620 iacet
1165 2560 1226 2618 in
1270 2558 1527 2621 thalamo
1583 2558 1691 2619 tibi
1735 2561 1899 2639 virgo
1944 2559 2159 2622 decens
2204 2559 2445 2622 Veneris
2489 2563 2705 2641 specie.

841 2660 923 2721 De
967 2661 1302 2721 simonidio.
1363 2660 1740 2722 simonidium
1774 2671 2005 2724 constat
2049 2665 2317 2724 trimetro
2362 2663 2865 2742 hypercatalecto.
2901 2672 2968 2724 ut
3000 2672 3099 2724 est
3130 2663 3249 2730 hoc,

974 2761 1114 2823 tuba
1161 2760 1411 2824 terribili
1455 2761 1663 2844 procul
1707 2780 1845 2824 aere
1890 2771 2086 2835 sonat,
2135 2763 2387 2844 clipeum
2432 2771 2609 2844 quate
2654 2763 2841 2826 miles,

839 2866 922 2928 De
979 2863 1286 2928 alcmanio.
1373 2863 1729 2926 alcmanium
1784 2873 2013 2926 constat
2068 2873 2413 2928 tetrametro
2470 2865 3009 2947 brachycatalecto,
3062 2875 3130 2928 ut
3172 2875 3251 2926 cst

669 2969 812 3040 hoc,

973 3086 1074 3130 sua
1123 3087 1367 3130 munera
1412 3068 1528 3129 sert
1573 3067 1765 3130 Venus
1809 3067 1961 3130 alma
2008 3088 2173 3132 rosas
2214 3070 2410 3131 iuveni
2456 3069 2857 3151 Cinyreiadae.

840 3171 923 3233 De
949 3170 1371 3250 aristophanio.
1418 3171 1883 3251 aristophanium
1907 3179 2134 3233 constat
2158 3179 2506 3234 tetrametro
2529 3171 2891 3242 catalectico,
2918 3181 2986 3233 ut
3010 3181 3105 3234 est
3127 3172 3249 3242 hoc,

975 3272 1108 3334 date
1155 3274 1286 3334 vina
1327 3273 1502 3344 mihi,
1549 3273 1684 3336 date
1729 3281 1915 3345 serta,
1960 3276 2119 3335 iuvat
2162 3273 2305 3336 dare
2346 3283 2615 3356 tempora
2659 3284 2785 3338 tota
2826 3275 3045 3356 Lyaeo.

809 3427 844 3478 6
872 3427 936 3477 de
969 3425 1326 3493 parhoemiaco
1353 3425 1622 3491 parhoemi
1650 3427 1706 3476 N
1724 3425 1789 3477 de
1822 3426 2145 3494 parchoemio
2170 3425 2547 3494 parcboeminm
2582 3428 2627 3479 S
2656 3426 3045 3492 partheniacum
3082 3429 3251 3480 ordine

671 3499 994 3550 &metrorum
1017 3499 1088 3547 ita
1109 3503 1318 3559 mutato,
1355 3496 1791 3562 Aristoplianium,
1830 3497 2170 3560 Pindaricum,
2198 3497 2536 3559 Alcmanium,
2571 3495 2950 3549 Archilochium
2986 3499 3117 3566 (pro
3150 3500 3246 3548 Ar-

671 3567 945 3632 elichum),
965 3565 1373 3626 Partheniacum,
1402 3565 1722 3617 Pindaricum
1742 3575 1939 3617 constat
1956 3567 2180 3618 trimetro
2207 3581 2259 3624 ς.
2298 3569 2349 3618 in
2369 3565 2715 3618 Laurentiano
2744 3569 2917 3619 codiee
2950 3571 3025 3620 ita
3064 3569 3247 3620 deser-2·-

667 3645 760 3702 pta
806 3644 922 3688 eunt
954 3644 1113 3687 metra
1146 3637 1510 3699 anapaestico,
1563 3637 1823 3688 Trinicum
1860 3663 1925 3673 —
1958 3636 2375 3702 Aristophanium
2410 3661 2479 3674 -—
2514 3635 2900 3688 Partheniacum
2938 3649 3143 3690 constat
3175 3639 3245 3688 di·

672 3716 834 3758 metro
869 3706 1192 3757 acatalectico
1229 3715 1285 3755 ut
1321 3705 1446 3754 felix
1483 3706 1692 3756 nimium
1728 3710 1869 3773 prior
1902 3715 2060 3759 aetas.
2101 3706 2419 3756 Alcmauium
2454 3733 2522 3742 —
2558 3705 2889 3758 Stesicorium
2926 3735 2991 3745 —
3030 3707 3245 3759 Simoni·

674 3779 815 3828 dium
849 3804 916 3814 —-
957 3776 1278 3826 Alcmauinm
1312 3801 1380 3811 —
1419 3775 1833 3842 Aristophanium
1882 3805 1947 3814 —
1982 3777 2309 3827 Pindaricum
2358 3785 2553 3827 constat
2606 3788 2919 3829 monometro
2970 3779 3247 3845 hipercata-

675 3847 850 3899 lectico
888 3855 942 3896 ut
973 3847 1083 3897 aias
1119 3845 1248 3896 male
1287 3843 1454 3899 fortia.
1529 3846 1926 3900 Parchimaicum
1964 3854 2159 3896 constat
2195 3847 2411 3898 dimetro
2450 3846 2683 3897 brachico
2725 3856 2780 3896 ut
2816 3849 3009 3899 aditum
3048 3848 3245 3900 ueneris

675 3916 799 3983 fuge
822 3917 986 3982 uirgo.
1024 3915 1344 3967 Alcmanium
1371 3941 1439 3952 -—
1459 3914 1782 3967 Pindaricum
1802 3945 1863 3956 —-
1888 3915 2247 3967 Archebulium
2270 3945 2322 3953 —
2350 3916 2544 3966 relucet
2645 3916 2859 3968 dimetro
2878 3919 3042 3969 acatal
3058 3919 3073 3944 ’
3104 3920 3153 3968 A·

675 3989 708 4039 7
747 3983 956 4053 adytum
994 3998 1057 4041 5:
1101 3986 1294 4036 aditum
1339 4011 1409 4024 —·
1443 3985 1478 4036 8
1530 3986 1747 4039 dimetro
1784 3987 2055 4038 acatalecto
2114 3997 2168 4036 ut
2209 3996 2287 4037 est
2322 3985 2501 4036 hocin
2538 4003 2697 4051 mter-9.
2742 3988 2866 4040 add.
2904 3990 2981 4052 N,
3014 3990 3111 4038 hoc
3146 3992 3245 4038 loco

673 4059 858 4110 omissa
883 4057 1164 4122 definitioni
1194 4059 1408 4107 trimam
1445 4055 1713 4108 Pindarici
1745 4058 1811 4108 15
1842 4060 1947 4124 aie,
1984 4064 2037 4106 uc
2072 4058 2212 4122 infra
2242 4060 2433 4120 scripta
2476 4051 2611 4120 nme,
2648 4059 2862 4108 inser-ua*
2894 4060 2961 4119 S,
2999 4075 3095 4112 om.
3128 4061 3247 4110 Put-

673 4127 840 4180 sebius
958 4123 1104 4193 ruge]
1141 4142 1273 4194 eyge
1310 4127 1361 4176 P
1453 4125 1486 4175 9
1528 4125 1649 4192 fuge
1684 4127 1915 4178 ueniant
1951 4129 2053 4176 iam
2089 4127 2429 4192 telamoniadq
2467 4127 2518 4175 P
2552 4127 2677 4192 ruge
2714 4128 2913 4178 moenia
2946 4130 3047 4180 tela
3084 4128 3243 4180 omnin

676 4199 774 4249 deo
810 4196 1074 4248 Puwcht'uae
1239 4196 1302 4247 10
1341 4197 1568 4246 trimetro
1607 4198 1656 4246 P
1796 4199 1853 4250 ll
1894 4197 2140 4247 melliflua
2176 4213 2208 4254 ς
2246 4196 2545 4246 mellifluam
2574 4198 2627 4246 P
2760 4198 2873 4247 nitit
2904 4200 2948 4250 S
3093 4201 3157 4250 12
3186 4199 3243 4248 de

673 4267 983 4321 archilochio
1019 4265 1382 4318 archilochium
1421 4267 1472 4316 P
1608 4267 1936 4333 palinbaccho
1975 4268 2024 4316 P
2201 4269 2258 4321 14
2295 4281 2417 4315 uaca
2454 4281 2593 4316 corr.
2628 4277 2774 4316 uacat
2812 4267 2855 4317 S
2865 4284 2886 4318 .-
2918 4269 3051 4318 bona
3090 4269 3242 4318 cursi-

675 4338 790 4389 oulo
819 4338 1086 4390 Pandam
1190 4337 1449 4402 praelucet
1482 4350 1517 4393 ς
1658 4337 1728 4388 15
1763 4339 1827 4388 de
1861 4337 2123 4405 pindarico
2153 4337 2469 4403 pindaricum
2505 4344 2701 4386 constat
2728 4337 2943 4386 dimetro
2979 4339 3241 4389 acatalecto

674 4416 732 4460 ut
766 4418 844 4460 est
887 4407 986 4460 hoc
1021 4407 1213 4458 aditum
1251 4406 1452 4456 ueneris
1488 4406 1612 4474 suge
1657 4408 1827 4474 uirgo.
1886 4407 1951 4458 de
1988 4406 2270 4474 pindarico.
2321 4406 2639 4471 pindaricum
2678 4408 2904 4456 trimetro
2938 4408 3239 4459 brachieata·

674 4479 808 4530 lecto
841 4485 900 4530 ut
925 4488 1004 4532 eat
1039 4477 1135 4530 hoc
1170 4477 1392 4528 medium
1429 4478 1472 4528 S
1634 4479 1699 4528 17
1738 4487 1895 4527 marte
1932 4477 1979 4526 P
2148 4478 2293 4527 tibris
2328 4477 2372 4527 S
2544 4475 2609 4528 19
2648 4491 2849 4526 cannen
2888 4478 2969 4534 Ρς
3116 4475 3237 4527 docti

676 4549 900 4602 locorum
934 4551 986 4600 P
1031 4549 1431 4612 dactiloquorum
1471 4549 1526 4596 N
1571 4548 1919 4600 dactilicorum
1954 4547 1997 4599 S
2132 4547 2197 4598 21
2246 4547 2367 4596 latet
2402 4560 2437 4603 ς
2578 4545 2731 4595 deces
2767 4548 2818 4596 P
2949 4547 3169 4612 speciem
3204 4546 3241 4596 S

815 4619 882 4672 23
919 4615 1092 4684 quate]
1129 4620 1230 4682 quii
1265 4619 1308 4669 S
1340 4632 1464 4683 cape
1498 4631 1533 4674 ς
1705 4619 1775 4670 26
1810 4617 1942 4668 almo
1975 4631 2095 4668 rosa
2128 4621 2179 4668 P
2351 4616 2645 4681 cinyreiadq
2678 4616 2729 4666 N
2762 4617 3023 4684 cinyreidq
3056 4618 3109 4666 P
3140 4617 3235 4666 eui-

677 4688 874 4739 reiadea
909 4704 1047 4740 corr.
1081 4715 1151 4728 —·
1187 4689 1253 4755 ἀρ
1284 4689 1326 4738 S
1361 4691 1534 4737 cinara
1569 4690 1745 4753 genito
1780 4702 1815 4744 ς
1851 4689 2007 4738 cineri
2044 4688 2241 4738 adolete
2268 4686 2533 4738 Puoeelaeaoe
2670 4688 2737 4738 27
2777 4685 3046 4738 acatalecto
3078 4701 3115 4744 ς

676 4757 748 4810 28
781 4758 898 4809 date
933 4761 1054 4808 uina
1090 4757 1222 4810 bona
1257 4757 1377 4808 mihi
1415 4759 1682 4809 Putre-liius
1856 4767 1929 4808 tot
1960 4757 2061 4808 alto
2102 4759 2207 4808 loui
2245 4771 2279 4814 ς
2314 4767 2387 4806 tot
2420 4757 2523 4807 alta
2560 4757 2703 4806 chius
2742 4758 3111 4808 Laurentianus
3142 4763 3237 4804 tota

677 4827 848 4894 Lyaee
881 4829 976 4878 tibi
1013 4827 1281 4879 samnius

3336 13 3341 260 1
