3434 5442
1768 1273 2209 1372 SERVII

1293 1461 1440 1553 llll
1525 1461 2014 1556 Mli'l'lllS
2101 1461 2694 1557 llllllA'l'll.

700 1950 723 1990 s
761 1950 849 1992 35*
891 1951 944 1993 ω
969 1951 1048 1992 Μ
1097 1951 1179 1992 p„
1451 1869 1757 1932 ssnvlvs
1803 1869 2383 1933 Fon'rvmmuo
2422 1855 2547 1934 BN.

869 2030 1272 2109 Superssuum‚
1317 2033 1532 2104 amice,
1580 2033 1707 2092 fore
1739 2034 1937 2113 putavi
1986 2031 1995 2114 Ι
2036 2042 2095 2094 et
2130 2042 2266 2113 post
2294 2032 2715 2096 Terentianum
2762 2043 2949 2096 metra
2989 2035 3240 2114 digerere,

648 2151 676 2192 ο
700 2149 835 2194 cum
889 2136 1033 2194 satis
1073 2151 1229 2210 quae
1280 2136 1428 2194 mihi
1465 2137 1635 2195 lectio
1666 2141 1986 2212 poetarum
2029 2133 2185 2196 aliud
2232 2138 2431 2215 agenti
2473 2135 2771 2197 obtulerat
2814 2139 3071 2218 exposita
3114 2136 3242 2195 vide·

697 2243 926 2297 rentur.
1014 2255 1197 2316 quare
1226 2237 1562 2306 Horatium,
1609 2255 1743 2298 cum
1788 2239 1851 2298 in
1882 2237 2193 2318 Campania
2241 2240 2491 2310 otiarer,
2539 2241 2777 2318 excepi,
2821 2257 2997 2319 quem
3038 2257 3240 2317 separa·

696 2340 801 2399 tim
857 2357 988 2401 mea
1044 2357 1156 2419 per
1211 2338 1472 2418 singulos
1529 2347 1735 2400 cantus
1790 2346 2013 2402 servata
2072 2357 2343 2400 versuum
2400 2339 2783 2420 replicatione
2826 2348 3119 2401 tractares.
3195 2348 3239 2398 et

697 2441 830 2519 quia
886 2439 985 2501 ille
1040 2441 1256 2502 fidicen
1309 2458 1428 2503 uno
1488 2443 1662 2501 metri
1721 2458 1941 2520 genere
1996 2440 2263 2520 pluribus
2320 2461 2493 2522 saepe
2548 2444 2735 2504 utitur
2789 2440 3085 2513 cantibus,
3124 2442 3239 2502 satis

695 2544 812 2603 erit
863 2541 1045 2603 semel
1103 2544 1330 2604 ratione
1385 2541 1614 2604 reddita
1673 2552 2005 2604 ceterarum
2050 2542 2490 2606 similitudinem
2534 2545 2741 2624 primis
2786 2542 3049 2606 versibus
3088 2543 3239 2604 deno·

619 2658 671 2701 ιο
695 2652 840 2706 tare.
931 2663 1050 2705 non
1107 2643 1253 2706 mihi
1311 2651 1506 2706 autem
1561 2644 1993 2706 criminandum
2050 2653 2223 2724 puto,
2281 2647 2329 2705 si
2384 2647 2443 2705 in
2490 2654 2741 2707 tractatu
2786 2646 3009 2707 Latinis
3050 2646 3235 2707 Graeca

692 2748 1017 2818 miscuero,
1077 2765 1208 2808 cum
1266 2755 1594 2809 metrorum
1647 2746 1798 2809 ratio
1854 2747 2029 2808 buius
2083 2745 2317 2826 linguae
2372 2757 2542 2826 egeat
2594 2747 2855 2810 sollertia
2904 2757 2966 2809 et
3005 2747 3235 2828 adprime
3352 2747 3354 2750 ⁴

691 2850 786 2911 his
829 2849 1040 2911 litteris
1082 2852 1160 2911 sit
1200 2848 1449 2911 erudita.
1538 2847 1684 2910 vale.

1786 2937 2084 2944 ————
2107 2937 2188 2944 --ο

859 3038 1080 3099 Decem
1133 3055 1344 3098 novem
1401 3044 1626 3098 tantum
1683 3037 1825 3098 odas
1868 3036 2042 3097 variis
2084 3035 2330 3098 Flaccus
2374 3045 2697 3098 metrorum
2746 3035 3234 3117 compositionibus

627 3185 634 3192 .
689 3141 907 3209 texuit,
953 3157 1200 3221 quarum
1247 3138 1452 3199 decem
1497 3139 1558 3198 in
1602 3139 1796 3217 primo
1841 3139 2167 3200 carminum
2214 3137 2400 3210 libro,
2444 3140 2506 3198 in
2552 3138 2739 3200 tribus
2784 3139 3027 3220 reliquis
3066 3140 3232 3215 singu·
3344 3205 3346 3210 .

614 3249 666 3294 1⁵
691 3239 807 3312 las,
853 3243 914 3302 in
959 3241 1192 3322 epodon
1236 3259 1340 3302 sex
1382 3241 1624 3320 repperi
1668 3241 2029 3303 constitutas

863 3344 1060 3405 Prima
1104 3344 1285 3421 igitur
1329 3342 1444 3404 ode
1485 3341 1829 3402 monocolos
1872 3350 1979 3402 est.
2040 3359 2176 3402 nam
2207 3359 2428 3414 versuS,
2460 3345 2560 3423 qui
2604 3341 3007 3422 asclepiadeus
3034 3343 3229 3404 dicitur.

691 3451 924 3506 constat
966 3442 1248 3526 spondio,
1303 3443 1532 3506 duobus
1575 3442 1937 3505 choriambis
1992 3451 2051 3504 et
2105 3443 2434 3523 pyrrichio;
2504 3463 2757 3524 ususque
2804 3453 2895 3505 est
2940 3443 3048 3505 hac
3090 3441 3230 3504 metri

689 3549 1115 3628 compositione
1161 3545 1431 3607 cantibus
1475 3545 1681 3614 tribuS,
1713 3563 1965 3624 quorum
2012 3544 2334 3624 primordia
2366 3544 2702 3617 subnotavi,
2747 3547 3055 3608 Maecenas
3082 3545 3229 3606 atavis
3338 3539 3340 3546 '

689 3647 844 3710 edite
888 3649 1153 3728 regibuS,
1200 3648 1382 3726 Exegi
1425 3654 1873 3708 monumentum
1918 3664 2056 3707 aere
2101 3649 2450 3727 perenniuS,
2510 3647 2802 3709 Donarem
2848 3656 3083 3728 pateras
3122 3663 3227 3725 gra·

610 3757 668 3800 2⁰
693 3757 866 3831 taque
911 3750 1272 3813 commodus.

856 3853 1125 3915 Secunda
1170 3851 1284 3914 ode
1327 3849 1548 3916 dicolos
1593 3859 1682 3912 est
1725 3851 2127 3913 tetrastrofos.'
2180 3852 2361 3932 primi
2404 3853 2561 3912 enim
2608 3859 2729 3912 tres
2771 3871 3006 3923 versuS,
3048 3849 3226 3932 quibus

689 3973 906 4017 nomen
951 3962 1042 4016 est
1069 3953 1314 4023 safficis.
1361 3959 1633 4016 constant
1659 3953 1973 4024 trochaeo,
2016 3953 2298 4033 spondio‚
2332 3952 2560 4033 dactylo
2590 3961 2651 4014 et
2678 3951 2910 4015 duobus
2940 3952 3223 4016 trochaeis:

687 4065 930 4138 quartus
973 4075 1142 4128 vero,
1189 4058 1292 4136 qui
1334 4054 1582 4116 adonius
1629 4055 1877 4126 dicitur,
1927 4054 2153 4135 dactylo
2198 4061 2258 4116 et
2298 4056 2548 4135 spondio
2592 4054 2843 4136 pedibus
2886 4057 3218 4116 terminatur.

576 4173 586 4185 ·
683 4162 868 4221 utitur
913 4166 1108 4220 autem
1151 4159 1262 4220 hac
1305 4159 1481 4221 metri
1525 4159 1952 4238 compositione
1996 4175 2099 4220 sex
2146 4164 2205 4218 et
2245 4157 2449 4237 viginti
2492 4155 2793 4228 cantibus„
2840 4175 3087 4237 quorum
3126 4155 3221 4236 pri·

605 4269 660 4312 ²⁵
685 4261 914 4323 mordia
960 4260 1293 4330 subnotavi,
1339 4261 1460 4322 lam
1505 4261 1646 4322 satis
1686 4262 1866 4321 terris
1910 4261 2058 4320 nivis
2103 4267 2277 4340 atque
2321 4258 2515 4328 dirae,
2560 4256 2815 4320 Mercuri
2860 4258 3103 4320 facunde
3139 4273 3219 4316 ne·
3322 4305 3324 4312 .

681 4383 791 4444 pos
841 4361 1118 4435 Atlantis,
1174 4363 1361 4435 Quem
1418 4364 1608 4424 virum
1664 4369 1767 4424 aut
1818 4361 2001 4423 heroa
2042 4359 2170 4441 lyra
2212 4359 2301 4422 vel
2347 4362 2498 4432 acri,
2556 4360 2681 4421 Vile
2734 4359 2967 4443 potabis
3010 4357 3217 4421 modicis

681 4465 980 4535 sabinum,
1025 4465 1262 4544 Integer
1290 4465 1442 4527 vitae
1471 4462 1829 4545 scelerisque
1856 4481 2068 4543 purus,
2112 4463 2355 4525 Parcius
2382 4465 2610 4525 iunctas
2639 4465 2909 4543 quatiunt
2946 4463 3215 4527 fenestras,

819 4653 1118 4718 Subscripta
1165 4662 1248 4704 est
1279 4653 1622 4718 discrepantia
1662 4653 1948 4716 scripturae
1994 4651 2178 4702 codicis
2219 4651 2451 4702 Par-icini
2480 4649 2615 4702 7530
2753 4651 2788 4700 4
2828 4651 2975 4717 diget
3010 4663 3040 4692 ι
3082 4646 3210 4698 aliud.

679 4726 987 4787 scripturam
1015 4727 1198 4773 lacuna
1230 4718 1623 4774 membr-uriarum
1651 4723 1881 4774 haustam
1912 4730 2129 4788 aequato
2156 4736 2356 4772 nmero
2390 4722 2669 4771 litterarum
2702 4735 2833 4786 quae
2872 4723 3121 4786 per-ierunt
3144 4733 3213 4766 re·

679 4793 820 4843 stitia
975 4793 1010 4844 6
1038 4791 1210 4860 quem]
1251 4793 1388 4857 quod
1524 4794 1559 4845 9
1596 4793 1929 4844 similitudine
2069 4793 2132 4845 11
2172 4799 2321 4858 egeat
2354 4799 2403 4842 et
2440 4789 2657 4842 sollertia
2698 4791 2915 4858 utprime
2948 4790 3025 4841 his
3060 4787 3211 4839 litteris

681 4861 880 4913 erudita
1018 4862 1086 4913 26
1121 4863 1231 4913 lura
1265 4863 1349 4912 uel
1384 4863 1460 4912 ari
1595 4863 1664 4914 27
1698 4865 1935 4913 sauinum
