3434 5442
899 362 998 425 DE
1041 363 1331 426 NOMINE
1377 364 1774 435 EXCERPTA
1819 365 2071 429 37—56
2658 372 2781 435 213

2362 498 2405 539 ρ.
2432 486 2593 528 22223
2622 486 2678 529 ν.

193 551 436 611 senecis.
503 548 710 610 vitiose
755 566 900 627 ergo
945 548 1265 629 loquuntur
1309 554 1414 633 qui
1457 552 1662 614 dicunt
1703 554 1891 623 senis,
1938 556 2203 633 quamvis
2240 574 2351 635 pro
2394 558 2486 618 his
2530 576 2779 621 consue-

191 652 324 713 tudo
365 658 615 731 pugnet.

351 753 518 815 luter
557 760 822 815 ventrem
885 759 944 814 et
982 753 1172 815 alvum
1230 762 1290 815 et
1339 762 1578 817 uterum
1635 757 1752 818 hoc
1808 760 2081 829 interest,
2144 760 2303 839 quod
2362 768 2565 823 venter
2624 768 2777 825 totus

189 856 430 923 dicitur,
485 857 590 936 qui
631 854 816 917 oculis
853 855 1152 917 subiectus
1198 864 1313 927 est,
1375 856 1538 918 alvus
1580 859 1827 921 interior
1868 877 2034 937 pare,
2094 878 2211 939 qua
2252 860 2419 924 cibus
2462 872 2773 936 commeat,

189 964 388 1017 uterus
425 964 645 1026 autem,
689 975 808 1035 quo
853 956 1068 1018 mulier
1110 956 1328 1020 baiulat
1369 966 1624 1037 partum.
2826 994 2851 1033 5

346 1058 492 1119 Deis
535 1059 763 1119 ratione
801 1059 1016 1120 dicitur
1062 1078 1236 1139 quam
1285 1061 1390 1122 dis.
1483 1068 1572 1123 est
1614 1064 1771 1143 enim
1820 1062 1965 1123 deus
2018 1069 2084 1124 ut
2127 1082 2295 1125 meus
2350 1083 2491 1127 reus
2549 1074 2608 1128 et
2650 1067 2777 1129 deis

187 1162 376 1221 facere
419 1158 622 1229 debet,
663 1166 732 1221 ut
775 1162 926 1222 meis
959 1162 1096 1223 reia.

342 1264 576 1325 Ebrius
611 1262 846 1333 dicitur,
889 1280 1012 1324 non
1047 1263 1210 1333 eber,
1257 1266 1411 1327 sicut
1453 1285 1488 1328 e
1519 1267 1821 1327 contrario
1863 1264 2097 1329 sobrius
2138 1267 2375 1339 dicitur,
2419 1288 2539 1331 non
2576 1270 2775 1334 sober.

344 1366 618 1427 Amictus
659 1366 852 1435 vestis,
899 1383 1035 1426 cum
1053 1382 1284 1427 ‘nomen
1313 1372 1419 1436 est,
1463 1367 1795 1429 declinatur
1832 1368 1929 1429 hic
1966 1371 2235 1440 amictus,
2276 1370 2451 1433 huius
2488 1374 2769 1444 amictus;

185 1473 239 1528 at
275 1486 412 1529 cum
457 1469 860 1547 participium,
910 1468 1086 1529 huius
1121 1468 1318 1529 amicti
1362 1469 1518 1529 facit.
2798 1501 2847 1542 ,ο

341 1570 689 1645 Expertum
729 1586 864 1630 cum
895 1572 1234 1631 accusativo
1275 1570 1544 1641 dicimus,
1592 1576 1612 1607 ‘
1628 1570 1883 1651 aliquam
1914 1592 2042 1635 rem
2074 1580 2418 1654 expertus’;
2464 1584 2769 1656 expertem

187 1678 404 1743 autem,
477 1672 782 1749 ignarum,
837 1673 1112 1748 genetivo
1156 1674 1319 1735 casui
1370 1674 1694 1753 iungimus,
1752 1677 2091 1755 ‘expertem
2152 1676 2323 1739 istius
2372 1680 2461 1739 rei
2474 1682 2516 1749 ',
2576 1678 2635 1740 id
2682 1686 2773 1742 est

183 1775 466 1853 ignarum.
1485 1798 1492 1803 ·

342 1874 637 1944 Ornatus,
687 1892 824 1937 cum
862 1892 1078 1937 nomen
1117 1883 1236 1947 est,
1279 1877 1458 1939 huius
1502 1884 1747 1939 ornatus
1790 1879 1959 1949 facin
2006 1898 2141 1941 cum
2186 1898 2327 1943 vero
2369 1881 2765 1961 participium,

184 1976 346 2039 huius
385 1978 603 2038 ornati.
691 1976 796 2037 sed
2790 2007 2841 2049 15

481 2084 800 2141 ornatus
841 2079 1159 2158 Argivae
1203 2079 1560 2142 Helenae:

185 2198 386 2243 nomen
431 2181 652 2261 posuit,
703 2197 824 2242 non
862 2181 1258 2260 participium.

339 2282 482 2345 Flos
526 2282 762 2362 generis
803 2282 1112 2344 masculini
1149 2293 1269 2354 est,
1335 2292 1401 2345 ut
1452 2286 1608 2366 apud
1654 2284 1973 2365 Vergilium
2019 2291 2481 2368 ‘purpureus
2532 2289 2769 2352 veluti

183 2403 328 2445 cum
373 2385 566 2447 flos’
610 2392 670 2445 et
709 2384 1328 2465 ‘purpureosque
1371 2388 1556 2449 iacit
1598 2387 1875 2449 flores’
1932 2394 1991 2451 et
2036 2390 2432 2470 ‘inscripti
2477 2393 2764 2453 nomina

183 2504 428 2566 regum
495 2486 918 2549 Nascuntur
989 2488 1268 2550 flores’
1335 2496 1394 2549 et
1455 2491 1741 2551 ‘varios
1806 2490 2087 2552 circum
2152 2491 2427 2554 Fundit
2498 2495 2845 2559 humusw

185 2586 448 2651 flores’
498 2598 558 2651 et
599 2589 912 2652 Terentius
946 2590 1010 2651 in
1047 2590 1338 2651 Eunucho
1383 2594 1592 2652 ‘anni
1637 2592 1963 2655 sedecim
2005 2591 2153 2655 flos
2199 2595 2417 2675 ipse’.

340 2690 546 2753 Sutilis
585 2691 894 2754 masculini
937 2694 1174 2771 generis
1218 2699 1308 2754 est
1351 2699 1412 2754 et
1456 2696 1815 2756 communis:
1862 2694 2144 2766 feminini,
2188 2703 2255 2757 ut
2278 2694 2309 2779 Η

987 2796 1298 2855 tremuit
1339 2794 1468 2857 sub
1514 2796 1845 2875 pondere
1890 2798 2149 2865 cumba

479 2895 726 2957 sutilis
767 2905 840 2958 et
881 2894 1182 2957 multam
1225 2884 1526 2976 accepit
1562 2899 1835 2958 rimosa
1876 2896 2248 2978 paludem,

186 3002 239 3055 et
277 2995 603 3065 masculini,
651 3004 718 3058 ut
759 2996 988 3059 balteus
1028 3006 1086 3058 et
1123 3001 1349 3078 ‘equus
1392 3000 1686 3061 Troianus
1730 2999 1970 3070 sutilis',
2016 3006 2075 3060 et
2110 3001 2339 3071 neutri,
2384 3008 2451 3061 ut
2496 3002 2761 3064 ‘corium
2791 3027 2843 3067 ²5

188 3098 398 3160 sutile’.
1860 3102 1863 3107 ’

339 3201 470 3263 Duo
515 3204 602 3262 sic
644 3200 1014 3263 declinantur
1051 3209 1120 3262 ut
1159 3200 1364 3263 ambo:
1439 3203 1584 3273 duo,
1639 3204 1922 3272 duorum,
1988 3202 2250 3274 duobus,
2310 3204 2428 3265 duo
2468 3202 2557 3265 vel
2598 3204 2766 3277 duos,

189 3302 308 3370 dno,
351 3322 382 3364 a
425 3303 682 3365 duobus.
771 3305 914 3365 item
951 3303 1148 3374 ambo,
1194 3304 1526 3373 amborum,
1571 3304 1894 3377 ambobus,
1940 3302 2114 3367 ambo
2159 3303 2249 3366 vel
2296 3304 2520 3376 ambos,
2568 3306 2764 3376 ambo,

192 3402 256 3463 ab
297 3404 605 3466 ambobus
2470 3395 2473 3397 .

344 3508 766 3587 Quaecumque
819 3509 1058 3569 nomina
1101 3510 1326 3572 Graeca
1372 3510 1431 3569 in
1480 3528 1552 3569 us
1596 3516 1843 3579 exeunt,
1900 3508 2049 3572 baec
2095 3512 2354 3571 vocativo
2408 3512 2465 3570 in
2512 3528 2587 3572 eu
2630 3512 2763 3571 mit-
2793 3532 2845 3575 ³0

191 3616 407 3681 tantur,
464 3616 532 3670 ut
587 3610 683 3670 hic
721 3610 934 3672 Atreus
980 3630 1016 3671 o
1059 3612 1270 3680 Atreu,
1328 3610 1428 3671 hic
1473 3609 1684 3673 Peleus
1726 3630 1761 3671 o
1799 3610 2015 3681 Peleu,
2069 3613 2167 3674 hic
2204 3612 2432 3675 Nereus
2474 3630 2509 3672 o
2548 3612 2766 3676 Nereu.

187 3728 580 3791 quaecumque
621 3713 776 3792 apud
825 3714 1084 3775 Graecos
1127 3730 1228 3773 ros
1269 3711 1492 3793 syllaba
1536 3713 1853 3785 finiuntur,
1898 3718 1948 3777 si
1991 3716 2054 3775 in
2094 3715 2301 3777 eadem
2343 3714 2563 3795 syllaba
2602 3723 2767 3777 ante-

190 3813 478 3875 cedentem
523 3812 770 3874 alteram
808 3820 1232 3876 consonantem
1268 3814 1606 3886 habuerint,
1653 3816 1811 3894 apud
1837 3834 1951 3878 nos
1987 3819 2048 3878 in
2082 3834 2147 3879 er
2184 3816 2467 3899 syllabam
2502 3818 2765 3890 exibunt,

189 3922 246 3973 ut
286 3915 611 3978 Alcandros
659 3916 1018 3977 Menandros
1074 3916 1379 3978 Evandros
1433 3917 1727 3987 Teucros,
1784 3917 2075 3981 Alcander
2118 3919 2441 3981 Menander
2496 3919 2767 3981 Evander

190 4013 418 4079 Teucer.
509 4020 601 4077 sin
649 4026 844 4079 autem
891 4036 1068 4079 unam
1105 4026 1529 4080 consonantem
1583 4020 1643 4079 in
1681 4020 1889 4081 eadem
1936 4020 2157 4101 syllaba
2209 4020 2554 4093 habuerint,
2610 4022 2765 4100 apud
2794 4044 2845 4086 ³⁵

191 4134 287 4178 nos
334 4122 394 4181 in
443 4136 516 4180 us
569 4118 854 4201 syllabam
917 4119 1518 4189 consummabuntur,
1589 4127 1652 4180 ut
1697 4121 1991 4184 Homeros
2048 4122 2361 4185 Homerus.
2454 4124 2566 4185 erit
2623 4139 2767 4200 ergo

192 4219 492 4283 Menander
532 4229 600 4283 ut
640 4221 931 4283 Evander.
1023 4222 1315 4303 Vergilius
1359 4229 1556 4283 autem
1593 4227 1849 4303 utroque
1890 4226 2091 4294 utitur,

311 4359 342 4408 5
377 4368 574 4409 uterum
610 4358 679 4421 B,
717 4358 855 4423 quod
879 4358 1108 4423 defendit
1144 4359 1314 4412 editor
1358 4358 1761 4411 Vindobonemie
1794 4363 1922 4411 conl.
1962 4362 2093 4414 Non.
2129 4376 2182 4425 p.
2221 4360 2326 4413 229
2494 4360 2528 4410 8
2582 4360 2769 4409 Ebrius

193 4428 308 4475 ‘ina
336 4428 450 4490 folii
481 4444 578 4479 ora
615 4427 826 4479 avulsa’
865 4444 961 4481 om,
997 4431 1074 4492 B,
1113 4432 1226 4480 item
1268 4430 1300 4480 9
1339 4430 1572 4479 Amictus
1603 4438 1656 4479 ct
1696 4429 1757 4480 11
1794 4430 2075 4497 Expertum
2114 4445 2228 4481 cum
2266 4430 2559 4482 accusativo
2703 4430 2769 4484 16

195 4495 400 4563 ornatus]
446 4500 607 4564 Ver-9.
643 4498 776 4549 Aen.
817 4498 838 4546 1
873 4498 980 4549 650
1190 4501 1252 4550 17
1303 4514 1401 4548 non
1439 4514 1622 4549 nomen
1670 4501 1846 4565 posuit
1897 4502 1990 4551 scd
2026 4502 2353 4568 participium
2402 4516 2539 4554 corr.
2582 4514 2766 4549 nomen

201 4567 351 4627 posuit
387 4582 486 4619 nou
521 4568 852 4635 participium
888 4569 940 4619 B
1103 4568 1169 4621 18
1205 4566 1518 4637 purpureus]
1567 4572 1725 4634 Ver-9.
1766 4570 1895 4620 Aen.
1935 4572 2076 4622 Vllll
2110 4570 2212 4622 435
2358 4570 2422 4622 19
2458 4584 2771 4636 purpureos-

195 4632 336 4754 ιι,
349 4636 940 4773 maiman..
1011 4636 1268 4705 1
1315 4638 1768 4705 Μ
2177 4639 2395 4763 *aaa
2417 4640 2769 4761 zaetas:

199 4740 270 4822 nis
295 4778 496 4829 coniecit
530 4778 698 4829 editor
739 4744 1144 4831 Vindobouensis
1313 4778 1380 4831 23
1415 4776 1636 4845 tremuit]
1689 4781 1847 4846 Ver-9.
1886 4781 2015 4832 Aen.
2058 4782 2129 4832 VI
2164 4728 2269 4833 4813
2442 4781 2511 4831 25
2548 4779 2771 4846 balteus]

204 4841 342 4909 Vera.
380 4847 510 4900 Aen.
551 4848 648 4898 ΧΠ
685 4846 788 4901 273
827 4849 1004 4899 teritur
1040 4863 1142 4912 qua
1171 4848 1339 4899 sutilis
1373 4848 1489 4900 alvo
1523 4849 1723 4900 balteus
2316 4892 2321 4897 .
