3434 5442
632 351 754 414 508
1119 345 1130 352 ·
1768 348 2073 430 [senon]

2782 471 2828 512 p.
2854 459 3043 501 sis-17
3072 458 3115 500 ι.

633 552 945 614 praesens:
995 553 1113 595 non
1155 553 1394 614 possum
1440 534 1638 596 dicere
1681 536 1847 615 lego,
1894 537 2003 597 nisi
2035 538 2173 598 dum
2202 536 2367 614 lego,
2414 537 2553 600 dum
2595 539 2659 598 in
2702 541 2833 618 ipso
2878 546 3017 600 actu
3062 557 3219 600 sum.

633 655 776 716 ergo
821 639 872 698 si
915 637 1060 697 mihi
1105 637 1264 698 dicas
1309 636 1476 717 ‘lege
1507 637 1653 698 mihi
1683 637 2058 718 Vergilium’,
2105 648 2163 700 et
2208 639 2411 701 dixero
2457 639 2617 718 lege,
2664 639 3059 703 soloecismus
3102 649 3221 702 est.

634 757 769 800 nam
839 758 971 800 cum
1040 739 1231 801 adhuc
1297 742 1359 801 in
1424 759 1490 801 re
1545 758 1664 800 non
1723 742 1861 808 sim,
1918 760 2035 821 quo
2093 741 2268 803 modo
2323 759 2607 822 praesens
2650 750 2884 824 tempus
2928 743 3221 806 adsumo?

635 859 776 920 ergo
832 840 1116 903 debemus
1171 841 1366 902 dicere
1425 841 1636 921 legam.
1711 827 2097 922 praeteritum
2153 852 2383 924 tempus
2425 853 2547 906 tres
2588 845 2771 906 hahet
2812 848 3075 926 species,
3124 848 3219 906 in-

557 963 582 1000 5
633 943 957 1022 perfectam
1015 942 1336 1024 perfectam
1403 943 2059 1025 plusquamperfectam.
2146 947 2535 1025 inperfectum
2602 955 2833 1027 tempus
2899 957 2991 1010 est
3056 949 3219 1028 quod

635 1048 916 1108 omissum
973 1055 1088 1116 est,
1149 1053 1462 1125 antequam
1519 1045 1925 1126 conpleretur,
1983 1047 2280 1127 legebam:
2349 1050 2605 1111 ostendit
2656 1067 2721 1110 se
2770 1047 2782 1132 Ι
2830 1049 3047 1128 legisse
3102 1069 3219 1111 nec

635 1148 958 1226 conplesse.
1051 1149 1380 1229 perfectum
1437 1149 1654 1211 dicitur
1711 1149 1867 1229 quod
1914 1151 2196 1212 omissum
2244 1159 2331 1212 est
2376 1171 2506 1213 cum
2552 1170 2619 1212 re
2662 1153 2791 1232 ipsa
2833 1153 3011 1232 paulo
3056 1161 3218 1220 ante.

633 1251 866 1330 quando
913 1270 1038 1312 rem
1097 1253 1343 1313 omisisti
1401 1260 1458 1312 et
1502 1259 1763 1332 tempus:
1822 1260 1958 1331 puta
2004 1251 2144 1313 tollo
2188 1254 2481 1325 codicem,
2538 1252 2671 1334 lego
2718 1263 2777 1316 et
2818 1273 3075 1334 repono,
3122 1257 3219 1316 in·

635 1361 901 1433 terrogas
957 1371 1052 1414 me
1098 1352 1274 1433 ‘quid
1319 1354 1575 1415 fecistit’
1635 1353 1769 1415 dico
1812 1355 1958 1433 ‘ego
2002 1353 2120 1432 legi
2137 1361 2177 1426 ’,
2242 1357 2377 1436 quia
2422 1363 2481 1416 et
2526 1355 2673 1417 desii
2716 1355 2914 1435 legere
2959 1365 3020 1418 et
3063 1366 3219 1417 tem·

559 1472 608 1512 ιο
636 1473 746 1536 pus
789 1458 1068 1518 omissum
1127 1463 1233 1516 est.
1323 1458 1372 1516 si
1427 1463 1622 1518 autem
1667 1452 1756 1516 vis
1810 1463 1875 1516 ut
1928 1458 2249 1536 significem
2306 1477 2401 1518 me
2454 1457 2592 1520 olim
2638 1456 2879 1537 legisse,
2926 1459 3061 1520 dico
3106 1459 3217 1520 tibi

637 1556 959 1637 ‘legeram,
1017 1560 1102 1620 sic
1157 1559 1366 1619 venisti
1381 1564 1419 1619 ’.
1510 1558 1837 1638 perfectum
1897 1567 1984 1620 est
2039 1559 2195 1639 quod
2250 1579 2385 1620 cum
2441 1578 2509 1621 re
2564 1561 2877 1632 oniittitur;
2936 1563 3219 1640 quotiens

635 1667 828 1722 autem
876 1659 1012 1721 olim
1061 1679 1172 1722 nos
1214 1659 1431 1741 aliquid
1483 1661 1733 1739 gessisse
1775 1667 2197 1732 monstramuS,
2254 1661 2891 1743 plusquamperfectum
2938 1671 3046 1724 est.
3124 1664 3217 1723 su·

635 1772 830 1824 turum
877 1768 966 1822 est
1010 1762 1164 1842 quod
1211 1763 1353 1832 erit,
1401 1779 1518 1822 non
1565 1763 1721 1843 quod
1768 1768 1875 1824 est.
1965 1768 2024 1823 et
2080 1763 2179 1824 hic
2222 1765 2379 1826 enim
2424 1765 2489 1825 iit
2532 1765 2765 1844 saepius
2808 1765 3216 1826 soloecismus.

635 1867 823 1943 surgit
866 1864 1076 1944 aliquis
1119 1882 1291 1926 mane
1335 1874 1394 1924 et
1438 1862 1580 1924 dicit
1623 1866 1958 1926 ‘circenses
1986 1871 2179 1936 sunt',
2225 1865 2480 1927 diluculo
2524 1867 2715 1944 surgit
2758 1864 2999 1944 aliquiS,
3046 1875 3217 1928 ante·

561 1981 608 2020 ιε»
637 1987 816 2047 quam
863 1969 998 2046 equi
1043 1969 1280 2028 veniant
1323 1973 1382 2026 et
1423 1964 1638 2046 aliquid
1683 1974 1893 2046 agatur
1922 1968 1983 2028 in
2015 1969 2194 2038 circo,
2236 1976 2297 2028 et
2334 1968 2477 2030 dicit
2518 1971 2537 2001 ³
2559 1969 2856 2030 circenses
2886 1975 3080 2030 sunt’.
3128 1977 3217 2028 at·

635 2069 775 2148 quin
823 2068 1014 2129 adhuc
1057 2087 1176 2130 non
1221 2077 1374 2130 sunt.
1465 2076 1601 2129 sunt
1645 2071 1801 2129 enim
1846 2087 2131 2149 praesens
2174 2077 2405 2150 tempus
2448 2071 2737 2148 significat
2782 2079 2842 2131 et
2882 2070 2940 2132 id
2986 2072 3047 2130 in
3090 2090 3217 2150 quo

635 2188 732 2232 res
777 2173 1019 2250 geritur.
1108 2189 1240 2232 cum
1298 2177 1494 2232 autern
1550 2171 1743 2233 adhuc
1798 2169 1946 2232 nihil
1990 2179 2257 2250 geratur,
2302 2171 2404 2234 sed
2451 2179 2584 2251 post
2625 2173 2833 2234 horam
2881 2173 3213 2252 gerendum

634 2275 735 2342 sit,
807 2291 926 2333 non
993 2271 1277 2335 debemus
1334 2272 1532 2333 dicere
1602 2278 1620 2305 ‘
1647 2274 1945 2334 circenses
2000 2278 2192 2345 sunt’,
2258 2274 2361 2335 sed
2417 2275 2748 2336 ‘circenses
2804 2279 3034 2344 erunt'.
3130 2277 3217 2335 vis

639 2376 812 2444 scire,
858 2393 1036 2455 quam
1079 2392 1282 2435 verum
1327 2375 1434 2435 sit?
1480 2393 1512 2435 e
1558 2375 1855 2436 contrario
1900 2383 2178 2437 converte
2222 2395 2477 2437 sensum.
2524 2376 2761 2438 dimittit
2790 2378 2985 2439 circus
3016 2385 3213 2438 stante

557 2491 612 2532 20
642 2475 834 2538 adhuc
876 2478 1002 2546 die,
1050 2494 1182 2536 cum
1228 2476 1420 2538 adhuc
1463 2475 1640 2537 hodie
1683 2477 1789 2546 sit,
1836 2476 1895 2537 id
1938 2485 2027 2538 est
2070 2478 2223 2539 dies:
2280 2477 2555 2541 locuntur
2596 2478 2869 2540 homines
2912 2478 2985 2539 de
3030 2479 3215 2547 circo,

636 2577 918 2659 numquid
965 2576 1165 2639 dicunt
1223 2578 1434 2640 ‘hodie
1493 2581 1791 2640 circenses
1834 2581 2040 2640 sunt'?
2097 2580 2199 2640 sed
2244 2580 2447 2642 dicunt
2490 2580 2699 2642 ‘hodie
2742 2583 3041 2642 circenses
3084 2581 3217 2642 fue-

637 2687 830 2743 runt’.
921 2698 1064 2760 ergo
1119 2683 1168 2742 si
1228 2681 1352 2761 ipsa
1411 2679 1505 2742 die
1561 2698 1682 2741 non
1738 2688 1935 2760 potest
1987 2681 2185 2743 dicere
2240 2688 2403 2754 sunt,
2450 2683 2553 2744 sed
2599 2683 2867 2754 fuerunt,
2913 2700 3025 2743 nec
3068 2681 3219 2744 illud

635 2790 831 2863 potest
884 2783 1082 2843 dicere
1139 2784 1471 2844 ‘circenses
1527 2791 1662 2844 sunt
1682 2789 1721 2852 ’,
1780 2791 2094 2863 antequam
2138 2785 2275 2845 sint.
2364 2784 2633 2846 similiter
2676 2783 3060 2846 soloecismus
3104 2793 3219 2854 est,

635 2887 686 2946 si
729 2885 932 2946 dixero
991 2890 1162 2946 ‘cras
1204 2883 1276 2945 ad
1334 2892 1391 2945 te
1435 2885 1604 2945 venio
1659 2893 1718 2945 et
1761 2884 1893 2964 lego
1935 2885 2106 2948 tibi’:
2173 2904 2305 2948 cras
2348 2889 2503 2948 enim
2550 2886 2733 2949 futuri
2774 2887 3061 2964 temporis
3104 2895 3216 2955 est,

560 3005 610 3045 25
637 2987 770 3067 lego
815 2989 1170 3067 praesentis:
1227 2987 1542 3048 dicendum
1598 2995 1687 3048 est
1740 2988 1907 3049 ‘cras
1960 2987 2034 3049 ad
2088 2997 2147 3049 te
2201 2990 2431 3050 veniam
2486 2997 2545 3050 et
2588 2987 2781 3067 legam
2824 2987 2986 3050 tibi'.
3074 2987 3219 3048 satis

637 3090 908 3151 homines
967 3089 1341 3169 decipiuntur
1397 3091 1459 3150 in
1503 3090 1733 3150 ratione
1777 3098 2110 3169 temporum
2155 3092 2436 3160 istorum,
2480 3090 2729 3170 perfecti
2772 3096 2832 3150 et
2873 3088 3217 3169 plusquam-

640 3191 921 3271 perfecti,
968 3192 1016 3251 si
1063 3191 1222 3252 dicas
1267 3191 1436 3252 ‘heri
1479 3193 1565 3252 sic
1612 3193 1846 3262 venisti,
1895 3190 2191 3271 legeram'
2239 3200 2299 3252 et
2339 3192 2590 3253 ‘nudius
2618 3192 2829 3253 tertius
2870 3192 2955 3252 sic
2986 3193 3217 3261 venisti,

637 3299 948 3374 postquam
1004 3292 1185 3371 legi’:
1253 3293 1466 3354 nudius
1522 3295 1730 3354 tertius
1796 3295 1953 3354 enim
2008 3292 2307 3356 ulterioris
2372 3295 2657 3374 temporis
2722 3293 3217 3372 significationem

639 3394 815 3456 habet
879 3413 1054 3474 quam
1119 3395 1280 3464 heri;
1345 3396 1486 3456 item
1546 3396 1807 3474 legeram
1864 3394 2207 3457 ulteriorem
2261 3396 2748 3474 significationem
2804 3394 2983 3456 habet
3038 3415 3217 3476 quam

564 3510 615 3552 ³0
644 3497 777 3577 legi.
867 3516 1008 3577 ergo
1065 3515 1255 3575 nuper
1308 3504 1604 3560 transacto
1661 3498 1914 3578 tempori
1970 3497 2073 3559 das
2114 3517 2244 3560 rem
2290 3497 2431 3559 olim
2476 3505 2728 3576 gestam,
2779 3495 2789 3578 Ι
2842 3504 2903 3558 et
2945 3495 3219 3558 ulteriori

641 3601 891 3678 tempori
936 3601 1040 3660 das
1084 3618 1211 3660 rem
1257 3618 1448 3677 nuper
1493 3607 1739 3679 gestam.
1799 3602 1879 3662 ita
1926 3619 2068 3680 ergo
2114 3599 2427 3662 dicendum
2474 3607 2579 3671 est,
2626 3599 2781 3660 ‘heri
2814 3606 2955 3660 tunc
2986 3601 3217 3670 venisti,

642 3708 950 3782 postquam
998 3701 1166 3778 legi’,
1213 3706 1236 3736 ³
1258 3701 1470 3763 nudius
1515 3703 1725 3764 tertius
1770 3703 1854 3762 sio
1900 3704 2137 3774 venisti,
2184 3702 2444 3782 legeram
2459 3704 2501 3762 ⁹.

808 3803 923 3865 Sed
967 3802 1114 3865 haec
1157 3813 1602 3884 tempor-acum
1647 3803 1920 3866 omnibus
1962 3806 2267 3886 praeteriti
2308 3806 2592 3884 temporis
2636 3802 2947 3883 speciebus
2988 3822 3109 3864 nou
3158 3806 3217 3864 in

529 3983 547 3994 ‚
640 3905 914 3968 omnihus
969 3905 1160 3967 modis
1220 3906 1616 3968 inveniuntur.
1706 3923 1841 3968 nam
1897 3905 2243 3968 indicativus
2302 3907 2497 3968 omnia
2551 3905 2759 3974 habet,
2822 3924 3103 3985 praesens
3162 3914 3221 3966 et

561 4036 611 4078 ἂι,
640 4009 944 4087 praeteriti
999 4014 1120 4068 tres
1175 4009 1402 4088 species
1456 4017 1515 4068 et
1571 4007 1853 4070 futurum.
1940 4010 2317 4089 imperativus
2361 4007 2477 4069 duo
2519 4015 2747 4069 tantum
2790 4007 2998 4077 habet,
3046 4027 3219 4088 prae-

639 4130 776 4172 sens
842 4118 901 4171 et
965 4109 1245 4172 futurum.
1326 4117 1464 4170 sunt
1525 4121 1725 4172 tamen
1780 4112 1881 4192 qui
1938 4111 2141 4172 dicunt
2194 4129 2375 4171 unum
2430 4108 2652 4171 habere
2704 4118 2967 4190 tempus,
3024 4111 3087 4170 id
3132 4119 3221 4172 oet

639 4230 950 4294 praesens:
997 4230 1132 4273 nam
1178 4211 1436 4272 futurum
1484 4230 1604 4273 non
1649 4220 1742 4275 est
1794 4213 2233 4292 imperativum,
2290 4211 2396 4272 sed
2440 4211 2817 4282 mandatum;
2874 4212 3011 4274 dum
3060 4214 3219 4272 enim

643 4335 765 4377 non
807 4315 902 4385 fit,
949 4333 1068 4375 non
1113 4321 1199 4374 est
1245 4315 1578 4394 imperium.
1637 4314 1860 4376 addunt
1904 4314 2001 4376 alii
2045 4314 2306 4376 futurum
2350 4323 2611 4394 tempus,
2656 4323 2722 4376 ut
2765 4313 2961 4392 legito.
3052 4322 3218 4393 opta-

641 4420 793 4479 tivus
837 4416 1048 4478 modus
1092 4417 1287 4479 omnia
1333 4416 1537 4488 habet,
1585 4417 1686 4477 sed
1736 4418 1993 4495 gemina,
2040 4434 2161 4477 non
2204 4414 2459 4496 duplicia
2486 4415 2589 4478 sed
2636 4433 2887 4478 conexa:
2934 4432 3221 4496 praesens

776 4657 811 4709 6
843 4671 936 4706 nec
965 4655 1228 4721 conplesse
1262 4653 1305 4704 S
1331 4655 1424 4704 nee
1455 4655 1698 4722 implesse
1735 4656 1785 4704 F
1816 4669 1915 4706 non
1955 4655 2219 4720 conplesse
2272 4657 2313 4705 L
2457 4653 2522 4705 10
2545 4655 2627 4705 uis
2660 4663 2715 4706 ut
2748 4655 3041 4721 significem
3080 4671 3161 4704 me
3186 4655 3225 4704 S

643 4729 721 4776 uis
750 4733 804 4774 ut
831 4726 1093 4792 significes
1121 4734 1168 4774 te
1205 4726 1254 4775 F
1284 4727 1365 4774 uis
1401 4735 1456 4776 ut
1488 4724 1859 4791 significassem
1896 4741 1977 4775 me
2013 4727 2062 4775 L
2236 4724 2301 4775 14
2331 4726 2499 4791 surgit
2532 4724 2718 4788 aliquis
2752 4740 2903 4774 mane
2934 4725 3023 4776 FS
3056 4728 3220 4792 surgit

647 4796 806 4860 aliqui
842 4811 989 4846 mane
1021 4795 1069 4844 L
1207 4794 1434 4845 diluculo
1469 4802 1648 4861 surgat
1681 4795 1867 4858 aliquis
1894 4797 1983 4847 Fs
2016 4795 2247 4845 delueulo
2286 4803 2461 4861 surget
2502 4795 2659 4858 aliqui
2696 4793 2745 4843 L
2888 4793 2957 4846 34
2992 4795 3149 4846 habet
3176 4807 3225 4846 et

647 4865 933 4930 praesentis
963 4872 1011 4914 et
1039 4865 1296 4929 praeteriti
1329 4873 1432 4914 tres
1466 4867 1664 4929 speeies
1692 4865 1914 4932 (species
1951 4881 2044 4918 om.
2080 4864 2154 4930 F)
2190 4875 2241 4916 et
2276 4865 2433 4916 futuri
2463 4863 2599 4916 LFS
