3434 5442
660 347 786 410 524
1782 341 2089 427 [senen]

770 451 800 492 s.
828 451 906 494 56*
932 455 1033 494 cod.
1057 451 1161 495 Lav.
2900 467 2945 506 ρ.
2970 455 3045 496 5²5
3070 455 3125 499 V.

963 531 1240 593 herous
1281 528 1473 615 nille
1517 539 1661 603 est,
1706 533 1902 594 hunc
1944 540 2206 594 vocant
2246 531 2661 596 iambicum.

659 636 826 715 prior
879 652 1082 696 versus
1135 641 1226 695 est
1269 633 1610 696 hexameter
1653 642 1819 696 sexto
1863 635 2015 716 pede
2060 643 2335 697 constans
2378 635 2671 717 spondeo;
2732 655 2989 716 sequens
3028 639 3216 700 iambi·

661 755 764 798 cus
807 753 910 797 sex
955 735 1134 797 hahet
1175 735 1420 798 iamboS.
1511 737 1576 796 fit
1619 745 1678 798 et
1718 743 2086 817 pentameter
2129 738 2244 798 sic:
2288 745 2590 817 ponuntur
2632 737 2751 800 duo
2794 738 2995 819 pedes,
3036 749 3096 800 et
3134 761 3217 802 re·

659 846 774 900 stat
816 836 1035 918 syllaba
1079 837 1448 910 catalectico,
1499 857 1650 919 quae
1693 838 1835 900 facit
1878 845 1937 900 et
1980 839 2519 920 penthemimeren,
2564 841 2705 902 item
2738 839 2838 902 alii
2878 840 3058 919 pedes
3097 843 3217 914 duo,

608 957 634 998 5
659 948 720 1003 et
761 942 822 1002 in
865 942 982 1002 fine
1034 947 1222 1002 restat
1278 940 1390 1002 alia
1448 939 1698 1020 syllaba;
1758 949 1818 1001 et
1872 940 2086 1003 dicitur
2138 940 2237 1002 hic
2296 959 2497 1003 versus
2542 941 2838 1022 elegiacus
2882 941 2974 1003 vel
3016 941 3217 1023 elegus,

659 1044 732 1105 de
775 1063 892 1124 quo
935 1042 1223 1105 Iuvenalis

960 1147 1241 1224 inpune
1283 1144 1466 1207 mihi
1509 1147 1957 1208 recitaverit
1998 1144 2131 1207 ille
2174 1152 2527 1226 togatam,

959 1248 1080 1308 hic
1123 1245 1394 1327 elegos.

657 1351 720 1410 in
775 1349 956 1429 elegis
1010 1348 1280 1411 versibus
1334 1350 1499 1428 prior
1551 1349 1771 1411 herous
1825 1351 2093 1429 ponitur,
2154 1352 2253 1431 qui
2298 1358 2387 1411 est
2428 1350 2802 1423 hexameter,
2848 1351 2991 1414 inde
3032 1363 3219 1434 penta·

582 1461 634 1506 ¹⁰
661 1459 868 1514 meter.
957 1461 1016 1513 et
1057 1453 1144 1514 sic
1185 1461 1514 1533 ponuntur,
1561 1461 1627 1514 ut
1669 1451 1934 1514 Ovidius:
1982 1451 2410 1540 prior-herous

959 1552 1163 1615 laeta
1211 1553 1721 1634 triumphanti
1766 1553 1850 1614 de
1894 1571 2169 1616 summo
2212 1561 2447 1616 mater
2492 1554 2831 1636 Olympo,

655 1661 1024 1737 pentameter

958 1756 1268 1838 plaudet
1311 1766 1382 1820 et
1423 1758 1810 1838 adpositas
1852 1759 2147 1838 spargit
2186 1760 2261 1819 in
2306 1776 2721 1830 ore-rosaS,

659 1859 960 1921 scanditur
1024 1861 1134 1932 sic,
1200 1859 1500 1939 plaudetet
1563 1860 1768 1942 adposi
1832 1868 1920 1922 tas
1977 1862 2261 1940 spargitin
2330 1879 2506 1922 orero
2578 1879 2693 1924 sas.
2798 1859 3022 1942 syllaba
3084 1881 3219 1943 quae

581 1973 632 2016 15
658 1970 748 2023 est
791 1964 850 2022 in
905 1961 1102 2023 medio
1157 1970 1218 2023 et
1271 1981 1421 2043 quae
1475 1969 1565 2024 est
1606 1964 1669 2023 in
1712 1963 1831 2024 fine
1873 1981 1985 2044 pro
2030 1980 2147 2024 uno
2191 1963 2344 2044 pede
2388 1965 2786 2043 accipiuntur:
2852 1966 2934 2026 ita
2979 1966 3218 2045 quinque

657 2062 839 2148 pedes
895 2063 1117 2126 faciunt
1172 2071 1626 2144 pentametrum.
1713 2065 1820 2126 sed
1878 2063 2246 2137 catalectica,
2294 2083 2444 2146 quae
2490 2074 2579 2127 est
2620 2067 2683 2128 in
2727 2066 2959 2138 medio,
3004 2085 3219 2148 semper

658 2164 834 2245 longa
877 2184 1006 2228 esse
1053 2165 1246 2229 debet.

1631 2388 1731 2450 DE
1774 2387 2255 2451 ACCENTIBVS.

824 2527 1144 2596 AccentuS,
1200 2543 1374 2605 quem
1433 2523 1642 2587 Graeci
1699 2521 2088 2608 προσῳδίαν
2140 2523 2611 2605 appellaverunt,
2668 2525 2885 2606 triplex
2943 2535 3050 2590 est.
3134 2539 3221 2590 aut

579 2639 632 2680 ²⁰
658 2629 814 2690 enim
883 2633 1085 2689 acutus
1150 2634 1239 2687 est
1300 2634 1402 2688 aut
1463 2629 1655 2707 gravis
1707 2635 1812 2689 aut
1862 2626 2115 2688 inflexus
2168 2627 2231 2687 in
2285 2627 2557 2690 omnibus
2609 2628 2879 2709 partibus
2934 2632 3217 2692 orationis.

656 2748 1062 2812 quaecumque
1120 2731 1276 2790 enim
1335 2727 1734 2810 monosyllaba
1790 2729 2041 2800 suerint,
2099 2728 2213 2790 hoc
2258 2737 2348 2790 est
2391 2730 2561 2791 unius
2604 2729 2892 2810 syllabae,
2943 2733 2993 2792 si
3038 2731 3221 2794 brevia

657 2840 794 2894 sunt
848 2830 940 2892 vel
994 2833 1044 2892 si
1098 2833 1391 2912 positione
1448 2831 1622 2911 longa
1679 2832 1928 2900 fuerint,
1990 2837 2223 2893 acutum
2277 2830 2581 2893 habebunt
2624 2841 2968 2904 accentum,
3012 2842 3080 2895 ut
3118 2837 3221 2896 nox

655 2934 760 3016 pix
800 2933 952 3004 m’uu
1009 2952 1162 3014 quae
1205 2953 1345 2995 vero
1390 2942 1598 2995 natura
1652 2933 1825 3012 longa
1872 2931 2125 3004 fuerint,
2173 2942 2421 2995 accentu
2466 2934 2846 2996 circumflexo
2890 2938 3221 3015 pronuntia-

657 3035 910 3107 buntur,
957 3046 1023 3097 ut
1065 3040 1202 3116 spes
1245 3040 1342 3098 res
1386 3041 1515 3099 mos
1558 3036 1668 3098 ssus
1711 3036 1819 3097 dos
1862 3041 1989 3096 ros:
2036 3054 2275 3116 gravem
2306 3037 2463 3097 enim
2494 3055 2705 3098 sonum
2754 3054 2875 3098 non
2922 3040 3218 3120 recipiunt.

579 3148 630 3191 2⁶
658 3137 939 3218 disyllaba
986 3138 1190 3201 Latina
1234 3139 1496 3217 priorem
1543 3137 1823 3217 syllabam
1870 3145 1977 3199 aut
2018 3146 2249 3200 acutam
2278 3137 2501 3200 habent
2529 3146 2629 3200 aut
2656 3138 2966 3210 inflexam,
3013 3159 3048 3201 a
3078 3141 3219 3220 gravi

657 3258 976 3321 numquam
1033 3241 1342 3320 incipiunt.
1433 3259 1684 3320 quorum
1740 3241 1790 3301 si
1844 3241 2009 3318 prior
2076 3245 2284 3302 natura
2328 3239 2505 3318 longa
2562 3243 2673 3301 erit
2726 3242 3061 3321 posteriore
3104 3261 3217 3303 cor·

657 3351 854 3424 repta,
912 3339 1154 3402 habebit
1206 3344 1268 3402 in
1322 3360 1386 3404 se
1442 3342 1886 3404 circumflexum
1933 3349 2272 3413 accentum,
2319 3349 2385 3402 ut
2426 3342 2613 3404 Roma
2656 3341 2899 3413 rhetor;
2946 3346 3000 3405 si
3042 3353 3217 3426 poste-

657 3447 781 3506 rior
833 3443 1121 3525 producta
1175 3444 1251 3504 sit
1305 3451 1367 3504 et
1418 3446 1583 3524 prior
1637 3462 1744 3506 seu
1796 3444 1972 3523 longa
2028 3463 2132 3505 seu
2185 3443 2381 3504 brevis
2436 3443 2645 3515 fuerit,
2704 3453 2952 3508 acuatur
2996 3465 3219 3508 necesse

805 3634 838 3684 2
871 3641 1108 3683 constans
1141 3646 1358 3694 sequens
1393 3631 1638 3682 iambicus
1675 3648 1769 3685 sex
1804 3632 1957 3683 habet
1990 3632 2205 3698 spondio
2243 3631 2323 3694 (fit
2358 3639 2407 3682 et
2440 3631 2564 3685 add.
2607 3629 2647 3697 l)
2685 3641 2999 3698 pentameter
3036 3635 3113 3684 sic
3144 3649 3217 3699 po-

658 3713 840 3754 nantur
877 3701 929 3752 L
1068 3704 1102 3752 4
1139 3703 1498 3766 pentemimere
1534 3704 1582 3753 L
1720 3703 1756 3755 6
1793 3699 2065 3768 Iuvenalis]
2108 3709 2205 3755 sat.
2236 3701 2283 3764 1,
2322 3700 2355 3751 3
2498 3701 2563 3753 10
2593 3702 2790 3753 obidius
2828 3704 2907 3753 L:
2934 3719 3101 3757 mr.
3136 3705 3217 3770 12,

658 3775 726 3825 39
866 3773 928 3824 11
955 3771 1304 3838 triumphandi
1340 3773 1516 3823 desum
1552 3780 1711 3822 mater
1746 3772 1972 3838 holimpo
2008 3774 2058 3822 L
2198 3770 2264 3823 13
2296 3771 2487 3837 pandet
2522 3772 2572 3820 L
2752 3774 2814 3824 17
2845 3773 3017 3824 debet.
3054 3805 3124 3825 ς,
3151 3789 3219 3824 ac-

659 3851 834 3896 centus
869 3857 1000 3907 quae
1036 3844 1189 3909 gregi
1226 3842 1502 3908 prosedian
1542 3844 1607 3896 L.
1647 3844 2020 3894 cementarius
2056 3842 2119 3891 de
2152 3842 2440 3892 accentibus
2491 3857 2563 3892 ex
2597 3843 2881 3894 Lavantino
2920 3844 3099 3895 codice
3132 3846 3217 3896 edi-

659 3922 740 3966 tus
775 3921 852 3965 eet
889 3915 942 3963 in
975 3914 1220 3963 analectis
1247 3915 1585 3978 grammaticis
1625 3911 2088 3964 Vindobonenaibue
2117 3927 2168 3974 p.
2206 3909 2503 3976 525—535,
2536 3915 2675 3963 cuins
2712 3914 2948 3966 editionis
2980 3917 3219 3978 scriptura

655 3985 830 4036 littera
865 4000 894 4034 υ
931 3985 1158 4034 indicata
1192 3989 1282 4037 est.
1329 3992 1602 4047 praeterea
1636 3985 1688 4032 in
1715 3984 1811 4034 hac
1842 3991 1999 4047 parte
2031 3991 2081 4033 et
2118 3982 2390 4033 Lavantt'm‘
2419 3982 2608 4032 codicis
2638 3985 2895 4047 scriptura
2930 3987 3218 4046 ocem-atim

657 4069 803 4122 quam
836 4056 888 4105 in
935 4055 1142 4118 reliquie
1186 4053 1302 4116 fere
1347 4069 1472 4118 opus
1508 4069 1619 4104 ease
1649 4053 1935 4116 videbatur,
1973 4054 2195 4104 indicata
2244 4059 2295 4103 et
2330 4051 2681 4116 discrepantia
2708 4056 2899 4105 codicia
2934 4053 3221 4106 oxoniensis

656 4126 854 4190 colleqii
880 4125 943 4176 S.
981 4125 1191 4174 Mariae
1241 4122 1583 4190 Maqdalenae
1613 4139 1667 4172 n.
1708 4123 1781 4176 64
1810 4124 2012 4176 saeculo
2048 4123 2214 4188 quanto
2247 4122 2434 4172 decimo
2466 4123 2647 4185 scripti
2688 4123 2784 4190 (0)
2818 4126 3091 4190 adscripta
3137 4133 3214 4177 est.

658 4197 886 4247 diver-eos
939 4203 1099 4246 autem
1141 4195 1206 4244 de
1253 4195 1422 4245 eodem
1473 4202 1763 4259 argumento
1794 4196 2189 4254 commentarios,
2232 4206 2357 4258 quoe
2392 4196 2742 4257 granunaticus
2784 4196 2917 4246 nullo
2956 4195 3219 4247 discr-tunm

655 4269 853 4330 ponit,
911 4267 1101 4316 maiore
1153 4267 1320 4327 spatio
1367 4266 1630 4315 interiecto
1687 4265 2006 4316 distinximus
2196 4263 2264 4314 19
2300 4261 2559 4314 Acceutus
2590 4289 2657 4299 -—
2692 4265 2825 4328 525,
2866 4264 2932 4316 13
2980 4268 3112 4316 acuti
3146 4281 3219 4315 ae-

658 4343 834 4386 centus
873 4335 1088 4388 Maoetm.
1137 4334 1384 4390 Victoria.
1413 4351 1471 4400 p.
1504 4334 1636 4386 1942
1660 4351 1775 4400 σφε
1810 4336 2060 4385 Accentus
2093 4333 2265 4401 graeci
2290 4332 2565 4398 prosodian
2602 4333 3011 4400 appellaverunt.
3050 4337 3219 4402 triplex

659 4415 736 4457 est
771 4413 959 4456 autem.
997 4411 1083 4456 aut
1121 4405 1254 4454 euim
1293 4413 1370 4455 est
1406 4412 1585 4456 acutus
1614 4415 1700 4454 aut
1736 4403 1777 4454 0
1916 4403 1985 4455 20
2023 4403 2266 4455 orationis
2300 4400 2374 4452 ΖΟ
2406 4404 2717 4455 orationibus
2753 4406 2803 4456 L
2943 4405 3014 4454 22
3048 4404 3217 4456 fuerint

657 4485 746 4526 aut
780 4482 982 4526 acutum
1020 4472 1127 4524 LO.
1163 4481 1314 4525 notae
1351 4482 1640 4525 accentuum
1676 4481 1727 4524 et
1758 4477 1809 4525 in
1842 4477 1917 4527 Ῑιίε
1957 4489 2085 4540 quae
2119 4474 2349 4536 prooeime
2387 4481 2622 4524 sectentur
2658 4483 2709 4525 et
2738 4478 2791 4526 in
2820 4477 3035 4541 reliquie
3070 4491 3216 4527 exem-

654 4549 755 4610 plis
792 4549 1005 4597 omissae
1037 4552 1155 4596 sunt
1187 4547 1240 4595 in
1278 4543 1372 4595 Lo
1546 4545 1614 4596 23
1649 4553 1797 4596 acuto
1834 4547 1995 4609 (corr.
2037 4543 2141 4610 -tu)
2174 4543 2501 4594 circumflexu
2543 4544 2593 4592 L
2640 4552 2788 4595 acuto
2824 4545 3150 4598 circumflexo
3182 4543 3217 4594 0

797 4617 865 4666 24
897 4624 952 4665 ut
979 4617 1092 4666 ines
1126 4630 1216 4682 pes
1249 4630 1332 4666 rea
1370 4623 1424 4665 ut
1463 4629 1572 4666 mos
1597 4613 1639 4664 0
1677 4623 1731 4664 ut
1766 4631 1848 4664 res
1884 4630 1976 4682 pes
2010 4623 2065 4664 ut
2100 4627 2212 4664 mos
2252 4611 2332 4662 L:
2368 4628 2487 4678 spes
2533 4616 2837 4678 Victorinus,
2874 4630 3034 4681 eoque
3066 4632 3215 4666 αποι-

653 4687 740 4752 plo
771 4687 954 4751 reliqui
983 4701 1176 4754 quoque
1195 4686 1509 4752 yrammatici
1539 4691 1744 4736 utuntm·
1882 4685 1949 4736 25
1986 4684 2232 4750 syllabam
2268 4691 2467 4734 acutam
2508 4684 2553 4734 L
2588 4685 2820 4736 sillabam
2860 4693 3042 4736 acutae
3078 4685 3119 4736 0

658 4755 727 4807 26
763 4757 1042 4820 posteriore
1065 4765 1300 4822 corrupta
1335 4757 1383 4806 L
1523 4756 1589 4806 27
1626 4753 1767 4805 roma
1802 4753 1972 4806 rhetor
2010 4755 2057 4805 L
2081 4751 2365 4806 accentibus
2394 4755 2566 4806 altera
2590 4771 2762 4818 mm,
2790 4765 2849 4807 ut
2880 4757 3097 4818 videm,
3132 4755 3215 4805 ad-
