3434 5442
700 310 824 373 480
1857 306 2105 369 SERGII
2282 391 2285 396 Ι

799 425 846 466 p.
875 413 989 454 1831.
1023 411 1074 454 ³2
1099 411 1148 454 P.
2834 427 2879 468 p.
2906 415 3077 458 irs-si
3104 416 3151 456 v.

699 493 960 554 caesuris
1011 492 1484 571 penthemimere
1541 499 1601 553 et
1641 491 2184 574 hephthemimere,
2242 492 2391 574 quas
2432 501 2711 574 utrasque
2754 495 2817 554 in
2860 496 3055 574 primo
3092 515 3231 560 versu

695 593 1090 655 Aeneidorum
1134 613 1263 656 esse
1305 595 1636 675 reperimus
1689 595 1802 664 ita,
1850 599 2095 656 ‘arma
2136 597 2523 672 virumque
2560 599 2815 680 cano',
2858 599 3031 658 item
3070 616 3233 660 arma

693 697 1084 778 virumque
1128 715 1313 759 cano
1355 698 1645 759 Troiae.

1748 866 1846 928 DE
1888 865 2219 929 PEDIBVS.

639 1019 667 1062 5
860 1004 974 1065 Pes
1030 1003 1220 1065 dictus
1277 1011 1394 1076 est,
1457 1022 1573 1084 quo
1629 1005 1797 1085 quasi
1848 993 2177 1066 metrorum
2232 1021 2471 1084 gressus
2526 1003 2775 1066 incedat.
2864 1004 3036 1068 aliter
3074 1005 3231 1068 dictus

693 1112 787 1167 est
835 1125 972 1186 pes,
1028 1105 1190 1184 quod
1242 1105 1356 1166 hoc
1411 1107 1581 1186 quasi
1635 1104 1833 1187 pedali
1873 1105 2079 1187 regula
2122 1105 2197 1166 ad
2241 1124 2475 1168 versum
2516 1107 2739 1169 utimur
2782 1107 3227 1186 mensurandum.

691 1209 976 1269 metimur
1021 1209 1178 1269 enim
1223 1209 1530 1270 heroicum
1575 1215 1634 1268 et
1677 1208 1927 1270 dicimus
1972 1207 2081 1270 ‘vl
2121 1208 2343 1289 pedum
2386 1211 2541 1280 est';
2586 1211 2865 1271 metimur
2910 1210 3229 1290 Sapphicum

689 1318 749 1371 et
791 1309 1042 1372 dicimus
1085 1312 1151 1382 V,
1198 1316 1256 1371 et
1297 1317 1547 1372 ceteros,
1634 1311 1815 1390 igitur
1857 1328 2101 1372 necesse
2144 1318 2237 1373 est
2274 1309 2487 1392 pedem
2531 1330 2716 1373 unum
2758 1330 3054 1393 quemque
3088 1313 3147 1373 iu
3181 1331 3230 1372 se

687 1411 912 1474 habere
967 1420 1199 1474 certum
1253 1431 1388 1474 cum
1447 1412 1813 1493 temporibus
1867 1414 2184 1475 numerum
2239 1411 2623 1494 syllabarum,
2668 1421 2737 1476 ut
2788 1423 2879 1476 est
2932 1413 3227 1494 spondeus:

611 1528 665 1571 ιο
690 1513 870 1578 habet
913 1515 1067 1576 enim
1111 1515 1166 1576 11
1208 1513 1459 1595 syllabas
1503 1524 1561 1576 et
1603 1523 1871 1595 tempora
1914 1514 2049 1586 1111;
2105 1517 2247 1578 item
2292 1514 2553 1596 dactylus
2594 1515 2675 1578 111
2718 1515 2971 1596 syllabas
3014 1523 3073 1578 et
3109 1525 3229 1576 tem-

686 1635 834 1697 pora
887 1617 1022 1687 1m;
1081 1618 1224 1678 item
1278 1616 1813 1697 proceleumaticus
1867 1618 1974 1679 1111
2028 1617 2281 1696 syllabas
2335 1625 2395 1678 et
2445 1624 2711 1699 tempora
2768 1617 2905 1689 1111,
2964 1625 3025 1678 et
3078 1619 3231 1680 ceteri

687 1721 790 1800 qui
845 1739 980 1782 cum
1033 1719 1128 1782 his
1183 1737 1362 1799 supra
1417 1721 1624 1802 scripti
1679 1726 1833 1782 sunt.
1924 1721 2078 1782 scire
2144 1721 2319 1781 etiam
2366 1718 2650 1782 debemus
2704 1719 2861 1800 quod
2904 1722 3011 1782 uni
3050 1721 3231 1800 cuique

685 1821 826 1901 pedi
879 1821 1093 1884 accidit
1149 1817 1161 1906 Ι
1220 1823 1367 1883 arsis
1427 1829 1488 1883 et
1539 1822 1753 1892 thesis,
1820 1823 1937 1882 hoc
1990 1830 2082 1884 est
2136 1820 2385 1884 elevatio
2438 1830 2499 1883 et
2550 1823 2793 1902 positio;
2862 1821 2969 1884 sed
3010 1823 3147 1883 arsis
3180 1823 3229 1882 in

685 1926 878 2004 prima
932 1933 1129 2005 parte,
1185 1925 1370 1986 thesis
1422 1925 1484 1985 in
1543 1923 1803 1986 secunda
1857 1923 2131 2004 ponenda
2176 1932 2292 1986 est:
2357 1941 2643 1986 numerus
2687 1925 2861 1986 etiam
2908 1922 3229 2004 syllabarum

611 2041 660 2084 15
687 2033 746 2088 et
789 2035 1050 2108 tempus,
1095 2034 1163 2088 ut
1203 2044 1380 2106 supra
1427 2026 1648 2088 dictum
1692 2033 1809 2087 est:
1851 2026 2167 2098 resolutio,
2212 2033 2280 2088 ut
2320 2027 2371 2088 si
2412 2045 2523 2106 pro
2562 2026 2828 2106 spondeo
2856 2025 3228 2106 proceleuma-

684 2131 834 2191 ticus
886 2135 1170 2211 ponatur,
1229 2137 1296 2190 ut
1351 2136 1440 2190 est
1494 2128 1650 2209 apud
1693 2128 2013 2209 Vergilium
2071 2133 2345 2208 ‘genua
2390 2113 2709 2198 labant';
2756 2127 3056 2191 solvuntur
3096 2129 3227 2190 enim

687 2232 836 2293 duae
881 2231 1090 2312 longae
1134 2233 1198 2292 in
1243 2238 1517 2312 quattuor
1560 2230 1799 2303 breveS,
1844 2250 1997 2312 quae
2040 2230 2366 2312 spondeum
2397 2225 2427 2314 ss
2454 2229 2593 2292 solis
2636 2231 2833 2292 facere
2876 2229 3065 2292 solent
3105 2240 3229 2292 tem·

682 2333 945 2414 poribus,
1032 2335 1219 2414 figura
1276 2335 1450 2395 etiam
1507 2333 1721 2395 accidit
1772 2333 1936 2413 pedi,
1993 2342 2059 2395 ut
2112 2335 2164 2394 si
2203 2331 2451 2394 velimus
2492 2333 2821 2412 spondeum
2864 2334 3111 2413 figurare
3152 2332 3226 2392 his

681 2439 838 2498 notis
881 2478 920 2487 -
955 2477 1022 2508 -,
1079 2436 1445 2517 pyrrichium
1499 2436 1593 2498 his
1637 2467 1674 2485 υ
1707 2467 1774 2506 ν,
1832 2435 1985 2497 sicut
2028 2437 2205 2496 etiam
2247 2435 2403 2514 apud
2450 2435 2706 2498 Graecos
2748 2435 2927 2498 fiunt:
2998 2443 3227 2497 metrum

603 2554 659 2597 ω
685 2556 950 2619 quoque,
1007 2545 1074 2601 ut
1129 2557 1203 2600 ex
1257 2537 1520 2619 spondeo
1585 2537 2003 2620 spondiacum,
2062 2555 2137 2600 ex
2178 2538 2459 2600 trochaeo
2501 2537 2903 2610 trochaicum,
2946 2558 3016 2600 ex
3055 2536 3226 2600 iambo

677 2640 998 2702 iambicum
1043 2648 1438 2722 nuncupatur.

851 2744 1041 2823 Igitur
1069 2744 1254 2823 pedes
1297 2741 1568 2824 disyllabi
1610 2742 1673 2803 hi
1717 2750 1873 2812 sunt,
1916 2742 2251 2824 pyrrichius
2294 2741 2595 2824 spondeus
2635 2740 2867 2803 iambus
2910 2741 3223 2806 trochaeus:

679 2845 968 2926 trisyllabi
1023 2847 1114 2918 hi,
1170 2845 1508 2908 tribrachus
1563 2844 1857 2908 molossus
1912 2853 2263 2926 anapaestus
2315 2842 2579 2924 dactylus
2630 2843 3082 2924 amphibrachus
3120 2863 3225 2905 am·

679 2948 1021 3029 phimacrus
1075 2948 1356 3010 bacchius
1409 2947 1902 3027 palimbacchius3
1960 2946 2225 3028 duplices
2267 2947 2363 3018 hi,
2408 2946 2971 3027 proceleumaticus,
3015 2947 3223 3026 dispon-

609 3065 662 3109 2⁶
689 3050 861 3123 deuS,
909 3050 1230 3122 diiambus,
1278 3050 1679 3121 ditrochaeuS,
1728 3050 2109 3129 antispastuS,
2142 3048 2547 3120 choriambus,
2578 3051 2808 3110 ionicus
2836 3050 3054 3120 minor,
3091 3049 3223 3107 ioni-

679 3173 784 3216 cus
828 3155 1044 3228 maior,
1089 3172 1281 3234 paeon
1325 3154 1585 3234 primus„
1631 3170 1821 3235 paeon
1866 3151 2187 3222 secundus,
2233 3168 2424 3231 paeon
2468 3151 2709 3224 tertius,
2752 3169 2943 3232 paeon
2986 3157 3217 3230 quartus,

678 3258 950 3337 epitritus
1006 3257 1236 3337 primus
1253 3305 1270 3328 ‚
1327 3257 1596 3336 epitritus
1651 3254 1945 3316 secundus
1960 3302 1975 3326 ,
2035 3254 2305 3334 epitritus
2360 3254 2596 3325 tertius,
2664 3255 2937 3333 epitritus
2986 3261 3219 3334 quartus.

681 3377 755 3420 ex
798 3357 1014 3439 quibus
1058 3358 1156 3420 alii
1198 3357 1385 3439 pedes
1425 3357 1518 3419 vel
1561 3357 1873 3439 synzugiae
1920 3357 2080 3418 nasci
2122 3353 2477 3416 iudicantur.
2536 3357 2815 3436 synzugia
2844 3363 2935 3417 est
2962 3374 3029 3416 ex
3070 3355 3220 3414 variis

675 3459 927 3541 pedibus
979 3459 1139 3522 velut
1192 3463 1256 3522 in
1310 3480 1493 3523 unum
1537 3460 1752 3539 pedem
1808 3457 2051 3520 collecta
2098 3455 2434 3544 concluflsio.
2522 3475 2658 3519 nam
2701 3459 2940 3520 inventa
2981 3465 3065 3518 est
3101 3475 3219 3537 pro-

603 3577 656 3620 ao
680 3570 814 3643 pter
858 3564 1006 3625 haec
1061 3562 1268 3636 verba,
1325 3583 1474 3645 quae
1517 3581 1630 3624 nec
1674 3560 2091 3640 disyllaborum
2138 3579 2248 3621 nec
2292 3558 2728 3639 trisyllaborum
2774 3578 2886 3622 nec
2928 3556 3215 3640 quadrisyl-

817 3715 844 3768 1
885 3717 1236 3782 pentimemire
1273 3725 1323 3767 et
1353 3718 1668 3784 eptimemire
1705 3715 1756 3765 F
1784 3715 2171 3782 pentimimeren
2204 3722 2253 3764 et
2290 3713 2637 3781 eptimimerae
2670 3711 2724 3764 B
2842 3729 2971 3778 quas
3006 3721 3213 3776 utrasque

674 3787 842 3838 codex
876 3785 1224 3852 Sanyallenst‘s
1268 3803 1394 3852 quas
1443 3788 1642 3850 utrique
1693 3802 1829 3841 corr.
1880 3801 2008 3850 quas
2042 3793 2286 3848 utrasque
2320 3785 2372 3834 F
2408 3799 2536 3848 quae
2570 3793 2785 3848 utraque
2820 3783 2874 3832 B
2906 3798 3031 3847 quas
3072 3783 3213 3844 utique

676 3857 845 3906 codex
885 3857 1153 3908 Leidenstoe
1314 3859 1348 3906 2
1383 3857 1452 3906 ita
1479 3858 1530 3908 F
1562 3865 1617 3906 ut
1649 3855 1702 3905 B
1873 3871 2015 3906 arma
2036 3857 2305 3918 uirumque
2326 3871 2455 3907 cano
2484 3856 2604 3904 item
2638 3871 2731 3906 om.
2760 3853 2877 3916 BF,
2912 3855 3035 3909 add.
3070 3868 3102 3911 ς

672 3927 708 3976 4
741 3941 806 3976 nn
848 3941 1059 3978 numus
1091 3955 1159 3963 —
1192 3925 1314 3992 482,
1351 3929 1387 3978 4
1419 3925 1644 3992 syllabas
1685 3923 1907 3993 mittunt]
1946 3929 2212 3992 adscripta
2244 3933 2321 3976 eat
2352 3927 2693 3990 discrepantia
2737 3928 3029 3988 scripturae
3056 3923 3213 3974 codicis

672 3997 905 4048 Pari-sini
935 3997 1072 4049 7530
1104 3995 1202 4060 (P)
1375 3997 1408 4047 5
1446 3997 1584 4061 quod
1619 3996 1767 4060 quasi
1801 3995 1881 4054 Ἐς
2020 3997 2184 4046 dictus
2219 4010 2313 4061 pes
2340 3996 2394 4045 B
2426 4011 2520 4062 pes
2551 3994 2718 4045 dictus
2754 4003 2832 4046 est
2866 3997 2920 4045 P
3080 3993 3113 4044 6
3137 3993 3213 4041 hoc

673 4081 766 4116 om.
797 4067 882 4123 Ρς
1019 4081 1306 4116 mensuram
1343 4067 1397 4115 P
1531 4068 1560 4114 7
1605 4067 1739 4116 enim
1776 4081 1981 4116 uersum
2017 4065 2297 4115 hieroicum
2334 4065 2384 4114 F
2544 4065 2577 4115 8
2619 4065 2802 4131 pedem
2838 4075 3211 4128 unumquemque

673 4137 726 4186 P
754 4137 941 4202 pedum
977 4151 1387 4200 unumquemque
1421 4137 1474 4185 F
1499 4151 1910 4200 unumquemque
1946 4136 2131 4201 pedem
2166 4135 2219 4185 B
2382 4135 2417 4186 9
2450 4143 2528 4184 est
2560 4151 2653 4186 om.
2693 4135 2744 4184 F
2914 4135 2980 4186 12
3017 4149 3121 4184 cum
3148 4132 3211 4180 his

671 4207 755 4256 uel
788 4222 944 4273 supra
977 4207 1029 4256 P
1163 4207 1354 4272 scripta
1387 4221 1522 4258 corr.
1561 4207 1625 4254 -ti
1661 4206 1712 4254 F
1870 4205 1935 4257 13
1970 4206 2163 4255 accedit
2199 4205 2252 4256 B
2292 4205 2487 4255 accidat
2524 4205 2573 4252 P
2708 4205 2859 4256 elatio
2886 4205 2939 4256 B
3094 4203 3150 4254 15
3174 4209 3211 4249 et

670 4293 762 4332 om.
802 4278 854 4327 P
1024 4275 1088 4328 16
1125 4277 1263 4342 apud
1302 4273 1604 4342 Vergilium]
1644 4275 1776 4328 Aen.
1809 4273 1904 4325 XII
1938 4274 2041 4326 905
2223 4275 2285 4325 17
2320 4276 2444 4325 solis
2478 4273 2647 4325 secere
2674 4275 2990 4340 temporibus
3022 4275 3070 4324 P

674 4345 740 4398 18
765 4347 961 4398 accedit
993 4347 1048 4399 B
1189 4345 1254 4396 19
1285 4355 1600 4410 metrumque
1636 4354 1691 4397 ut
1732 4346 1783 4396 P
1813 4354 2027 4396 metrum
2076 4343 2217 4410 quod
2249 4345 2349 4395 BF
2482 4343 2553 4395 20
2596 4361 2661 4397 ex
2708 4345 2938 4411 spondeo
2973 4342 3210 4410 spondeai-

671 4432 787 4466 cum
825 4416 877 4466 F
1009 4419 1076 4467 22
1107 4417 1348 4482 disyllabi
1383 4424 1501 4465 sunt
1537 4425 1774 4479 quattuor
1814 4415 2133 4482 pyrrhichius
2168 4416 2258 4477 qui
2290 4422 2339 4464 et
2372 4413 2575 4465 chorios
2610 4423 2659 4465 et
2686 4416 2952 4482 periambo
2982 4415 3151 4464 dicitur
3174 4421 3211 4459 et

671 4501 884 4553 egemon
923 4487 1181 4554 spondeus
1219 4487 1272 4536 P
1435 4485 1503 4537 23
1539 4485 1788 4550 trisyllabi
1825 4493 1935 4536 octo
1974 4487 2026 4534 hi
2060 4484 2344 4536 tribrachus
2376 4486 2430 4534 P
2459 4484 2734 4550 trissyllabi
2774 4486 3023 4535 tribracus
3055 4485 3103 4534 F

670 4557 944 4608 tribrachis
973 4556 1026 4606 B
1164 4554 1547 4622 amphibrachis
1577 4556 1630 4606 B
1768 4559 1837 4606 24
1866 4556 2231 4620 palimbaccius
2265 4555 2318 4606 B
2352 4554 2737 4620 paliubacchius
2768 4557 2821 4606 P
2855 4553 3149 4606 antibachius
3174 4551 3215 4600 F

851 4627 1082 4694 duplices
1115 4627 1338 4677 sedecim
1375 4626 1429 4676 hi
1466 4627 1517 4677 P
1547 4626 1779 4692 duplices
1816 4625 1871 4675 hi
1907 4634 2026 4676 sunt
2060 4626 2114 4676 F
2282 4627 2352 4676 25
2390 4625 2623 4676 diambus
2660 4625 2975 4678 distrocheus
3008 4623 3101 4674 BF

671 4696 741 4748 28
773 4699 930 4764 pedes
967 4695 1048 4747 uel
1085 4696 1352 4763 sinzugiae
1393 4695 1698 4764 (senzugiae
1733 4694 1802 4762 F)
1834 4698 1974 4746 nasci
2023 4695 2307 4746 iudicantur
2350 4695 2453 4746 BF
2492 4695 2720 4760 pedesne
2760 4695 3097 4761 synzygiacue
3130 4705 3203 4740 na-

671 4777 878 4817 scuntur
913 4767 960 4817 P
1101 4768 1354 4835 synzugia
1389 4781 1525 4820 corr.
1565 4768 1803 4832 sinzugia
1836 4767 1891 4818 B
1912 4767 2172 4833 'synzygia
2203 4766 2255 4815 P
2282 4767 2537 4832 senzugia
2576 4766 2628 4815 F
2760 4765 2834 4818 29
2862 4764 3014 4816 ueluti
3046 4763 3092 4814 P

670 4835 741 4888 30
778 4851 871 4886 nec
903 4834 1270 4901 disyllabamm
1309 4849 1403 4886 nec
1437 4835 1813 4900 trisyllabarum
1850 4851 1945 4887 nec
1978 4835 2475 4901 quadrisyllabarum
2506 4836 2611 4887 BF
