3434 5442
965 283 1357 344 INSTlTVTA
1402 283 1683 344 ARTIVM
1727 283 1932 346 8-24
2648 284 2730 346 49

322 431 333 441 .
372 409 375 412 ⁴
523 397 575 438 ιι.
2343 429 2354 440 .
2463 429 2474 440 .
2575 398 2630 442 v.

220 397 831 550 singulssimdeclinanda
870 476 1023 532 sunt.
1096 471 1285 550 figura
1330 468 1557 533 litterae
1602 477 1691 532 est
1735 490 1850 551 qua
1893 477 2130 532 notatur
2173 479 2230 532 et
2272 399 2727 552 qllaaesczribitur.

220 584 423 654 potestas
460 569 693 632 litterae
749 579 838 632 est
885 590 999 652 qua
1042 572 1223 641 valet,
1279 572 1395 632 hoc
1444 579 1533 634 est
1588 591 1701 652 qua
1747 581 1934 633 sonat.
2021 591 2179 634 nunc
2235 590 2452 634 omnes·
2491 573 2731 634 Latinae

220 675 398 736 litterae
436 673 737 734 dumtaxat
776 680 915 734 sunt
953 692 1203 735 numero
1241 673 1443 735 XXIII.
1507 674 1619 736 bae
1658 678 2039 737 nominantur
2079 675 2312 738 vocales
2355 673 2731 737 semivocales

218 786 261 838 et
294 784 482 837 mutae.
569 776 673 836 sed
717 776 1097 838 semivocales
1142 783 1199 838 et
1245 785 1441 838 mutae
1485 775 1853 856 appellantur
1898 784 2304 839 consonantes.
2370 795 2512 840 sane
2556 795 2732 856 qnae-

216 879 349 946 ritur,
385 895 495 958 qua
539 877 613 940 de
658 895 833 940 causa
878 878 1256 940 semivocales
1298 885 1355 939 et
1400 887 1593 940 mutae
1634 887 2026 941 consonantes
2066 880 2452 959 appellantur.
2515 879 2624 940 hac
2661 878 2734 940 de
2787 902 2812 942 s

216 997 383 1048 eausa,
422 981 698 1060 quoniam
744 982 1070 1042 coniunctis
1113 962 1239 1044 ἱΙΙίεΙ
1280 980 1576 1068 vocalibus
1618 984 1702 1044 sic
1751 984 1985 1043 nomina
2029 982 2348 1044 earundem
2393 989 2733 1042 consonant.

214 1082 293 1142 sed
332 1099 451 1142 cum
512 1083 583 1142 ad
638 1083 796 1160 ipsas
836 1081 1062 1144 litteras
1104 1085 1578 1161 pervenerimus,
1634 1082 1748 1145 illic
1793 1103 1968 1165 quem
2011 1084 2082 1144 ad
2121 1084 2360 1145 modum
2411 1084 2738 1144 coniunctis

213 1183 301 1244 illis
336 1183 621 1246 vocalibus
661 1187 899 1246 nomina
940 1185 1259 1248 earundem
1303 1193 1628 1247 consonent
1666 1193 2050 1265 conpetenter
2089 1185 2491 1248 tractabimus,

1228 1385 1299 1426 DE
1339 1385 1680 1427 VOCALIBVS.

346 1489 581 1552 Vocales
628 1490 858 1574 litterae
900 1497 1041 1552 sunt
1079 1509 1330 1552 numero
1374 1493 1651 1572 quinque.
1740 1491 1850 1553 hae
1894 1511 2004 1572 per
2049 1511 2112 1553 se
2155 1492 2571 1570 proferuntur,
2627 1491 2742 1552 hoc
2767 1514 2818 1555 ιο

214 1593 365 1654 estad
402 1592 680 1654 vocabula
724 1611 829 1654 sua
873 1591 1089 1654 nullius
1133 1596 1581 1655 consonantium
1622 1600 1796 1672 egent
1839 1597 2132 1665 societate,
2181 1601 2244 1654 ut
2271 1600 2409 1672 puta
2441 1613 2476 1654 a
2507 1613 2540 1654 e
2569 1593 2588 1653 i
2619 1611 2654 1653 o
2681 1612 2740 1663 u,

212 1703 255 1756 et
289 1713 385 1774 per
416 1713 477 1756 se
520 1695 805 1776 syllabam
852 1696 1049 1757 facere
1092 1704 1355 1775 possunt,
1401 1695 1516 1756 boc
1558 1703 1647 1758 est
1690 1703 1754 1757 ut
1794 1698 1956 1776 ipsae
1993 1699 2148 1758 inter
2191 1714 2254 1756 se
2299 1701 2520 1758 tantum
2566 1695 2742 1756 modo

212 1800 529 1860 misceantur
576 1805 635 1860 et
674 1796 933 1878 syllabae
976 1783 1157 1858 sonus
1201 1799 1505 1868 efficiatur,
1552 1807 1615 1858 ut
1654 1807 1798 1878 puta
1839 1818 1914 1860 ua
1955 1818 2032 1859 ue
2060 1817 2132 1859 oe
2163 1816 2237 1860 au
2267 1798 2328 1858 ui
2357 1797 2410 1857 ia
2455 1805 2514 1858 et
2549 1805 2743 1858 cetera

210 1899 335 1960 talia.
414 1899 656 1968 harum,
702 1899 761 1960 id
809 1906 901 1960 est
942 1899 1257 1969 vocalium,
1306 1899 1417 1960 hae
1456 1900 1636 1971 duae,
1683 1903 1704 1960 i
1747 1908 1804 1962 et
1845 1919 1912 1970 u,
1961 1907 2270 1962 transeunt
2309 1901 2372 1959 in
2417 1917 2744 1962 consonan-

212 2003 327 2060 tium
360 2007 701 2079 potestatem
748 2008 919 2071 tunc,
965 2020 1101 2064 cum
1144 2010 1244 2063 aut
1283 2003 1449 2081 ipsae
1494 2005 1648 2063 inter
1688 2019 1754 2063 se
1799 2004 2198 2080 geminantur,
2257 1997 2325 2062 ut
2365 2001 2512 2062 luno
2558 2004 2822 2064 viatoris

211 2099 383 2172 vultus,
426 2102 517 2163 vel
558 2103 799 2182 quando
842 2121 975 2164 cum
1023 2103 1150 2166 aliis
1196 2102 1489 2164 vocalibus
1536 2106 1890 2181 iunguntur,
1937 2113 1996 2164 ut
2039 2112 2199 2166 vates
2239 2121 2445 2164 vecors
2485 2105 2602 2164 iam
2645 2121 2746 2164 vos

210 2207 443 2266 maiestas
498 2207 691 2266 maior
742 2211 801 2266 et
844 2212 1037 2266 cetera
1090 2204 1244 2266 talia.
1331 2223 1495 2266 nunc
1550 2207 1880 2285 quaeritur,
1943 2207 2180 2286 quando
2219 2207 2242 2265 i
2281 2204 2372 2265 vel
2419 2225 2458 2266 u
2515 2204 2746 2266 litterae

209 2304 313 2366 loco
370 2309 771 2368 consonantis·
810 2308 927 2368 sint
987 2309 1242 2386 positae,
1319 2307 1405 2369 vel
1460 2308 1699 2388 quando
1753 2310 1906 2369 inter
1961 2307 2190 2370 vocales
2256 2309 2446 2386 accipi
2509 2306 2745 2368 debent.

210 2425 359 2487 quare
398 2409 507 2470 hoc
552 2427 884 2478 monemus,
932 2417 997 2469 ut
1036 2416 1177 2470 tunc
1220 2411 1239 2470 i
1280 2409 1369 2470 vel
1406 2429 1445 2471 u
1486 2409 1619 2471 loco
1666 2413 2042 2472 consonantis
2087 2411 2468 2489 accipiantur,
2507 2407 2744 2488 quaudo

208 2513 537 2589 praepositae
584 2510 883 2573 vocalibus
926 2512 985 2572 in
1018 2510 1249 2592 syllaba
1292 2512 1512 2573 scilicet
1554 2531 1661 2576 sua
1704 2515 2112 2582 inveniuntur3
2149 2512 2386 2592 quando
2432 2529 2568 2572 vero
2606 2509 2744 2571 sub·
2771 2531 2824 2573 ιο

208 2611 387 2682 iectae,
430 2621 487 2674 et
518 2615 689 2692 ipsae
732 2613 961 2675 vocales
1002 2615 1369 2674 iudicentur:
1433 2623 1498 2676 ut
1538 2622 1681 2694 puta
1716 2615 1806 2685 iu,
1851 2615 2053 2694 utique
2096 2617 2117 2673 i
2157 2631 2317 2674 nunc
2361 2593 2492 2676 loco
2537 2631 2747 2674 conso·

208 2715 365 2775 nantis
406 2722 463 2775 et
504 2734 547 2776 u
594 2716 729 2777 loco
766 2716 983 2777 vocalis
1026 2717 1340 2794 accipitur3
1388 2718 1527 2778 item
1570 2718 1647 2786 ui,
1689 2719 1966 2798 utique'u
2005 2734 2162 2777 nunc
2203 2715 2335 2777 loco
2377 2718 2749 2778 consonantis

206 2823 251 2872 e!
278 2818 299 2873 i
326 2819 445 2878 loco
474 2814 501 2900 ss
530 2817 755 2878 vocalis
792 2819 1217 2880 consideratur.
1296 2820 1379 2878 sic
1420 2827 1479 2879 et
1518 2821 1679 2878 iuxta
1720 2821 1728 2896 Ι
1767 2817 1998 2880 vocales
2043 2817 2204 2888 alias,
2249 2820 2298 2878 si
2333 2819 2350 2876 i
2393 2815 2482 2878 vel
2526 2835 2564 2877 u
2595 2815 2746 2877 litte·

206 2933 287 2976 rae
322 2919 375 2977 in
408 2917 633 2997 syllaba
680 2939 783 2980 sua
824 2929 1301 2998 praeponuntur,
1354 2921 1469 2980 vim
1512 2920 1958 2982 consonantium
2009 2916 2230 2980 habere
2284 2919 2648 2987 indicantum
2699 2919 2748 2979 si

88 3099 98 3106 ,
208 3035 321 3079 vero
358 3019 750 3092 subiciuntur,
798 3021 1083 3082 vocalium
1128 3021 1261 3083 loco
1306 3023 1647 3101 funguntur.
2771 3037 2822 3079 ιε
2863 3051 2870 3060 ·

750 3111 787 3154 ι

694 3189 700 3194 ’
1172 3221 1243 3262 οε
1274 3220 1748 3264 εΕΜινοεΑιιιινε.

345 3325 739 3388 Semivocales
780 3329 1230 3388 consonantium
1274 3326 1501 3389 litterae
1560 3335 1697 3388 sunt
1753 3345 2000 3388 numero
2045 3333 2290 3406 septem.
2379 3324 2492 3386 hae
2537 3342 2747 3386 secun·

206 3425 316 3488 dum
354 3431 639 3491 musicam
698 3431 987 3492 rationem
1034 3447 1142 3508 per
1186 3448 1251 3491 se
1300 3431 1716 3508 proferuntur,
1778 3429 1893 3490 hoc
1937 3435 2027 3490 est
2080 3437 2145 3490 ut
2199 3428 2270 3490 ad
2317 3425 2598 3488 vocabula
2643 3443 2748 3486 sua

208 3529 387 3592 nullius
428 3531 723 3593 vocalium
778 3539 989 3608 egeant
1040 3534 1346 3602 societate,
1408 3541 1473 3593 ut
1514 3532 1541 3591 l*
1576 3530 1596 3591 l
1642 3550 1699 3590 m
1746 3550 1784 3591 n
1829 3550 1860 3592 r
1897 3551 1926 3594 s
1971 3551 2022 3592 x.
2113 3539 2174 3591 at
2227 3547 2366 3590 vero
2422 3528 2746 3590 secundum

125 3631 131 3638 ’
206 3641 358 3694 metra
412 3633 617 3694 Latina
681 3641 742 3694 et
796 3640 1223 3694 structurarum
1292 3634 1581 3696 rationem
1636 3633 1938 3695 subiectae
1997 3631 2292 3694 vocalibus
2349 3633 2585 3692 nomina
2645 3650 2747 3692 sua
2775 3647 2826 3690 ao

208 3733 445 3802 efficiunt,
494 3745 563 3796 ut
608 3735 676 3796 ef
708 3734 761 3796 el
794 3753 887 3797 em
918 3753 989 3796 en
1020 3754 1086 3797 er
1116 3755 1181 3796 es
1208 3755 1297 3797 ex.
1350 3737 1451 3798 secl
1489 3754 1595 3815 per
1641 3756 1705 3798 se
1753 3734 2034 3816 syllabam
2081 3735 2274 3796 facere
2319 3752 2436 3795 non
2483 3740 2747 3812 possunt,

206 3835 393 3896 scilicet
432 3841 721 3917 quoniam
752 3838 1131 3900 semivocales
1168 3837 1414 3906 litterae,
1462 3841 1509 3899 si
1540 3841 1696 3900 inter
1727 3857 1790 3900 se
1825 3839 2198 3908 misceantur,
2242 3855 2451 3898 sonum
2496 3835 2749 3916 syllabae

210 3934 369 3998 tacere
412 3957 529 3999 non
570 3941 983 4018 reperiuntur,
1028 3947 1091 4000 ut
1133 3948 1273 4019 puta
1317 3939 1357 4001 ss
1402 3958 1491 3999 ms
1532 3959 1597 4000 rx
1646 3958 1742 4009 ns;
1789 3947 1848 4000 et
1891 3941 2056 4011 ideo,
2103 3947 2168 4000 ut
2207 3941 2488 4008 diximuS,
2535 3955 2644 4016 per
2685 3955 2750 3999 se
2801 3965 2817 3984 ε

208 4041 549 4108 semivocales
594 4040 877 4121 syllabam
932 4041 1125 4103 sac-ere
1168 4059 1288 4102 non
1333 4049 1597 4122 possunt.
1691 4061 1759 4103 ex
1811 4042 1900 4103 his
1955 4051 2180 4111 autem,
2233 4041 2290 4102 id
2331 4046 2420 4101 est
2459 4058 2529 4100 ex
2573 4041 2747 4100 semi·

210 4141 497 4213 vocalibus,
560 4163 595 4204 x
652 4141 848 4205 littera
908 4133 1122 4223 duplex
1176 4145 1233 4204 in
1286 4146 1489 4205 metris
1546 4147 1663 4206 sive
1721 4147 2032 4206 structuris
2083 4144 2402 4212 iudicatur,
2462 4141 2747 4221 siquidem
2774 4153 2826 4195 ss

208 4245 601 4317 geminatarum
651 4245 863 4306 barum
904 4247 1348 4306 consonantium
1388 4264 1535 4308 sono
1582 4247 1874 4324 fungatur,
1923 4246 1978 4307 id
2025 4255 2114 4306 est
2158 4265 2224 4323 gs
2271 4251 2370 4306 aut
2413 4261 2493 4310 cs,
2539 4250 2606 4304 ut
2643 4260 2749 4302 rex

212 4350 255 4401 st
284 4361 421 4425 regs,
462 4350 561 4428 pix
615 4356 676 4409 et
714 4350 860 4426 pies,
934 4351 1103 4411 'nunc
1148 4351 1319 4410 etiam
1374 4349 1487 4410 hoc
1538 4349 1860 4410 secundum
1921 4348 2146 4428 aliquos
2193 4345 2748 4425 reprehendendum

211 4455 305 4515 est,
352 4451 505 4528 quod
562 4450 707 4510 huic
750 4449 970 4530 duplici
1010 4449 1267 4520 litterae,
1316 4451 1373 4511 id
1414 4457 1504 4511 est
1544 4470 1608 4520 x,
1660 4451 1734 4511 ad
1783 4449 2115 4528 exemplum
2166 4450 2496 4527 genetivum
2548 4437 2762 4508 casum'

324 4617 383 4669 to
410 4583 588 4671 vecors
621 4637 653 4670 ο
684 4635 894 4671 uaecors
928 4621 977 4671 R
1112 4619 1183 4671 20
1217 4620 1477 4671 vocalibus
1513 4637 1543 4671 υ
1578 4620 1843 4671 uocabulis
1881 4619 1926 4670 R
2041 4621 2109 4670 22
2144 4620 2469 4670 consonantis
2503 4627 2552 4668 et
2585 4619 2599 4666 i
2638 4617 2748 4667 loeo

214 4695 285 4735 οι.
312 4688 377 4738 Ro
517 4691 615 4750 ,23
666 4693 807 4741 iuxta
854 4691 1053 4741 vocales
1101 4691 1228 4742 alias
1268 4709 1298 4741 v
1334 4707 1404 4741 ex
1437 4692 1608 4743 codiee
1646 4691 1884 4743 Parisino
1921 4689 2058 4742 7519
2116 4691 2261 4740 iuxta
2308 4699 2500 4740 ceteras
2545 4687 2750 4738 uocales

216 4754 319 4808 alias
349 4759 392 4809 R
529 4759 597 4812 37
642 4763 919 4811 secundum
954 4761 1001 4812 R
1040 4765 1183 4811 iuxta
1217 4777 1275 4811 ru

300 4863 607 4909 omnm.
640 4869 785 4910 mr.
816 4867 941 4909 1111.
2308 4851 2344 4908 4
