3434 5442
669 322 793 384 544
1798 313 2103 398 [8011011]

779 421 815 464 f.
845 422 910 463 63.
939 421 1014 463 63*
1045 422 1138 462 cod.
1168 419 1271 460 Lav.

667 503 848 564 tivum
891 498 1206 582 pluralem,
1253 507 1318 562 ut
1361 499 1432 562 ab
1478 500 1592 564 hoc
1639 502 1777 583 agili
1821 504 2035 565 horum
2080 500 2341 581 agilium.
2432 501 2657 563 dativus
2701 519 2937 582 quoque
2979 511 3038 564 et
3075 501 3211 564 abla-

667 605 818 665 tivus
869 603 930 662 in
987 600 1097 663 bus
1158 600 1438 682 syllabam
1503 604 1776 676 exibunt,
1840 615 1905 666 ut
1957 604 2051 666 his
2116 611 2177 665 et
2229 603 2303 665 ab
2368 602 2461 666 his
2524 602 2793 683 agilibus,
2884 606 3217 664 accusativus

667 723 899 785 quoque
944 703 1188 784 pluralis
1230 706 1290 768 in
1334 707 1384 766 is
1428 705 1712 786 syllabam
1759 706 1969 779 exibit,
2030 707 2133 787 qui
2174 706 2434 767 detracta
2480 724 2509 766 s
2551 704 2753 768 littera
2796 713 2857 766 et
2900 710 3151 786 apposita
3190 726 3215 766 a

667 815 944 868 neutrum
990 823 1175 886 genus
1219 825 1290 868 ex
1334 826 1396 869 se
1441 807 1607 880 facit,
1654 821 1720 871 ut
1761 808 1907 871 haec
1952 807 2163 870 facilia.
2223 827 2263 868 u
2306 807 2497 870 littera
2531 809 2842 868 terminata
2874 815 3107 887 accepta
3134 827 3217 868 001

612 907 882 988 asyllaba
947 908 1168 970 faciunt
1237 910 1555 988 genitivum
1612 909 1929 990 pluralem,
1991 921 2054 972 ut
2109 910 2181 974 ab
2237 911 2355 971 hoc
2419 909 2600 972 fluctu
2668 911 2881 974 horum
2940 908 3215 976 fluctuum,

667 1010 859 1071 dativo
905 1019 965 1073 et
1011 1009 1260 1072 ablativo
1303 1011 1397 1072 his
1441 1021 1500 1073 et
1543 1012 1616 1074 ab
1663 1013 1755 1074 his
1798 1012 2091 1075 fluctibus,

833 1111 1012 1176 Casus
1065 1120 1203 1174 sunt
1261 1132 1396 1184 sex,
1453 1117 1846 1176 nominativus
1903 1116 2191 1194 genitivus
2246 1115 2473 1176 dativus
2528 1113 2893 1176 accusativus
2952 1113 3217 1172 vocativus

665 1212 967 1276 ablativus.
1059 1216 1448 1277 nominativus
1509 1218 1675 1295 quasi
1732 1219 2125 1297 propositivus
2181 1215 2254 1278 ab
2310 1219 2437 1296 ipsa
2493 1216 2976 1278 denominatione
3032 1213 3214 1274 dictus

665 1317 962 1395 genitivus
1007 1317 1106 1396 qui
1148 1317 1375 1396 primus
1419 1317 1632 1380 flexum
1678 1315 2087 1381 declinationis
2130 1317 2420 1389 ostendit,
2463 1325 2529 1380 ut
2570 1325 2709 1398 puta
2752 1318 2805 1378 si
2848 1316 3013 1377 dicas
3054 1317 3219 1376 ‘cuius

591 1432 640 1474 10
665 1419 856 1496 gentis
912 1417 1074 1480 est2'
1133 1419 1526 1500 respondetur
1581 1421 1975 1492 Graecorum,
2046 1429 2107 1482 et
2159 1422 2351 1500 gentis
2408 1427 2467 1481 et
2522 1421 2885 1482 Graecorum
2950 1419 3219 1497 genitivus

665 1528 771 1581 est.
861 1518 1115 1592 dativuS,
1171 1528 1239 1583 ut
1292 1529 1435 1602 puta
1489 1523 1540 1584 si
1593 1524 1755 1586 dicas
1812 1524 1920 1585 ‘da
1975 1541 2162 1602 puero
2184 1529 2219 1594 ’,
2280 1522 2415 1584 11010
2471 1540 2657 1603 puero
2713 1523 2841 1602 ipse
2888 1527 2979 1582 est
3021 1519 3221 1581 dativus

665 1639 851 1684 casus.
940 1625 1330 1695 accusativuS,
1389 1633 1454 1686 ut
1505 1629 1562 1686 si
1613 1625 1804 1688 dicam
1862 1631 2108 1687 ‘accuso
2177 1624 2337 1686 hunc
2395 1633 2455 1685 et
2509 1640 2678 1686 reum
2706 1623 2867 1698 ,dico
2932 1620 3221 1683 cuiuslibet

663 1724 804 1784 facti
823 1729 859 1796 ²,
906 1724 1064 1786 hunc
1108 1742 1276 1786 reum
1321 1729 1683 1788 accusativus
1738 1735 1845 1791 est.
1933 1728 2258 1796 vocativus,
2316 1745 2458 1788 voco
2502 1733 2562 1787 et
2606 1725 2737 1787 dico
2784 1730 2857 1786 ‘o
2902 1724 3217 1804 magister'.

664 1824 948 1888 ablativus
990 1826 1064 1888 ab
1111 1826 1431 1889 auferendo
1477 1827 1699 1901 dictus,
1748 1829 1913 1892 aufer
1956 1828 2029 1891 ab
2074 1847 2164 1892 eo.

586 1944 634 1986 15
831 1927 1084 1991 Formae
1137 1929 1400 1992 casuales
1453 1940 1592 1993 sunt
1643 1951 1777 2006 sex,
1834 1932 2098 2001 senaria,
2157 1931 2454 2010 quinaria,
2511 1930 2915 2010 quaternaria,
2964 1929 3217 1999 ternaria,

665 2029 918 2101 binaria,
964 2030 1213 2111 simplex
1257 2031 1347 2094 vel
1390 2035 1554 2094 unita
1603 2031 1726 2114 [vel
1770 2041 2115 2115 monoptota
2174 2030 2551 2113 appellatur].
2640 2031 2871 2094 senaria
2918 2031 3105 2092 forma
3146 2039 3221 2090 est

663 2149 814 2212 quae
867 2133 929 2193 in
985 2133 1258 2196 omnibus
1310 2153 1413 2197 sex
1469 2133 1700 2198 casibus
1759 2137 1917 2198 varia
1965 2137 2173 2211 forma
2230 2133 2637 2196 declinationis
2690 2133 2962 2205 effertur,
3023 2142 3089 2194 ut
3148 2141 3221 2192 est

661 2252 814 2298 unus
857 2233 1044 2296 solus:
1103 2235 1368 2318 dicimus⁸
1405 2240 1564 2299 enim
1619 2237 1718 2299 hic
1772 2257 1925 2302 unus
1979 2239 2153 2300 huius
2206 2238 2380 2300 unius
2434 2236 2571 2298 huic
2628 2237 2728 2297 uni
2770 2234 2933 2296 hunc
2978 2253 3153 2296 unum
3192 2253 3221 2294 0

667 2355 784 2398 0110
827 2335 900 2398 ab
944 2337 1060 2399 hoc
1101 2356 1238 2400 uno.
1327 2340 1595 2420 quinaria
1640 2340 1859 2414 forma,
1918 2359 2051 2403 cum
2109 2339 2335 2402 dativus
2380 2347 2440 2400 et
2496 2336 2779 2399 ablativus
2832 2339 3132 2398 sociantur
3168 2338 3221 2397 111

585 2457 636 2497 20
662 2438 1180 2512 declinationibus,
1237 2448 1302 2504 ut
1357 2441 1563 2504 doctus
1614 2442 1869 2522 probus:
1939 2425 2186 2504 dicimus
2242 2441 2399 2503 enim
2457 2441 2595 2501 huic
2648 2439 2823 2501 docto
2880 2445 2941 2500 et
2995 2438 3067 2500 ab
3123 2438 3221 2499 1100

661 2541 866 2613 docto,
917 2548 1147 2604 ceteros
1192 2561 1360 2604 casus
1405 2542 1591 2607 aliter.
1665 2547 2041 2626 quaternaria
2084 2545 2304 2614 forma,
2352 2560 2485 2604 cum
2532 2542 2923 2603 nominativus
2968 2550 3026 2601 et
3070 2559 3220 2600 voca·

665 2644 820 2706 tivus
862 2644 1163 2706 sociantur
1205 2645 1267 2706 in
1312 2644 1833 2718 declinationibuS,
1880 2654 1945 2709 ut
1987 2666 2085 2708 res
2128 2665 2291 2728 spes:
2352 2643 2600 2706 dicimus
2644 2644 2803 2704 enim
2847 2643 2997 2705 haec
3039 2661 3133 2702 res
3174 2651 3224 2703 et

661 2765 697 2807 o
741 2762 865 2817 res,
938 2746 1081 2807 item
1146 2749 1400 2827 genitivo
1465 2758 1524 2810 et
1577 2749 1769 2812 dativo
1824 2751 1998 2812 huius
2052 2750 2139 2810 rei
2192 2747 2332 2809 11010
2374 2747 2493 2816 rei,
2560 2755 2791 2808 ceteros
2834 2763 3005 2806 casus
3046 2745 3220 2805 aliter.

663 2849 918 2909 ternaria
962 2856 1082 2920 est,
1140 2866 1275 2910 cum
1331 2852 1723 2914 nominativus
1778 2853 2139 2915 accusativus
2196 2849 2489 2911 vocativus
2530 2849 2830 2910 sociantur
2873 2847 2933 2907 in
2982 2846 3221 2908 declina·

582 2966 633 3010 25
659 2948 946 3020 tionibus,
994 2958 1061 3012 ut
1103 2969 1406 3013 scamnum
1437 2955 1753 3024 scrinium,
1798 2955 1940 3016 item
1973 2953 2197 3016 dativus
2242 2961 2301 3014 et
2344 2950 2656 3020 ablativus,
2702 2958 2769 3010 ut
2811 2949 2953 3011 huic
2998 2967 3222 3011 scamno

669 3058 728 3113 et
770 3050 843 3114 31)
888 3051 1003 3113 hoc
1047 3071 1308 3116 scamno.
1397 3074 1516 3116 non
1572 3058 1769 3118 minus
1826 3057 2001 3118 etiam
2056 3056 2205 3117 haec
2248 3055 2438 3115 forma
2484 3055 2545 3114 in
2592 3049 3004 3114 communibus
3046 3053 3219 3112 nomi·

659 3151 832 3217 nibus
859 3155 910 3215 is
950 3152 1160 3216 litteris
1203 3155 1380 3218 finitis
1411 3165 1528 3230 est,
1574 3159 1639 3220 in
1670 3157 1883 3239 quibus
1912 3158 2305 3220 nominativus
2348 3155 2640 3236 genitivus
2669 3155 2965 3217 vocativus
3008 3154 3218 3215 socian-

658 3263 780 3328 tur,
829 3263 894 3318 ut
936 3256 1123 3321 facilis
1165 3257 1360 3338 agilis,
1407 3260 1631 3323 dativus
1677 3269 1735 3322 et
1778 3260 2062 3322 ablativus
2091 3260 2231 3321 huic
2258 3257 2417 3321 facili
2462 3265 2523 3318 et
2564 3256 2638 3318 ab
2668 3255 2785 3317 hoc
2814 3254 2992 3316 facili.
3039 3255 3220 3333 biper-

657 3359 762 3419 tita
805 3359 994 3420 forma
1039 3367 1128 3421 est
1169 3379 1320 3442 quae
1363 3363 1425 3423 in
1471 3361 1835 3425 neutralibus
1881 3360 2217 3424 nominibus
2258 3381 2301 3423 u
2328 3363 2527 3422 littera
2560 3361 2747 3432 finitis
2780 3367 2893 3430 est,
2926 3361 2987 3418 in
3030 3359 3222 3433 quibus

581 3457 686 3545 3011
735 3462 1130 3524 nominativus
1171 3466 1535 3527 accusativus
1579 3467 1873 3527 vocativus
1916 3466 2243 3534 sociantur,
2291 3470 2355 3524 ut
2398 3479 2554 3542 genu
2612 3479 2783 3522 veru:
2842 3478 2979 3521 nam
3028 3461 3219 3538 geniti·

660 3582 794 3625 vum
837 3563 1095 3624 dativum
1141 3573 1200 3627 et
1243 3565 1557 3628 ablativum
1603 3575 1879 3648 segregat
1920 3566 1993 3629 ab
2038 3567 2131 3629 his
2168 3567 2503 3644 productim
2593 3563 2843 3625 dicimus
2872 3565 3033 3622 enim
3064 3561 3220 3622 buius

663 3683 820 3745 genu
864 3665 1002 3728 huic
1047 3683 1202 3745 genu
1247 3668 1321 3729 ab
1365 3669 1478 3730 hoc
1523 3687 1696 3750 genu.
1788 3669 1948 3731 unita
2008 3667 2097 3730 vel
2143 3666 2393 3748 simplex
2436 3657 2625 3728 foi-ma
2669 3675 2760 3728 est
2804 3682 2957 3744 quae
3000 3665 3065 3726 iu
3106 3681 3216 3725 mo-

659 3769 916 3848 noptotis
958 3768 1297 3832 nominibus
1339 3771 1664 3844 invenitur,
1720 3782 1783 3834 ut
1838 3772 1993 3851 frugi
2039 3789 2311 3852 nequam.
2400 3767 2650 3830 dicimus
2694 3767 2851 3829 enim
2897 3767 3037 3828 huic
3078 3765 3218 3844 frugi

655 3871 818 3933 hunc
861 3871 1018 3950 frugi
1061 3889 1096 3931 o
1142 3871 1318 3952 frugi.
1405 3872 1652 3953 pluralis
1694 3893 1836 3936 vero
1883 3891 2166 3936 numerus
2209 3880 2309 3935 aut
2351 3870 2789 3952 quaternariam
2832 3869 3085 3930 formam
3128 3869 3217 3927 ha-

580 3990 630 4030 ³5
657 3973 758 4036 bet
805 3980 905 4034 aut
946 3975 1286 4036 ternariam.

831 4129 864 4178 2
902 4128 952 4178 in
989 4128 1086 4179 bus
1119 4129 1316 4195 syllaba
1352 4130 1400 4179 L
1565 4130 1881 4180 accusativus
1918 4144 2118 4195 quoque
2165 4130 2215 4179 in
2266 4129 2311 4180 is
2354 4125 2605 4192 syllabam
2646 4127 2830 4191 exibit,
2880 4126 2966 4190 qui
3014 4125 3219 4177 detracta

655 4199 915 4251 Charisius
947 4200 1037 4249 acc
1074 4215 1276 4264 quoque
1309 4199 1460 4265 plura-t
1489 4200 1538 4249 in
1579 4202 1624 4251 is
1655 4199 1902 4267 syllabam
1931 4211 2117 4250 exeunt
2148 4199 2267 4263 quia
2309 4199 2533 4249 detracta
2566 4196 2614 4245 L
2717 4195 2751 4248 3
2786 4211 2817 4246 a
2852 4212 2944 4247 om.
2974 4197 3041 4254 L.
3074 4197 3219 4251 add,l

833 4271 896 4320 12
931 4272 976 4320 si
1008 4287 1099 4323 om.
1145 4273 1190 4322 L
1336 4268 1398 4321 13
1437 4266 1579 4337 facti]
1625 4270 1745 4321 facit
1790 4271 1833 4319 L
1972 4270 2037 4322 14
2071 4268 2218 4319 aufer
2254 4269 2315 4320 ab
2354 4283 2431 4319 eo.
2473 4267 2650 4318 aufero
2694 4265 2863 4316 aufert
2900 4277 3064 4332 praet.
3098 4264 3213 4332 perf.

657 4337 780 4390 facit
827 4340 1034 4394 abstulit
1071 4355 1168 4391 11011
1207 4340 1342 4390 enim
1378 4340 1617 4390 infertum
1652 4350 1729 4391 est
1767 4340 1891 4390 facit
1927 4340 2021 4392 sed
2057 4340 2284 4402 inlatum,
2329 4352 2427 4389 non
2468 4337 2718 4387 aufer-tam
2752 4335 2843 4388 sed
2878 4336 3097 4387 ablatam
3130 4349 3216 4384 11011

655 4411 982 4462 transfertum
1021 4412 1112 4464 sed
1139 4411 1455 4465 translatum.
1493 4411 1706 4461 Formae
1736 4411 1929 4461 casales
1957 4411 2005 4460 L
2138 4410 2203 4461 15
2240 4409 2450 4458 Formae
2490 4406 2723 4457 casuales
2756 4433 2821 4442 —
2852 4408 2922 4458 35
2958 4407 3213 4456 ternariam

657 4480 852 4534 charis.
888 4497 944 4546 p.
975 4483 1104 4535 123:
1143 4481 1211 4544 cf.
1255 4479 1410 4533 Prob.
1441 4483 1506 4530 de
1533 4495 1658 4532 nom.
1692 4496 1749 4544 p.
1786 4481 1888 4532 223
1916 4481 1995 4532 ed.
2032 4480 2184 4533 Vinci.
2332 4477 2397 4529 16
2434 4477 2598 4528 forma
2636 4486 2712 4527 est
2747 4491 2877 4540 quae
2914 4479 2967 4526 in
2999 4477 3213 4526 omnibus

657 4564 748 4600 sex
787 4551 987 4603 casibus
1025 4555 1196 4604 uarias
1233 4551 1586 4601 declinationis
1615 4553 1634 4600 1
1670 4551 1834 4601 forma
1870 4550 2224 4600 declinationis
2262 4549 2387 4613 (rel.
2419 4547 2537 4612 orn.)
2568 4549 2765 4599 uidetur
2794 4547 2962 4609 fuisse
2994 4549 3044 4596 in
3080 4547 3125 4595 L

655 4621 724 4670 24
762 4621 1105 4672 nominatiuus
1140 4636 1290 4673 casus
1328 4622 1386 4672 1ἴο
1423 4620 1582 4686 (corr.
1616 4633 1664 4671 et
1697 4623 1739 4686 l)
1768 4623 2035 4671 uocatiuus
2071 4619 2120 4668 L
2292 4620 2361 4672 29
2400 4633 2530 4682 quae
2568 4619 2645 4682 (in
2680 4617 2800 4666 add.
2839 4612 2885 4680 l)
2924 4617 3213 4666 neutralibus

656 4691 944 4741 nominibus
991 4689 1002 4758 Ι
1050 4691 1361 4742 nominatiuo
1405 4693 1696 4742 accusatiuo
1732 4692 1964 4742 uocatiuo
2003 4691 2259 4740 sociantur
2290 4691 2455 4753 spatio
2492 4697 2603 4740 octo
2646 4687 2764 4750 fere
2800 4702 3029 4738 ver-sm
3050 4688 3101 4738 in
3122 4687 3215 4748 flac

652 4762 871 4824 paginae
903 4776 1061 4812 vacuo
1087 4765 1262 4814 relicto
1297 4762 1378 4814 L.-
1409 4763 1751 4826 supplementa
1779 4760 2021 4825 praebuit
2056 4760 2317 4811 Charisius
2485 4757 2548 4810 31
2587 4757 2854 4824 productio
2886 4773 2981 4810 om.
3006 4757 3070 4822 L,
3100 4754 3210 4806 add.

653 4829 914 4882 Charisius
1483 4867 1492 4878 .
