3434 5442
660 328 781 391 160
1162 338 1173 345 “
1839 326 2068 389 PROBI

790 472 805 485 .
832 444 993 485 sesso
1020 443 1073 483 a.
2821 454 2866 494 ρ.
2893 440 3062 483 asson
3089 441 3146 483 v.

661 457 1133 593 qua'mpersectffi
1201 531 1353 591 quae
1420 520 1511 574 est
1574 519 1633 573 et
1688 512 2056 574 recordativa
2113 513 2234 573 sive
2299 519 2523 573 exacta.
2611 530 2770 575 nunc
2835 513 2950 574 inae
3019 514 3252 592 species

661 636 835 696 quem
882 616 955 677 ad
1000 615 1241 676 modum
1284 614 1483 675 verbis
1526 614 1858 675 deserviant
1905 621 1966 675 et
2007 634 2038 674 a
2081 632 2200 694 quo
2239 620 2508 693 tempore
2549 614 2708 685 fiant,
2760 616 2822 675 in
2853 613 3252 675 declinatione

654 719 965 798 probatur.
2385 728 2390 736 '

826 821 910 881 De
952 827 1218 880 accentu.
1307 826 1585 880 accentus
1644 816 1996 888 verborum,
2055 818 2140 878 sic
2181 819 2270 877 uti
2315 826 2375 878 et
2417 823 2748 879 ceterarum
2797 819 3059 896 partium
3113 836 3252 878 ora·

603 951 627 989 5
657 924 855 989 tionis,
904 924 964 981 in
1008 923 1171 982 sonis
1215 928 1597 998 conpetenter
1640 918 2040 981 tractabimus,

826 1022 1149 1085 Deciinatio
1189 1025 1417 1102 primae
1450 1023 1878 1101 coniugationis
1919 1022 2158 1082 activae.
2211 1019 2402 1099 probo
2444 1020 2689 1081 verbum
2725 1022 2976 1083 activum
3019 1021 3249 1081 indica-

655 1128 771 1186 tivo
814 1126 936 1185 sive
978 1126 1417 1203 pronuntiativo
1458 1124 1634 1184 modo
1679 1124 1899 1184 dictum
1949 1124 2232 1201 temporis
2275 1126 2605 1201 praesentis
2649 1124 2770 1185 sive
2814 1124 3088 1184 instantis
3137 1142 3248 1185 nu-

656 1229 805 1287 meri
850 1226 1165 1303 singularis
1215 1228 1441 1303 figurae
1482 1225 1768 1305 simplicis
1823 1237 2116 1304 personae
2159 1226 2414 1302 primae,
2473 1224 2632 1302 quod
2685 1223 3082 1285 declinabitur
3139 1226 3247 1285 sic.

652 1328 830 1389 modo
870 1328 1183 1389 indicativo
1228 1330 1512 1408 temporis
1544 1328 1872 1408 praesentis
1917 1328 2152 1388 numeri
2181 1325 2498 1405 singularis
2535 1325 2728 1405 probo
2759 1326 2980 1406 probas
3007 1326 3246 1405 probat,

580 1455 631 1496 ιο
658 1432 893 1492 numeri
937 1428 1185 1509 pluralis
1227 1429 1552 1508 probamus
1594 1427 1860 1507 probatis
1897 1427 2181 1507 probant:
2229 1428 2440 1489 eodem
2477 1427 2654 1489 modo
2695 1436 2962 1507 tempore
3006 1434 3248 1507 praete-

654 1533 769 1592 rito
822 1533 1021 1610 specie
1076 1532 1421 1609 imperfecta
1486 1533 1607 1592 sive
1660 1532 1857 1592 minus
1918 1530 2096 1609 quam
2153 1529 2412 1607 perfecta
2473 1527 2561 1591 vel
2615 1530 2946 1591 inchoativa
3009 1531 3248 1591 numeri

652 1633 969 1713 singularis
1010 1631 1337 1712 probabam
1380 1627 1679 1711 probabas
1721 1632 2045 1711 probabat,
2105 1632 2340 1693 numeri
2379 1629 2626 1709 pluralis
2662 1630 3064 1710 probabamus
3099 1650 3244 1709 pro·

651 1734 881 1795 babatis
924 1732 1287 1812 probabant:
1334 1734 1543 1796 eodem
1588 1735 1766 1795 modo
1809 1734 2018 1795 eodem
2055 1741 2324 1812 tempore
2367 1736 2566 1813 specie
2603 1734 2862 1813 perfecta
2907 1737 3032 1796 sive
3065 1734 3246 1795 abso-

651 1836 773 1897 luta
828 1838 1061 1898 numeri
1104 1835 1417 1913 singularis
1466 1836 1711 1915 probavi
1755 1854 1872 1897 non
1928 1835 2168 1915 probai‚
2231 1834 2498 1912 probasti
2553 1854 2674 1895 non
2729 1834 3044 1914 probaisti,
3102 1853 3248 1914 pro-

578 1964 625 2003 ιε,
651 1937 810 1998 bavit
850 1955 967 1997 non
1013 1938 1278 2017 probait;
1322 1939 1557 1999 numeri
1601 1938 1846 2017 pluralis
1891 1938 2273 2017 probavimus
2317 1956 2434 1999 non
2477 1937 2839 2017 probaimus,
2881 1937 3247 2015 probavistis

652 2050 712 2101 et
746 2039 1061 2119 probastis,
1106 2040 1510 2118 probaverunt
1548 2048 1609 2101 et
1650 2040 1984 2121 probarunt
2027 2047 2087 2101 et
2127 2039 2486 2117 probavere:
2557 2040 2769 2101 eodem
2813 2040 2990 2101 modo
3031 2040 3248 2101 eodem

649 2149 919 2221 tempore
968 2144 1167 2219 specie
1225 2142 1802 2222 plusquamperfecta
1855 2144 1976 2203 sive
2029 2141 2396 2203 recordativa
2451 2140 2544 2202 vel
2587 2150 2790 2202 exacta
2847 2143 3082 2203 numeri
3123 2143 3247 2203 sin-

650 2243 871 2319 gularis
923 2241 1313 2322 probaveram
1368 2252 1426 2306 et
1469 2244 1818 2322 probaram,
1873 2243 2236 2323 probaveras
2287 2250 2345 2303 et
2399 2241 2720 2321 probaraS,
2779 2242 3142 2322 probaverat
3185 2251 3250 2304 et

650 2343 963 2421 probarat:
1031 2348 1267 2406 numeri
1321 2344 1567 2423 pluralis
1622 2345 2087 2425 probaveramus
2141 2352 2201 2405 et
2239 2343 2668 2424 probaramuS,
2727 2344 3140 2423 probaveratis
3185 2352 3252 2405 et

574 2470 627 2510 20
653 2446 1015 2524 probaratiS‚
1076 2446 1468 2537 probaverant
1524 2455 1584 2508 et
1635 2447 1990 2526 probarant:
2059 2446 2270 2507 eodem
2323 2447 2500 2507 modo
2556 2454 2824 2526 tempore
2871 2446 3074 2508 futuro
3119 2448 3248 2508 sive

650 2549 999 2625 promissivo
1062 2549 1239 2609 modo
1302 2550 1537 2611 numeri
1580 2548 1896 2628 singularis
1955 2547 2226 2627 probabo
2281 2548 2568 2627 probabis
2623 2547 2934 2626 probabit,
3005 2550 3250 2609 numeri

652 2648 897 2729 pluralis
939 2650 1325 2729 probabimus
1353 2650 1679 2729 probabitis
1716 2649 2076 2729 probabunt.
2167 2649 2344 2711 modo
2382 2652 2730 2729 imperativo
2767 2658 3034 2729 tempore
3065 2668 3248 2728 prae-

650 2752 801 2811 senti
844 2753 965 2812 sive
1004 2753 1244 2813 instanti
1294 2753 1369 2814 ad
1420 2754 1740 2815 secundam
1800 2760 1860 2813 et
1899 2748 2150 2834 ten-utiam
2193 2769 2508 2829 personam
2567 2759 2791 2813 tantum
2837 2754 3072 2813 numeri
3117 2754 3246 2811 sin-

650 2852 873 2931 gularis
914 2853 1101 2932 proba
1146 2854 1389 2933 probet,
1437 2858 1673 2917 numeri
1714 2852 1957 2933 pluralis
1998 2852 2246 2931 probate
2287 2854 2572 2933 probent:
2615 2854 2824 2915 eodem
2869 2854 3046 2915 modo
3087 2861 3248 2915 tem-

572 2978 624 3019 25
650 2973 799 3034 pore
841 2955 1041 3017 futuro
1084 2959 1318 3017 numeri
1362 2956 1677 3033 singularis
1723 2955 1972 3035 probato
2017 2954 2303 3034 probato,
2365 2957 2598 3017 numeri
2641 2955 2886 3035 pluralis
2923 2955 3248 3035 probatote

652 3058 971 3135 probunto.
1064 3059 1237 3119 modo
1282 3060 1512 3120 infinito
1556 3060 1678 3119 sive
1723 3066 2010 3137 perpetuo
2063 3059 2330 3118 numeris
2367 3064 2427 3118 et
2467 3060 2740 3137 personis
2783 3058 3046 3119 confusis
3089 3065 3247 3118 tem·

652 3156 815 3240 polre
857 3162 1155 3239 praesenti
1196 3161 1317 3221 sive
1356 3163 1595 3221 instanti
1638 3160 1926 3239 probare,
1986 3166 2255 3239 tempore
2298 3162 2620 3237 praeterito
2663 3159 2948 3239 probasse
2993 3167 3054 3221 et
3097 3178 3246 3240 pro·

649 3260 907 3332 bavisse,
957 3269 1227 3341 tempore
1274 3263 1471 3324 futuro
1523 3262 1842 3342 probatum
1883 3264 1991 3323 ire.
2083 3262 2260 3321 modo
2309 3263 2564 3339 optativo
2623 3268 2892 3341 tempore
2937 3265 3246 3340 praesenti

647 3363 769 3424 sive
811 3365 1052 3424 instanti
1116 3366 1351 3426 numeri
1406 3364 1720 3442 singularis
1783 3366 2006 3425 utinam
2063 3362 2342 3442 probem,
2411 3365 2633 3425 utinam
2691 3363 2940 3443 probeS,
3008 3365 3244 3425 utinam

572 3488 623 3529 30
647 3463 888 3543 probet;
954 3468 1187 3526 numeri
1232 3465 1477 3546 pluralis
1528 3468 1752 3527 utinam
1796 3465 2164 3545 probemus„
2207 3467 2430 3527 utinam
2469 3465 2765 3543 probetis,
2823 3468 3050 3526 utinam
3095 3484 3244 3545 pro-

648 3565 821 3627 bent:
880 3567 1089 3627 eodem
1130 3568 1307 3627 modo
1357 3574 1623 3645 tempore
1664 3569 1984 3647 praeterito
2028 3569 2227 3646 specie
2269 3568 2615 3646 imperfecta
2659 3570 2780 3628 sive
2819 3570 3016 3629 minus
3055 3587 3242 3647 quam

614 3663 619 3669 ”
648 3666 909 3745 perfecta
938 3668 1027 3729 vel
1054 3668 1386 3730 inchoativa
1428 3673 1659 3731 numeri
1687 3669 2002 3749 singularis
2039 3671 2261 3730 utinam
2293 3668 2632 3747 probarem,
2672 3672 2894 3730 utinam
2927 3668 3242 3747 probares,

648 3769 873 3829 utinam
912 3767 1223 3847 probarem
1283 3774 1520 3832 numeri
1562 3770 1808 3849 pluralis
1855 3774 2078 3833 utinam
2123 3772 2545 3851 probaremus,
2609 3773 2832 3833 utinam
2879 3770 3240 3849 probaretis,

647 3873 871 3931 utinam
916 3870 1269 3949 probarent:
1326 3874 1531 3933 eodem
1577 3873 1756 3934 modo
1795 3874 2004 3934 eodem
2049 3882 2319 3953 tempore
2359 3874 2556 3951 specie
2597 3874 2862 3951 perfecta
2899 3876 3022 3935 sive
3061 3873 3242 3935 abso-

572 3993 623 4035 35
649 3972 773 4036 luta
818 3976 1053 4035 numeri
1094 3975 1409 4053 singularis
1452 3977 1674 4037 utinam
1718 3974 2094 4054 probaverim
2139 3982 2198 4037 et
2239 3975 2575 4055 probarim,
2617 3977 2841 4036 utinam
2885 3976 3245 4055 probaveris

648 4083 709 4137 et
750 4075 1042 4155 probariS,
1088 4078 1309 4137 utinam
1353 4075 1693 4155 probaverit
1731 4085 1791 4139 et
1829 4078 2128 4156 probarit:
2185 4078 2420 4138 numeri
2457 4076 2704 4155 pluralis
2747 4080 2974 4138 utinam
3015 4078 3242 4157 proba-

643 4179 899 4239 verimus
942 4184 1003 4239 et
1044 4178 1450 4257 probarimus,
1506 4181 1734 4240 utinam
1777 4179 2166 4258 probaveritis
2219 4187 2277 4240 et
2319 4178 2666 4258 probaritiS,
2730 4182 2956 4241 utinam
3015 4180 3242 4259 proba-

643 4282 833 4341 verint
877 4287 938 4341 et
978 4281 1317 4359 probarint:
1366 4280 1575 4341 eodem
1618 4282 1796 4342 modo
1843 4282 2054 4343 eodem
2096 4288 2370 4359 tempore
2411 4282 2610 4360 specie
2651 4279 3242 4361 plusquamperfecta

646 4383 767 4445 sive
808 4382 1175 4444 recordativa
1217 4382 1308 4443 vel
1362 4390 1567 4443 exacta
1612 4385 1846 4443 numeri
1893 4383 2212 4462 singularis
2263 4385 2484 4445 utinam
2539 4382 2944 4463 probavissem
2987 4392 3050 4445 et
3095 4403 3240 4464 pro-

568 4496 619 4537 40
649 4482 913 4553 bassem,
967 4486 1187 4547 utinam
1230 4482 1603 4564 probavisses
1646 4492 1705 4545 et
1739 4485 2080 4563 probasseS,
2135 4487 2354 4547 utinam
2394 4485 2760 4565 probavisset
2795 4492 2853 4547 et
2891 4486 3240 4564 probasset:

704 4676 713 4687 ’
785 4664 817 4713 5
852 4663 1177 4714 tractabimus
1214 4680 1245 4713 r
1276 4666 1601 4715 tractauimus
1638 4664 1739 4715 RB
1919 4664 1979 4713 14
2017 4665 2245 4729 probasti
2283 4680 2382 4715 non
2422 4664 2702 4731 probabisti
2743 4665 2844 4714 RB
3025 4664 3092 4716 15
3139 4682 3240 4715 non

647 4732 848 4797 probait
881 4732 932 4781 B
968 4747 1067 4782 non
1106 4734 1343 4799 probabit
1378 4735 1425 4785 B
1536 4749 1635 4784 non
1674 4733 1972 4799 probaimus
2009 4750 2068 4784 ru
2105 4750 2204 4785 non
2239 4736 2568 4799 probabimus
2606 4735 2654 4784 R
2797 4735 2861 4785 16
2891 4733 2940 4783 ei
2973 4738 3244 4799 probastis

648 4802 729 4852 Br
763 4810 813 4851 et
842 4802 1155 4868 probauistis
1189 4804 1235 4853 R
1375 4805 1444 4853 22
1481 4805 1814 4869 probauimus
1849 4805 2135 4869 probauitis
2169 4804 2268 4855 RB
2405 4806 2474 4858 26
2507 4805 2754 4869 probanto
2791 4804 2968 4853 Maius
