3434 5442
709 351 729 409 1
747 348 829 409 56
988 385 991 387 v
1617 336 1621 340 ’
1882 350 2110 413 PROBl

808 478 850 515 p.
880 464 1055 503 esa-si
1089 464 1139 503 n.
2869 478 2912 519 p.
2942 464 3036 507 aaa.
3057 465 3108 505 ει
3139 463 3195 505 v.

706 536 956 603 tiativuS,
996 536 1407 612 promissivus,
1451 536 1608 614 quod
1655 543 1744 595 est
1787 542 1844 597 ct
1881 537 2142 598 futurum
2185 546 2418 615 tempus
2457 538 2616 598 modi
2664 538 2992 608 indicativi,
3041 538 3301 615 impera-

706 638 885 705 tivuS‚
945 637 1231 705 infinituS,
1292 639 1391 715 qui
1436 646 1524 697 est
1578 648 1635 698 et
1691 645 2044 717 perpetuuS,
2105 642 2420 716 optativus,
2479 642 2910 708 coniunctivuS,
2963 640 3064 718 qui
3113 646 3204 699 est
3245 647 3300 699 et

704 738 1015 805 iunctivuS,
1064 735 1481 826 inpersoqnaliS,
1530 740 1798 816 gerundi.
1890 759 2049 801 nunc
2092 741 2182 809 hi,
2226 759 2401 820 quem
2451 741 2520 801 ad
2570 740 2806 800 modum
2851 740 3052 801 verbis
3093 741 3302 801 deser·

707 839 878 909 viant,
927 841 984 898 in
1030 839 1421 900 declinatione
1465 840 1818 918 probantur.

654 964 680 1003 5
880 939 963 999 De
1008 959 1274 1001 numero.
1368 944 1599 1002 numeri
1645 941 1962 1003 verborum
2003 949 2142 1003 sunt
2181 950 2332 1012 tres,
2387 944 2701 1021 singularis
2745 942 2989 1021 pluralis
3031 962 3300 1004 commu-

704 1044 813 1101 niS.
864 1060 1063 1101 vnunc
1114 1042 1204 1111 hi,
1268 1060 1443 1121 quem
1492 1043 1561 1104 ad
1620 1045 1862 1105 modum
1914 1044 2108 1105 verbis
2163 1045 2530 1113 deserviant,
2588 1046 2648 1104 in
2707 1044 3100 1105 declinatione
3159 1064 3300 1123 pro-

704 1142 939 1203 bantur.

876 1245 960 1305 De
1005 1262 1277 1323 persona.
1366 1264 1658 1323 personae
1714 1247 2029 1309 verborum
2097 1255 2234 1309 sunt
2297 1255 2448 1319 tres,
2515 1250 2707 1328 prima
2775 1248 3034 1309 secunda
3101 1252 3298 1309 tertia.

705 1365 864 1408 nunc
906 1346 1037 1415 hae,
1085 1364 1259 1425 quem
1306 1346 1378 1407 ad
1419 1348 1659 1408 modum
1706 1348 1900 1410 verbis
1943 1350 2292 1418 deserviant,
2337 1352 2395 1409 in
2441 1348 2834 1411 declinatione
2878 1350 3231 1429 probantur.

634 1470 680 1513 ιο
881 1448 965 1509 De
1007 1466 1225 1535 genere
1256 1450 1375 1509 sive
1406 1447 1697 1527 qualitate.
1770 1468 1957 1529 genus
1993 1454 2115 1512 sive
2153 1450 2400 1531 qualitas
2443 1450 2761 1511 verborum
2804 1458 2941 1511 octo
2979 1452 3072 1511 his
3115 1454 3300 1529 signi-

706 1547 1076 1610 ficationibus
1131 1549 1519 1628 intellegitur,
1580 1551 1635 1611 id
1682 1558 1772 1612 est
1825 1554 2005 1613 activa
2050 1556 2276 1631 passiva
2321 1552 2574 1613 neutrali
2633 1553 2950 1631 deponenti
2993 1557 3300 1613 communi

707 1651 1034 1711 inchoativa
1082 1650 1502 1731 frequentativa
1547 1652 1850 1714 defectiva.

878 1753 961 1813 De
1008 1770 1227 1830 genere
1283 1756 1403 1813 sive
1458 1752 1738 1834 qualitate
1785 1758 1988 1818 activa.
2079 1759 2312 1835 generis
2365 1758 2486 1817 sive
2535 1755 2827 1835 qualitatis
2877 1758 3102 1817 activae
3161 1767 3306 1817 sunt

704 1854 913 1923 verba,
975 1873 1129 1934 quae
1182 1855 1491 1917 indicativo
1546 1859 1665 1917 sive
1727 1860 2164 1937 pronuntiativo
2221 1858 2396 1917 modo
2453 1858 2738 1937 temporis
2789 1859 3120 1936 praesentis
3179 1860 3302 1919 sive

632 1977 681 2018 ιε
705 1957 973 2018 instantis
1008 1975 1079 2017 ex
1126 1958 1313 2035 prima
1346 1976 1601 2036 persona
1645 1962 1881 2020 numeri
1923 1959 2240 2036 singularis
2277 1978 2312 2019 o
2346 1958 2540 2019 littera
2585 1960 2980 2019 terminantur
3022 1977 3136 2020 nec
3177 1979 3302 2019 non

706 2061 767 2118 in
810 2076 1182 2137 quocumque
1230 2058 1405 2119 modo
1452 2067 1510 2120 et
1554 2060 1625 2119 ad
1670 2076 1860 2136 genus
1903 2062 2022 2121 sive
2065 2059 2402 2139 qualitatem
2446 2054 2734 2139 passivam
2790 2060 3194 2129 declinantur,
3236 2068 3306 2120 ut

704 2168 845 2239 puta
892 2158 1082 2238 probo
1129 2168 1187 2220 et
1229 2158 1483 2237 probor,
1546 2162 1732 2223 doceo
1787 2169 1846 2221 et
1889 2163 2137 2231 doceor,
2171 2159 2197 2246 ΙΙ
2225 2162 2358 2240 lego
2404 2170 2464 2224 et
2505 2162 2699 2239 legor,
2757 2164 2926 2241 rapio
2974 2170 3033 2223 et
3075 2163 3302 2241 rapior,

707 2264 903 2323 nutrio
964 2270 1023 2321 et
1073 2264 1326 2322 nutrior.
1414 2264 1499 2322 sic
1555 2271 1612 2324 et
1672 2263 1782 2324 alia
1840 2264 2048 2332 verba,
2111 2281 2262 2342 quae
2313 2264 2625 2325 indicativo
2689 2265 2808 2325 sive
2863 2266 3304 2341 pronuntiativo

708 2364 883 2423 modo
926 2364 1211 2442 temporis
1258 2366 1583 2441 praesentis
1626 2366 1746 2425 sive
1787 2366 2052 2427 instantis
2107 2386 2177 2426 ex
2220 2368 2411 2443 prima
2459 2384 2714 2445 persona
2757 2369 2991 2427 numeri
3039 2365 3304 2444 singula-

629 2484 681 2525 2⁰
708 2468 791 2526 ris
836 2485 871 2526 o
922 2466 1115 2528 littera
1166 2466 1558 2527 terminantur
1614 2485 1724 2527 nec
1767 2486 1886 2528 non
1943 2470 2000 2528 in
2053 2486 2426 2548 quocumque
2471 2468 2647 2529 modo
2707 2475 2765 2529 et
2807 2468 2878 2528 ad
2933 2486 3120 2545 genus
3175 2470 3306 2529 sive

707 2567 1045 2647 qualitatem
1089 2567 1379 2645 passivam
1410 2566 1691 2629 declinari
1729 2576 1995 2646 possunt,
2043 2571 2212 2631 activi
2241 2572 2476 2647 generis
2518 2568 2942 2649 vel-qualitatis
2981 2586 3112 2630 esse
3157 2587 3306 2648 pro-

706 2670 1068 2731 nuntiantur.
2330 2728 2342 2738 ‚

879 2772 963 2833 De
1002 2788 1221 2849 genere
1266 2773 1387 2833 sive
1432 2770 1710 2850 qualitate
1747 2773 1990 2850 passiva.
2065 2774 2304 2851 generis
2347 2775 2466 2833 sive
2506 2771 2807 2851 qualitatis
2849 2772 3115 2849 passivae
3161 2782 3310 2833 sunt

707 2874 916 2943 verba,
982 2890 1133 2951 quae
1191 2872 1502 2934 indicativo
1558 2876 1679 2934 sive
1735 2876 2173 2954 pronuntiative
2229 2875 2406 2935 modo
2463 2876 2745 2951 temporis
2794 2876 3124 2952 praesentis
3177 2876 3307 2935 sive

628 2992 679 3033 π
706 2976 976 3037 instantis
1016 2994 1085 3035 ex
1131 2978 1317 3053 prima
1366 2994 1617 3053 persona
1660 2978 1896 3037 numeri
1930 2976 2244 3053 singularis
2289 2996 2320 3036 r
2361 2976 2554 3037 littera
2595 2965 2990 3037 terminantur
3028 2994 3142 3037 nec
3175 2994 3306 3036 non

705 3080 765 3137 in
812 3094 1187 3156 quocumque
1248 3078 1424 3138 modo
1481 3087 1537 3139 et
1578 3079 1649 3138 ad
1695 3096 1883 3155 genus
1927 3080 2048 3139 sive
2101 3077 2438 3155 qualitatem
2481 3080 2726 3138 activam
2779 3075 3180 3147 declinantur,
3237 3086 3308 3138 ut

706 3189 850 3258 puta
906 3177 1130 3258 probor
1184 3186 1241 3239 et
1290 3180 1509 3259 probo,
1570 3181 1790 3241 doceor
1850 3187 1908 3240 et
1951 3180 2169 3250 doceo,
2227 3179 2394 3257 legor
2437 3187 2498 3239 et
2539 3178 2702 3255 lego,
2759 3180 2960 3256 rapior
2997 3186 3056 3239 et
3103 3182 3302 3259 rapio,

706 3284 939 3342 nutrior
994 3288 1053 3341 et
1100 3282 1316 3341 nutrio.
1408 3283 1492 3341 sic
1558 3288 1616 3342 et
1672 3280 1782 3341 alia
1831 3282 2039 3352 verba,
2103 3300 2254 3361 quae
2307 3281 2624 3342 indicativo
2689 3282 2811 3341 sive
2859 3282 3306 3357 pronuntiative

706 3384 885 3445 modo
926 3384 1206 3459 temporis
1248 3386 1579 3462 praesentis
1622 3385 1744 3444 sive
1787 3386 2058 3444 instantis
2111 3402 2182 3445 ex
2223 3385 2415 3463 prima
2462 3400 2714 3461 persona
2761 3384 2992 3443 numeri
3037 3384 3304 3460 singula-

628 3498 681 3540 ao
708 3488 791 3546 ris
828 3503 858 3544 r
901 3484 1092 3545 littera
1155 3486 1543 3546 terminantur
1594 3504 1707 3545 nec
1757 3502 1876 3546 non
1925 3486 1984 3544 in
2043 3503 2420 3564 quocumque
2463 3484 2640 3545 modo
2701 3494 2760 3546 et
2813 3484 2884 3545 ad
2943 3502 3131 3563 genus
3179 3487 3306 3545 sive

708 3585 1048 3665 qualitatem
1104 3587 1350 3646 activam
1410 3584 1695 3646 declinari
1759 3595 2038 3665 possunt,
2106 3588 2320 3665 passivi
2373 3589 2608 3665 generis
2671 3585 2762 3647 vel
2816 3586 3111 3666 qualitatis
3171 3606 3306 3648 esse

707 3688 1181 3765 pronuntiantur.
1236 3686 1242 3763 1

880 3786 965 3847 De
1014 3805 1235 3865 genere
1294 3790 1413 3849 sive
1474 3788 1752 3867 qualitate
1809 3791 2081 3854 neutrali.
2172 3792 2406 3868 generis
2474 3792 2595 3850 sive
2661 3788 2953 3868 qualitatis
3016 3791 3308 3851 neutralis

709 3896 847 3950 sunt
889 3887 1097 3957 verba,
1162 3908 1313 3967 quae
1369 3890 1677 3951 indicativo
1730 3894 1851 3953 sive
1901 3894 2338 3970 pronuntiativo
2397 3891 2574 3952 modo
2633 3891 2916 3968 temporis
2967 3894 3308 3968 praesentis

629 4001 681 4042 ³⁵
709 3994 831 4051 sive
874 3992 1139 4051 instantis
1184 4010 1253 4051 ex
1296 3994 1488 4069 prima
1528 4009 1780 4070 persona
1821 3995 2052 4054 numeri
2087 3993 2402 4071 singularis
2445 4012 2482 4052 o
2520 3992 2712 4052 littera
2755 3993 3152 4053 terminantur
3189 4010 3310 4053 nec

707 4096 770 4153 in
828 4093 1023 4171 aliquo
1074 4094 1252 4153 modo
1305 4093 1377 4154 ad
1436 4112 1623 4171 genus
1672 4096 1796 4155 sive
1849 4094 2184 4173 qualitatem
2241 4097 2530 4173 passivam
2589 4092 2988 4164 declinantur,
3041 4102 3106 4154 ut
3159 4102 3308 4173 puta

708 4195 919 4274 vapulo
950 4212 1069 4254 non
1116 4195 1377 4273 vapulor,
1426 4214 1599 4256 careo
1640 4214 1758 4256 non
1799 4214 2028 4265 carcor,
2075 4216 2252 4257 curro
2290 4214 2408 4256 non
2447 4214 2676 4264 curror,
2723 4197 2890 4274 pario
2919 4212 3041 4255 non
3075 4197 3306 4275 parior,

709 4299 877 4359 venio
922 4316 1037 4357 non
1086 4299 1305 4367 vanior,
1354 4316 1499 4357 exeo
1546 4316 1661 4357 nnn
1708 4317 1906 4359 exeor.
1995 4301 2079 4358 sic
2125 4306 2184 4359 et
2221 4296 2329 4359 alia
2372 4298 2582 4367 verba,
2631 4315 2782 4376 quae
2821 4296 3140 4357 indicativo
3183 4298 3310 4358 sive

710 4401 1147 4481 pronuntiative
1206 4399 1385 4459 modo
1442 4402 1728 4478 temporis
1778 4398 2106 4480 praesentis
2159 4402 2280 4462 sive
2332 4400 2602 4461 instantis
2667 4418 2739 4460 ex
2798 4400 2988 4478 prima
3044 4417 3308 4478 persona

848 4606 881 4653 2
920 4604 1005 4666 qui
1041 4612 1118 4653 est
1155 4611 1204 4653 et
1238 4604 1493 4653 iunctiuus
1528 4620 1620 4654 om.
1664 4604 1724 4667 R,
1763 4605 1889 4654 add.
1925 4604 1977 4655 B
2114 4606 2179 4656 21
2214 4606 2606 4671 pronuntiantur
2637 4620 2698 4654 νυ
2733 4606 3095 4669 pronuntiatur
3133 4604 3178 4655 R

711 4673 774 4723 31
822 4674 1019 4737 passini
1054 4690 1112 4722 νυ
1148 4683 1197 4723 et
1229 4675 1423 4739 passini
1456 4674 1505 4724 R
1679 4674 1748 4725 32
1785 4676 2176 4742 pronuntiantur
2211 4692 2270 4726 νυ
2307 4678 2665 4740 pronuntiatur
2699 4676 2746 4725 R
2911 4675 2977 4725 37.
3017 4676 3166 4739 pario
3203 4690 3304 4723 non

712 4744 886 4808 perior
923 4758 953 4790 r
991 4744 1137 4809 rapio
1177 4757 1275 4791 nou
1314 4745 1486 4807 perior
1512 4744 1559 4793 R
1594 4746 1741 4809 rapio
1775 4758 1876 4793 non
1915 4746 2090 4809 rapior
2116 4746 2167 4794 B
2203 4748 2350 4811 sapio
2383 4760 2484 4795 non
2523 4746 2698 4809 sepior
2733 4747 2946 4794 coniecit
2981 4746 3148 4794 editor
3179 4746 3306 4793 Vin-

712 4812 1011 4863 dobonensis
1151 4811 1219 4862 39
1256 4828 1317 4862 ex
1349 4814 1400 4862 B
1433 4814 1485 4862 in
1523 4812 1569 4864 R
