3434 5442
968 315 1358 378 le'flTv'rA
1406 315 1687 392 ARTIVM
1731 315 2020 378 93-103
2401 310 2404 314 ’
2693 315 2766 378 61

290 445 336 483 p.
366 427 457 473 iss.
478 431 533 474 το
564 433 619 475 n.
2357 442 2399 482 ῃ.
2428 429 2519 471 245.
2541 429 2591 470 4⁶
2620 429 2674 471 v.

210 503 407 580 gradus
460 521 533 562 ex
592 520 661 564 se
714 503 909 564 facere
962 510 1235 582 possunt,
1296 502 1445 563 haec
1502 503 1557 562 in
1618 503 1809 564 dativo
1867 521 2004 563 casu
2055 502 2288 564 numeri
2341 501 2654 580 singularis
2702 518 2776 561 or

213 604 477 685 syllabam
527 606 831 684 accipiunt
869 613 926 665 et
968 606 1427 683 comparativum
1470 604 1717 682 gradum
1763 605 1996 682 generis
2033 605 2125 666 sui
2171 611 2394 664 tantum
2438 602 2772 674 ostendunt,

172 695 271 768 'ut
302 715 439 786 puta
484 706 583 767 hic
632 725 813 768 senex
859 706 995 766 huic
1038 708 1166 768 seni
1209 705 1305 766 bic
1343 707 1539 766 senior
1584 706 1778 767 facere
1821 705 2050 768 debeat.
2141 715 2198 768 at
2231 725 2373 766 vero
2416 705 2562 766 haec
2597 722 2775 783 gene-

214 811 285 869 ris
344 807 662 869 masculini
722 811 988 879 nomina,
1041 827 1191 888 quae
1248 808 1497 870 diximus
1557 809 1615 868 in
1675 809 1922 886 positivo
1979 808 2164 886 gradu
2221 808 2580 869 nominativo
2637 824 2776 868 casu

216 911 434 971 numeri
478 911 797 988 singularis
842 931 912 972 ex
952 911 1159 971 litteris
1196 910 1456 978 definiri,
1514 909 1902 989 superlativos
1947 910 2162 988 gradus
2219 911 2414 971 facere
2455 908 2774 988 probiben-
2825 935 2852 974 5

216 1020 318 1080 tur,
360 1013 585 1073 scilicet
620 1013 893 1092 quoniam
938 1013 1085 1074 haec
1117 1013 1322 1074 eadem
1360 1030 1535 1091 supra
1570 1011 1758 1072 dictae
1803 1012 2026 1072 formae
2060 1011 2294 1072 nomina
2329 1013 2389 1070 in
2425 1009 2776 1090 superlativo

214 1114 391 1192 gradu
448 1131 661 1175 sonum
718 1115 935 1194 pedum
1000 1117 1059 1174 in
1106 1115 1310 1175 metris
1352 1114 1441 1174 vel
1504 1114 1561 1174 in
1608 1115 1920 1175 structuris
1985 1111 2262 1175 exhibere
2329 1129 2444 1172 non
2509 1119 2772 1191 possunt.

214 1233 345 1276 sane
385 1217 503 1277 hoc
542 1233 867 1286 monemus,
904 1217 1061 1297 quod
1104 1215 1253 1278 haec
1292 1216 1550 1278 eiusdem
1597 1232 1775 1295 supra
1820 1216 2006 1276 dictae
2051 1215 2274 1276 formae
2318 1216 2552 1275 nomina
2598 1231 2776 1292 gene·

138 1343 145 1352 ·
212 1319 289 1377 ris
329 1317 551 1378 scilicet
595 1317 931 1388 masculini,
976 1320 1025 1378 si
1068 1324 1355 1396 cogantur
1400 1335 1470 1379 ex
1517 1320 1714 1396 specie
1759 1336 1860 1378 sua
1909 1325 1966 1379 et
2007 1317 2240 1396 ‘generis
2282 1317 2538 1377 feminini
2581 1316 2778 1378 facere

212 1421 473 1490 nomina,
516 1420 673 1500 quod
712 1421 861 1481 haec
899 1421 1105 1482 eadem
1148 1420 1383 1499 generis
1438 1419 1699 1482 seminini
1747 1421 1980 1480 nomina
2035 1437 2143 1498 per
2185 1420 2628 1479 inmutationem
2679 1435 2774 1479 re·
2803 1437 2852 1483 xo

212 1523 511 1600 periantur
554 1539 683 1582 esse
726 1520 1008 1591 anomala,
1054 1528 1118 1583 ut
1160 1531 1297 1601 puta
1342 1521 1441 1582 hic
1486 1540 1662 1583 senex
1706 1520 1854 1582 haec
1900 1539 2044 1583 anus
2087 1521 2282 1583 facere
2327 1520 2554 1585 debeat.
2619 1538 2775 1582 nunc

212 1625 377 1683 etiam
426 1622 541 1683 boc
584 1641 894 1685 monemus
936 1627 993 1684 in
1028 1625 1143 1685 hac
1182 1625 1369 1685 forma
1418 1625 1651 1702 generis
1692 1622 2032 1692 masculini,
2079 1641 2193 1702 qua
2231 1623 2482 1683 diximus
2521 1623 2580 1684 in
2623 1624 2776 1701 posi·

212 1727 319 1784 tivo
370 1724 561 1801 gradu
616 1726 969 1786 nominativo
1024 1745 1162 1787 casu
1217 1728 1451 1786 numeri
1499 1724 1812 1803 singularis
1866 1727 2100 1786 nomina
2145 1743 2217 1785 ex
2268 1725 2475 1786 litteris
2529 1724 2776 1794 definiri,

212 1826 359 1906 quod
406 1845 479 1887 ex
522 1845 589 1888 ea
634 1828 821 1888 forma
865 1827 1003 1906 plus
1040 1846 1215 1910 quam
1270 1835 1388 1889 tres
1434 1830 1596 1896 soni,
1654 1828 1769 1888 ho'c
1808 1835 1898 1888 est
1941 1845 2116 1906 quam
2167 1829 2280 1888 tria
2329 1829 2596 1898 nomina,
2657 1842 2776 1886 non

210 1931 431 2006 possint
474 1927 761 1990 exhiberi.
850 1928 923 1991 de
968 1930 1155 1990 forma
1208 1930 1441 2009 generis
1484 1929 1817 2000 masculini,
1875 1947 1990 2011 qua
2044 1932 2104 1990 in
2147 1930 2395 2008 positivo
2439 1929 2624 2008 gradu
2671 1945 2776 1988 no·
2805 1947 2856 1992 ns

212 2032 485 2090 minatis-o
531 2049 673 2092 casu
718 2033 947 2094 numeri
998 2030 1310 2108 singularis
1364 2033 1598 2092 nomina
1657 2051 1730 2092 ex
1775 2030 1982 2093 litteris
2039 2032 2424 2102 definiuntur,
2481 2049 2654 2110 quem
2705 2029 2776 2090 ad

210 2133 445 2194 modum
500 2151 575 2194 ex
624 2151 688 2194 se
748 2135 1173 2212 comparativ'os
1225 2133 1441 2212 gradus
1502 2152 1613 2195 nec
1668 2151 1785 2194 non
1843 2141 1901 2195 et
1958 2135 2192 2194 nomina
2253 2133 2527 2194 feminina
2584 2131 2778 2194 faeere

210 2237 431 2315 possint
496 2235 589 2296 vel
619 2231 646 2318 ΙΙ
690 2237 842 2296 intra
903 2243 1183 2315 quantum
1247 2253 1555 2297 numerum
1624 2253 1753 2298 esse
1819 2239 2223 2314 reperiantur,
2289 2241 2568 2315 quantum
2629 2235 2778 2294 ratio

208 2336 502 2416 poscebat,
551 2339 944 2400 tractavimus
2013 2319 2030 2338 ⁶

370 2439 459 2501 De
500 2457 593 2500 us,
684 2458 1087 2520 quaecumque
1132 2441 1363 2502 nomina
1411 2441 1644 2519 generis
1692 2439 1998 2500 masculini
2051 2440 2108 2500 in
2154 2440 2396 2518 positivo
2444 2436 2628 2516 gradu
2669 2453 2772 2497 no·
2803 2458 2856 2503 m

208 2542 480 2602 minativo
540 2561 683 2604 casu
736 2543 967 2604 numeri
1010 2541 1343 2619 ‘singularis
1401 2560 1471 2602 us
1523 2541 1731 2603 litteris
1793 2541 2208 2611 definiuntur,
2246 2542 2295 2602 si
2351 2540 2780 2618 comparativos

208 2647 420 2724 gradus
476 2663 551 2706 ex
597 2663 662 2706 se
705 2645 900 2707 facere
952 2651 1227 2722 possunt,
1280 2643 1426 2704 haec
1478 2645 1539 2704 in
1586 2646 1852 2721 genetivo
1899 2662 2036 2704 casu
2083 2643 2313 2705 numeri
2357 2640 2668 2721 singularis
2710 2659 2778 2704 or
2868 2649 2872 2654 '

208 2745 487 2826 syllabam
532 2747 832 2826 accipiunt
874 2753 931 2808 et
975 2745 1431 2825 comparativum
1484 2746 1730 2823 gradum
1779 2749 2014 2822 generis
2057 2747 2388 2808 communis
2433 2745 2776 2814 ostendunt;

206 2848 426 2910 scilicet
494 2851 773 2928 quoniam
826 2849 1183 2927 quicumque
1240 2846 1617 2925 comparativi
1673 2847 1893 2926 gradus
1947 2850 2300 2910 nominativo
2355 2865 2494 2908 casu
2554 2847 2782 2907 numeri

208 2951 523 3029 singularis
568 2951 659 3009 ior
704 2947 909 3009 litteris
966 2949 1324 3011 definiuntur
1379 2955 1437 3011 et
1480 2968 1595 3010 non
1650 2945 1856 3012 ex'illa
1903 2952 2188 3028 positione
2242 2950 2498 3019 formae,
2551 2965 2662 3028 qua
2708 2967 2776 3009 ex
2805 2969 2856 3010 π

206 3071 421 3131 genere
460 3051 791 3113 masculino
831 3054 1180 3114 nominativo
1226 3070 1366 3114 casu
1413 3054 1642 3114 numeri
1686 3052 1996 3132 singularis
2037 3071 2108 3113 ex
2151 3051 2357 3113 litteris
2401 3053 2636 3112 nomina
2681 3049 2780 3112 de·

206 3157 519 3224 finiuntur,
566 3155 769 3215 venire
813 3153 1246 3232 intelleguntur,
1289 3153 1299 3234 Ι
1337 3155 1397 3215 hi
1438 3157 1673 3234 generis
1718 3157 2047 3215 communis
2089 3173 2218 3215 esse
2260 3155 2670 3233 reperiuntur,
2719 3161 2784 3214 ut

194 3265 341 3348 puta
382 3257 484 3318 hic
522 3256 737 3317 doctus
775 3257 945 3317 buius
990 3257 1149 3317 docti
1193 3256 1290 3318 hic
1334 3264 1394 3318 et
1436 3257 1581 3318 haec
1624 3257 1853 3318 doctior
1896 3257 2090 3317 facere
2130 3255 2358 3318 debeat.
2439 3272 2593 3316 nunc
2635 3255 2784 3316 haec

206 3361 407 3424 eadem
467 3377 653 3437 supra
718 3358 853 3419 dicti
908 3360 1143 3436 generis
1196 3359 1464 3430 nomina,
1523 3377 1672 3439 quae
1729 3359 1978 3420 diximus
2036 3361 2097 3419 in
2156 3375 2333 3437 supra
2384 3359 2539 3419 dicto
2595 3358 2782 3434 gradu

208 3463 567 3524 nominativo
598 3480 736 3522 casu
784 3462 1015 3522 numeri
1041 3459 1351 3538 singularis
1396 3479 1571 3540 supra
1608 3460 1758 3520 dicta
1801 3461 1988 3534 forma
2030 3459 2202 3528 finiri,
2245 3461 2300 3520 in
2346 3461 2612 3538 genetivo
2643 3475 2780 3520 casu
2806 3479 2859 3522 so

208 3567 437 3626 numeri
479 3564 796 3642 singularis
836 3581 907 3623 us
951 3561 1229 3642 syllabam
1277 3565 1573 3641 accipiunt
1616 3570 1673 3624 et
1716 3581 1834 3623 non
1881 3570 2100 3624 tantum
2147 3565 2602 3642 comparativum
2649 3579 2783 3640 gra-

212 3669 343 3728 dum
385 3666 628 3744 generis
687 3666 881 3725 neutri
938 3664 1037 3725 sed
1084 3671 1143 3724 et
1182 3665 1592 3726 adverbiorum
1642 3666 1990 3734 ostendunt;
2049 3665 2272 3726 scilicet
2320 3666 2597 3745 quoniam
2655 3665 2784 3745 qui-

216 3788 465 3852 cumque
512 3767 893 3846 comparativi
950 3766 1167 3845 gradus
1215 3768 1567 3827 nominativo
1614 3785 1754 3828 casu
1808 3769 2039 3828 numeri
2081 3766 2394 3846 singularis
2442 3768 2536 3827 ius
2579 3765 2786 3828 litteris

220 3871 605 3939 definiuntur,
653 3868 713 3930 hi
756 3887 873 3929 non
921 3876 1142 3930 tantum
1195 3872 1428 3946 generis
1470 3871 1663 3931 neutri
1708 3870 1810 3930 sed
1862 3877 1920 3932 et
1975 3869 2386 3931 adverbiorum
2433 3887 2563 3931 esse
2613 3887 2786 3948 repe-

222 3975 469 4042 riuntur,
518 3978 585 4033 ut
627 3978 765 4050 puta
809 3971 907 4031 bic
951 3972 1157 4032 doctus
1198 3971 1371 4032 liuius
1416 3971 1602 4040 docti,
1670 3972 1900 4035 doctius
1943 3975 2178 4052 utrique
2222 3971 2592 4050 respondeat.
2681 3971 2784 4033 sed
2810 3987 2861 4030 ³5

224 4084 348 4135 tunc
388 4075 451 4136 hi
495 4076 734 4153 generis
790 4075 981 4134 neutri
1023 4093 1151 4135 esse
1204 4075 1613 4152 reperiuntur,
1668 4073 1902 4152 quando
1959 4075 2276 4151 generibus
2331 4076 2553 4134 neutris
2607 4073 2787 4134 iuncti

226 4179 619 4244 inveniuntur,
682 4183 744 4236 ut
793 4183 933 4254 puta
989 4175 1249 4236 ‘doctius
1301 4175 1617 4236 officium’.
1707 4181 1763 4236 at
1810 4195 1948 4237 vero
2005 4177 2241 4255 quando
2296 4193 2412 4236 non
2469 4174 2788 4255 generibus

228 4283 451 4350 neutris,
490 4279 597 4341 sed
638 4295 773 4340 cum
821 4276 929 4338 alia
974 4277 1235 4358 qualibet
1277 4287 1441 4357 parte
1483 4279 1766 4340 orationis
1811 4281 2158 4348 miscentur,
2209 4277 2617 4343 adverbiorum
2657 4293 2786 4338 esse

230 4383 699 4460 pronuntiantur,
766 4386 1023 4470 utputa
1089 4381 1352 4442 ‘doctius
1412 4380 1600 4441 fecit’.
1690 4383 1776 4442 sic
1841 4389 1897 4442 et
1957 4380 2053 4441 alii
2113 4381 2489 4459 comparativi
2549 4379 2784 4456 gradus,

231 4487 443 4562 quando
506 4485 718 4564 generi
782 4491 997 4544 neutro
1056 4481 1147 4544 vel
1210 4482 1443 4563 quando
1507 4481 1796 4545 adverbiis
1835 4483 2284 4562 'respondeant,
2352 4480 2784 4560 intelleguntur.
2813 4495 2866 4538 ao

346 4657 375 4709 3
407 4657 493 4708 hic
524 4652 715 4722 senex]
751 4653 901 4704 Serv.
939 4656 989 4704 in
1014 4653 1142 4705 Don-
1175 4668 1231 4717 p.
1260 4653 1389 4708 1841
1428 4653 1600 4719 Pomp.
1630 4669 1684 4720 p.
1711 4654 1811 4706 128
1837 4655 1916 4704 ed.
1946 4654 2100 4705 Lina.
2245 4653 2310 4704 12
2342 4667 2440 4717 qua
2470 4670 2501 4701 r
2535 4654 2584 4702 in
2615 4669 2714 4716 qus
2744 4653 2790 4704 R

350 4727 409 4779 15
444 4730 496 4778 in
532 4743 629 4778 om.
666 4725 733 4788 R,
778 4725 903 4775 add.
937 4741 969 4773 r
1123 4725 1189 4776 18
1217 4725 1415 4790 possint
1450 4739 1481 4773 r
1512 4731 1729 4790 possunt
1760 4723 1808 4774 R
1949 4727 2016 4776 25
2050 4739 2150 4787 qua
2185 4739 2216 4772 r
2245 4739 2376 4786 quae
2412 4724 2458 4773 R
2595 4725 2664 4774 28
2699 4724 2790 4774 de-

236 4797 359 4848 beant
388 4799 464 4850 Ro
601 4797 674 4850 33
712 4798 797 4846 ius
834 4796 1014 4845 litteris
1048 4810 1078 4845 r
1112 4795 1189 4844 ior
1226 4795 1405 4846 litteris
1442 4795 1487 4846 R
1963 4819 1970 4826 ·
