3434 5442
924 298 1316 405 msrrrv‘rA
1364 344 1641 405 Αιιϊινιι
1687 343 2016 407 469—491
2473 294 2482 302 ’
2637 344 2751 405 121

296 474 333 513 ρ.
356 460 505 501 nau
538 458 589 500 a.
1670 484 1679 493 .
2339 472 2382 514 p.
2409 460 2500 502 aas.
2519 460 2572 502 32
2597 460 2652 503 v.

216 532 349 593 hunc
381 532 517 591 iuris
558 532 852 609 peritum,
924 552 959 591 o
1005 532 1147 593 iuris
1188 533 1402 610 perite,
1472 533 1543 594 ab
1588 533 1703 593 hoc
1752 534 1896 593 iuris
1938 534 2159 611 perito;
2227 534 2457 593 numeri
2513 532 2756 612 pluralis

210 634 258 695 hi
288 635 423 695 iuris
461 635 665 711 periti,
714 634 929 695 boi-um
963 637 1109 696 iuris
1150 637 1476 715 peritorum
1496 683 1511 707 ,
1568 636 1660 697 his
1698 637 1845 697 iuris
1883 637 2118 714 peritiS,
2173 636 2284 695 hos
2322 638 2469 709 iuris
2512 637 2752 715 peritae,

204 756 235 794 ο
272 737 411 798 iuris
448 736 641 815 periti,
682 735 759 797 ab
804 736 897 798 his
940 738 1084 799 iuris
1124 738 1342 816 peritis».
1432 740 1515 799 sic
1560 746 1617 800 et
1659 746 1858 801 cetera
1899 736 2053 799 talia.
2143 742 2280 798 sunt
2315 738 2569 809 nomina,
2609 754 2756 816 quo-

200 856 317 898 rum
360 836 569 900 ambae
614 848 817 917 partes
850 838 1249 907 declinantur,
1298 847 1361 899 ut
1404 847 1541 918 puta
1588 842 1815 901 numeri
1861 840 2173 918 singularis
2216 840 2311 901 hic
2355 838 2528 899 Liber
2566 846 2753 919 pater,

196 941 355 1000 buius
388 939 589 1001 Liberi
634 943 834 1019 patris,
874 940 1012 1002 huic
1040 940 1255 1002 Libero
1283 943 1453 1020 patri,
1496 942 1657 1003 hunc
1688 942 1968 1009 Liberum
1999 949 2247 1021 patrem,
2294 961 2330 1002 o
2361 941 2538 1003 Liber
2567 948 2751 1019 pater,
2806 962 2832 1001 5

194 1042 257 1103 ab
298 1042 415 1103 hoc
454 1042 671 1103 Libero
718 1050 915 1121 patre:
982 1044 1214 1104 numeri
1257 1042 1497 1121 pluralis
1534 1045 1593 1106 hi
1630 1043 1827 1105 Liberi
1873 1052 2096 1123 patres,
2146 1044 2360 1105 horum
2405 1043 2755 1105 Liberorum

192 1152 453 1223 patrum,
499 1144 595 1205 his
629 1144 861 1207 Liberis
897 1145 1191 1224 patribus,
1238 1145 1349 1205 hos
1392 1145 1637 1207 Liberos
1678 1154 1904 1225 patreS,
1953 1166 1990 1207 o
2030 1146 2228 1208 Liberi
2269 1154 2496 1226 patres,
2543 1146 2616 1207 ab
2665 1148 2757 1208 his

191 1245 415 1307 Liberis
456 1246 743 1325 patribus,
831 1265 988 1309 nunc
1036 1248 1153 1309 hoc
1189 1264 1525 1317 monemus,
1584 1249 1742 1327 quod
1797 1251 1915 1311 sint
1959 1248 2163 1329 aliqui,
2225 1251 2324 1329 qui
2380 1250 2495 1311 hoc
2539 1266 2752 1310 nomen

190 1366 499 1410 numerum
546 1348 833 1429 pluralem
876 1350 1069 1410 facere
1108 1349 1310 1410 nolint.
1398 1352 1485 1410 sic
1528 1358 1587 1411 et
1630 1360 1826 1413 cetera
1884 1350 2039 1415 talia.
2129 1361 2264 1412 sunt
2309 1354 2548 1413 nomina
2589 1370 2756 1413 sena·

190 1451 295 1521 ria,
350 1459 423 1512 ut
464 1460 605 1529 puta
652 1470 835 1521 unns;
901 1458 1037 1514 sunt
1086 1454 1323 1513 nomina
1378 1454 1675 1531 quinaria,
1732 1460 1978 1532 utputa
2033 1453 2270 1524 doctus;
2341 1461 2478 1515 sunt
2521 1452 2754 1515 n'omina
2781 1468 2831 1511 ιο

190 1554 597 1632 quaternaria,
654 1562 721 1614 ut
765 1564 905 1633 puta
946 1556 1145 1632 niger;
1207 1562 1345 1616 sunt
1389 1556 1621 1615 nomina
1668 1558 1960 1623 ternaria,
2020 1563 2084 1615 ut
2127 1564 2264 1633 puta
2310 1548 2557 1626 statare;
2623 1562 2760 1617 sunt

188 1654 467 1715 vocabula
512 1655 757 1726 binaria,
802 1662 867 1715 ut
908 1664 1043 1733 puta
1084 1676 1177 1727 se;
1225 1664 1363 1717 sunt
1402 1658 1639 1717 nomina
1682 1658 1965 1725 monaria,
2011 1664 2078 1717 ut
2113 1666 2264 1735 puta·
2295 1676 2500 1718 cornu.

350 1756 677 1817 Declinatio
716 1756 1117 1833 glossematis:
1183 1759 1412 1818 numeri
1451 1756 1766 1837 singularis
1809 1759 1924 1819 hoc
1963 1756 2250 1835 glossema
2303 1756 2500 1840 hulius
2534 1759 2756 1836 glosse-

188 1860 353 1925 matis
396 1858 541 1919 huic
576 1858 909 1937 glossemati
952 1860 1065 1920 hoc
1104 1859 1393 1937 glossema
1438 1880 1473 1920 o
1512 1858 1820 1937 glossema.
1847 1860 1920 1921 ab
1957 1860 2074 1920 hoc
2110 1858 2481 1939 glossemate,
2525 1862 2759 1923 numeri

186 1960 425 2039 pluralis
480 1960 629 2021 haec
671 1959 1021 2039 glossemata
1064 1962 1275 2022 horum
1320 1960 1736 2038 glossematum
1776 1962 1871 2022 his
1917 1961 2366 2041 glossematibus
2411 1964 2558 2025 haec
2601 1964 2832 2041 glos-1⁵

69 2098 79 2106 ·
187 2070 403 2123 seinata
460 2080 497 2121 o
539 2062 891 2140 glossemata
946 2062 1017 2123 ab
1062 2063 1157 2123 his
1193 2062 1661 2141 glossematibus,
1752 2066 1838 2125 sic
1875 2071 1933 2125 et
1975 2063 2082 2125 alia
2135 2066 2371 2141 generis
2413 2068 2608 2126 neutri
2652 2084 2757 2125 no-

186 2166 367 2235 mina,
427 2180 593 2243 quae·
634 2166 987 2227 nominativo
1026 2182 1165 2226 casu
1220 2168 1451 2227 numeri
1510 2165 1826 2244 singularis
1871 2152 1914 2226 a'
1960 2165 2149 2228 littera
2211 2168 2626 2236 terminantur,
2683 2166 2756 2228 ad

186 2267 515 2347 exemplum
560 2266 929 2345 glossematis
982 2286 1091 2348 per
1136 2286 1343 2330 omnes
1384 2286 1554 2329 casus
1598 2267 1988 2330 declinantur.
2077 2285 2216 2329 sane
2275 2269 2388 2329 hoc
2429 2286 2755 2337 monemus,

188 2370 335 2449 quod
380 2387 795 2451 quaecumque
832 2370 1067 2431 nomina
1112 2372 1346 2448 generis
1384 2371 1578 2431 neutri
1614 2371 1970 2431 nominativo
1999 2388 2138 2431 casu
2183 2372 2414 2431 numeri
2447 2369 2760 2447 singularis

188 2492 213 2531 a
248 2471 447 2534 littera
488 2473 901 2541 terminantur,
946 2472 1091 2533 haec
1122 2475 1343 2535 Graeca
1382 2492 1511 2535 esse
1554 2473 1946 2551 reperiantur.
2008 2473 2148 2533 item
2190 2473 2248 2532 in
2285 2472 2376 2532 his
2423 2470 2758 2533 nominibus
2783 2486 2836 2527 ω

186 2574 415 2651 generis
459 2576 684 2644 neutri,
727 2592 879 2654 quae
924 2573 1175 2635 diximus
1217 2574 1467 2636 ablativo
1513 2591 1651 2634 casu
1706 2574 1940 2635 numeri
1983 2572 2297 2652 singularis
2329 2592 2362 2634 a
2405 2573 2598 2635 littera
2640 2580 2760 2635 ter·

188 2677 421 2745 minari,
467 2677 587 2737 hoc
626 2694 955 2747 monemuS,
1004 2677 1159 2755 quod
1204 2677 1319 2737 hoc
1362 2694 1545 2737 unum
1588 2662 1808 2737 nomen
1851 2678 2213 2754 reperiatur,
2262 2676 2420 2755 quod
2465 2684 2524 2737 et
2563 2682 2760 2755 aptote

186 2777 539 2849 declinatur,
599 2778 659 2839 id
706 2785 795 2839 est
835 2780 1071 2849 simma,
1126 2780 1259 2859 quia
1304 2784 1361 2839 et
1404 2779 1946 2865 interpretationem
1999 2778 2226 2840 litterae
2269 2778 2492 2840 habere
2534 2775 2760 2839 intelle-

186 2882 364 2957 gitur-z
421 2880 649 2942 scilicet
700 2880 976 2961 quoniam
1022 2884 1282 2941 nomina
1316 2879 1672 2997 litterarum,
1733 2881 1818 2941 sic
1871 2881 1956 2940 uti
2005 2881 2119 2941 iam
2164 2879 2502 2949 docuimus,
2559 2885 2758 2959 aptote

186 2981 568 3043 declinantur.
602 2979 621 3063 ss
2431 3008 2438 3017 ·
2781 2992 2834 3035 2⁸

346 3082 670 3145 Declinatio
704 3083 1005 3145 Herculis,
1048 3084 1277 3145 numeri
1308 3083 1625 3161 singularis
1656 3084 1752 3145 hic
1781 3082 2066 3145 Hercules
2105 3083 2284 3144 huius
2311 3081 2580 3144 Herculis
2621 3084 2762 3145 huic

188 3184 422 3247 Herculi
483 3185 643 3247 hunc
696 3184 1009 3247 Herculem
1073 3205 1108 3246 o
1148 3185 1432 3247 Hercules
1494 3187 1567 3247 ab
1624 3187 1740 3247 hoc
1791 3185 2064 3247 Hercule.
2153 3186 2269 3246 hoc
2331 3186 2380 3245 si
2445 3203 2758 3247 numerum

189 3286 467 3365 pluralem
514 3288 713 3350 facere
764 3296 1028 3367 cogetur,
1074 3289 1146 3350 ad
1192 3288 1439 3349 formam
1488 3302 1669 3367 snpra
1712 3288 1990 3366 scriptam
2034 3286 2442 3349 declinabitur.

343 3390 671 3453 Declinatio
701 3392 949 3453 Adonis:
998 3392 1225 3453 numeri
1256 3390 1567 3468 singularis
1602 3391 1699 3453 hic
1729 3391 1894 3453 Adon
1937 3390 2114 3451 huius
2145 3372 2362 3451 Adonis
2403 3390 2544 3451 huic
2571 3389 2758 3451 Adoni

192 3492 335 3555 bunc
374 3492 645 3555 Adonem
690 3512 727 3553 o
768 3493 933 3555 Adon
980 3493 1053 3555 ab
1097 3494 1212 3556 hoc
1256 3492 1478 3555 Adone.
2783 3482 2877 3544 ω’

342 3594 679 3658 Declinatio
718 3594 1065 3657 incubonis:
1132 3598 1365 3658 numeri
1407 3596 1722 3675 singularis
1784 3597 1882 3657 hic
1934 3595 2150 3657 incubo
2216 3596 2392 3657 huius
2449 3592 2762 3655 incubonis

194 3698 313 3760 huic
350 3698 647 3760 incuboni
687 3699 847 3760 hunc
885 3698 1241 3761 incubonem
1286 3717 1323 3760 o
1360 3698 1579 3760 incubo
1628 3699 1701 3759 ab
1745 3699 1861 3759 hoc
1904 3698 2218 3759 incubone.
2307 3699 2514 3759 hoc·si
2555 3715 2759 3759 nume·
2815 3760 2820 3765 ,

196 3818 311 3861 rum
352 3800 653 3881 pluralem
700 3802 895 3863 facere
940 3809 1205 3881 cogetur,
1252 3801 1325 3862 ad
1377 3800 1625 3863 sormam
1668 3820 1848 3880 supra
1891 3802 2167 3883 scriptam
2213 3800 2622 3862 declinabitur.

342 3902 679 3965 Declinatio
734 3904 923 3966 senis:
986 3906 1215 3967 numeri
1272 3903 1585 3981 singularis
1638 3904 1770 3964 hic
1760 3921 1970 3963 senex
2023 3903 2197 3964 huius
2241 3902 2398 3965 senis
2452 3904 2592 3964 huic
2635 3902 2760 3963 seni

198 4004 331 4067 hunc
372 4022 591 4068 senem
631 4024 669 4066 o
712 4024 891 4067 senex
928 4006 999 4069 ab
1034 4007 1151 4068 hoc
1190 4024 1362 4076 sene,
1415 4007 1647 4067 numeri
1692 4004 1936 4085 pluralis
1976 4005 2036 4066 hi
2079 4022 2250 4066 senes
2292 4006 2505 4066 horum
2551 4022 2758 4065 senum
2784 4012 2834 4052 ³⁵

200 4106 271 4167 bis
306 4106 559 4169 senibus
595 4108 707 4168 bos
747 4126 919 4170 senes
958 4128 993 4169 o
1036 4126 1208 4170 senes
1251 4109 1323 4171 ab
1365 4108 1457 4169 his
1488 4108 1747 4169 senibuS.
2789 4118 2794 4128 ·

340 4208 673 4271 Declinatio
716 4210 910 4271 bovis:
952 4213 1185 4275 numeri
1222 4210 1535 4289 singularis
1578 4210 1677 4272 hic
1718 4217 1778 4271 et
1815 4210 1962 4270 haec
2005 4208 2130 4278 bos,
2169 4209 2346 4270 huius
2389 4206 2572 4276 bovis,
2619 4206 2759 4268 huic

206 4308 325 4379 bovi,
369 4314 539 4375 hunc
574 4322 637 4375 et
678 4314 833 4375 hanc
873 4313 1101 4383 bovem,
1148 4333 1183 4374 o
1220 4312 1347 4382 bos,
1396 4312 1469 4373 ab
1514 4314 1632 4374 hoc
1678 4320 1738 4375 et
1781 4312 1856 4374 ab
1892 4313 2004 4373 hac
2045 4312 2201 4373 bove
2235 4317 2294 4373 et
2335 4309 2480 4379 boe3
2525 4307 2758 4370 numeri

208 4412 421 4490 pluralis
464 4416 529 4477 bi
580 4424 641 4477 et
682 4416 795 4477 hae
838 4415 1053 4485 boves,
1108 4415 1325 4476 horum
1367 4422 1427 4476 et.
1468 4415 1679 4478 harum
1730 4406 1938 4485 bouin,
1999 4416 2089 4475 his
2134 4412 2358 4482 bubus,
2405 4412 2515 4473 hos
2553 4418 2613 4472 et
2651 4411 2759 4472 has

326 4622 381 4673 u
420 4630 603 4673 statere
638 4638 671 4671 r
700 4628 893 4673 statere
929 4622 975 4672 R
1010 4637 1066 4672 re
1100 4622 1449 4685 superscripto
1481 4628 1611 4671 state
1646 4620 1689 4670 B
1863 4621 1928 4671 12
1965 4584 2214 4670 uocabula
2247 4618 2442 4669 binaria
2470 4616 2519 4668 R
2557 4618 2762 4668 nomina

208 4688 381 4740 binaria
404 4692 454 4742 B
584 4694 655 4744 22
685 4692 831 4755 quod
865 4700 917 4742 et
948 4698 1119 4757 aptote
1155 4690 1435 4741 declinatur
1463 4698 1585 4757 post
1618 4690 1685 4743 23
1725 4690 2040 4757 intellegitur
2072 4688 2258 4739 liabent
2288 4686 2386 4740 RB
2497 4686 2564 4739 23
2603 4688 2764 4739 decli-

210 4769 357 4880 :3:5³
369 4761 727 4894 BB‚d::l·in2ur
755 4762 805 4813 R
980 4762 1149 4829 sigma
1180 4760 1360 4813 Maius
1534 4762 1601 4813 38
1634 4768 1683 4811 et
1717 4763 1781 4828 ab
1814 4759 1912 4811 hae
1945 4774 2040 4813 om.
2081 4758 2195 4821 RB,
2230 4758 2351 4811 add.
2389 4774 2422 4809 r
2577 4758 2648 4809 39
2680 4758 2762 4808 his
