3434 5442
673 312 796 373 454
1850 309 2108 372 SERvn.

772 429 818 468 ρ.
851 415 1052 456 1814—16
1081 416 1123 458 ι».
2820 433 2868 474 p.
2896 421 2989 466 iss.
3010 423 3057 463 99
3082 423 3131 466 v.

672 502 874 555 renter
927 497 1068 574 poni
1120 504 1385 573 possunt.
1476 499 1560 558 sic
1614 495 1831 578 reliqui
1884 516 2119 579 quoque
2172 517 2343 560 casus
2395 499 2664 580 regulam
2720 508 2961 563 sumunt
3012 521 3080 564 ex
3128 523 3210 565 no·

639 647 642 649 Α
673 614 848 659 mlne.

838 699 904 759 ln
951 699 1224 761 omnibus
1270 701 1461 763 verbis
1505 702 1694 763 modis
1740 703 2107 782 temporibus
2152 706 2417 766 numeris
2445 707 2716 784 personis
2746 706 3213 785 coniugationibus

673 800 1014 863 breviantur
1071 822 1130 863 m
1183 812 1250 864 ut
1305 803 1620 872 docebam,
1663 799 1692 887 ΙΙ
1736 824 1767 865 r
1812 811 1875 865 ut
1917 804 2185 882 legebar,
2234 814 2260 867 t
2346 813 2411 867 ut
2471 806 2721 879 faceret,
2803 827 2877 870 us
2938 817 3001 870 ut
3062 813 3211 871 nutri·

622 919 646 959 5
671 922 892 966 remuS.
983 924 1017 964 e
1088 924 1224 965 vero
1285 904 1480 968 littera
1547 906 1726 968 verba
1782 909 2092 970 terminata
2134 907 2507 981 breviantur,
2564 916 2629 970 ut
2674 909 2837 988 lege;
2912 911 3013 972 sed
3060 912 3211 990 impe-

671 1007 843 1067 rativi
887 1007 1047 1068 modi
1093 1007 1351 1069 secunda
1396 1016 1624 1070 tantum
1668 1027 1926 1088 persona
1954 1028 1986 1070 a
2018 1011 2276 1072 secunda
2306 1029 2540 1092 quoque
2585 1013 2995 1090 coniugatione
3026 1020 3211 1075 tantum

672 1107 1050 1188 producitur,
1108 1119 1173 1171 ut
1230 1110 1396 1172 doce.
1486 1130 1548 1172 es
1605 1120 1801 1173 autem
1832 1111 2187 1183 breviatur,
2244 1119 2312 1172 ut
2364 1131 2495 1174 sum
2540 1131 2605 1174 es
2648 1122 2709 1174 et
2750 1120 2949 1176 cetera
2990 1133 3125 1194 quae
3158 1135 3215 1178 ex

673 1211 766 1270 his
822 1214 1078 1290 conponi
1133 1221 1410 1291 possunt,
1467 1223 1532 1274 ut
1583 1213 1788 1274 adsum
1850 1213 2016 1283 adeS,
2066 1231 2301 1294 possum
2349 1222 2545 1294 potes;
2597 1217 2663 1276 in
2716 1214 2848 1276 aliis
2889 1215 3215 1295 producitur,

675 1321 738 1373 ut
783 1312 978 1374 doces.
1054 1316 1104 1374 is
1160 1314 1302 1375 item
1359 1316 1420 1375 in
1479 1314 1739 1376 secunda
1793 1333 2047 1394 persona
2103 1315 2401 1377 indicativi
2456 1315 2617 1379 modi
2660 1326 2805 1378 tunc
2847 1324 3067 1380 tantum
3104 1339 3216 1400 pro-

602 1436 648 1476 10
678 1413 943 1487 ducitur,
991 1435 1124 1477 cum
1170 1434 1203 1476 a
1247 1418 1421 1478 tertia
1467 1417 1879 1496 coniugatione
1909 1417 2195 1496 producta
2225 1419 2478 1490 venerit,
2525 1428 2590 1481 ut
2632 1420 2830 1480 nutrio
2873 1421 3073 1492 nutriS,
3113 1420 3217 1482 volo

676 1518 789 1585 vis;
838 1515 980 1579 alias
1025 1517 1344 1579 breviatur.
1407 1518 1818 1598 producuntur
1863 1528 2058 1581 autem
2103 1539 2137 1580 a
2181 1528 2247 1580 ut
2290 1539 2439 1588 ama,
2485 1523 2506 1580 i
2549 1529 2615 1582 ut
2659 1523 2847 1592 nutri,
2896 1540 2935 1582 u
2978 1529 3039 1584 ut
3074 1521 3215 1593 lectu.

672 1637 737 1680 as
781 1627 846 1681 ut
888 1638 1092 1691 vocaS,
1141 1637 1205 1679 es
1248 1626 1314 1681 ut
1358 1619 1619 1699 legeres,
1669 1640 1701 1681 c
1748 1630 1811 1683 ut
1854 1622 1966 1682 fac.

690 1802 699 1809 ·
840 1721 908 1782 In
977 1721 1252 1783 omnibus
1315 1721 1607 1784 adverbiis
1672 1722 2013 1786 breviantur
2068 1721 2087 1783 l
2144 1732 2209 1784 ut
2262 1721 2477 1794 semel,
2547 1742 2576 1783 r
2631 1732 2697 1786 ut
2752 1726 3003 1804 pariter,
3070 1745 3123 1788 m
3168 1737 3221 1788 ut

675 1831 813 1884 tam.
905 1841 942 1883 n
987 1842 1127 1885 vero
1183 1834 1433 1904 excepto
1491 1843 1609 1886 non
1667 1832 1727 1886 et
1782 1844 1857 1887 en
1911 1825 2131 1906 ubique
2186 1825 2518 1897 breviatur,
2564 1832 2631 1887 ut
2673 1826 2941 1889 forsitan.
3034 1845 3066 1888 e
3105 1826 3216 1889 dum

601 1947 649 1986 15
677 1927 963 1987 [iniuntur
1007 1923 1311 1996 adverbia,
1358 1925 1458 1988 illa
1501 1926 1944 2007 producuntur,
1990 1946 2141 2007 quae
2186 1946 2259 1988 ex
2303 1929 2542 1989 nomine
2584 1929 2831 1990 veniunt
2874 1937 2933 1991 et
2972 1947 3216 2009 conpara·

677 2029 856 2089 tionis
900 2027 1120 2106 gradus
1165 2031 1407 2090 omniuo
1455 2039 1793 2099 reservant,
1841 2037 1907 2092 ut
1950 2029 2121 2091 docte
2166 2028 2393 2091 doctius
2436 2030 2809 2100 doctissime;
2869 2049 3015 2112 quae
3055 2041 3216 2093 autem

678 2150 712 2191 a
756 2148 820 2190 se
865 2136 1216 2202 nascuntur,
1265 2142 1328 2194 ut
1381 2149 1588 2212 saepe,
1649 2140 1751 2193 aut
1794 2150 1913 2193 non
1958 2140 2383 2211 conparantur,
2429 2140 2496 2193 ut
2538 2133 2681 2204 rite,
2728 2140 2831 2194 aut
2870 2134 2933 2193 in
2974 2151 3219 2213 conpara·

680 2234 838 2293 tione
898 2232 1203 2304 deficiunt,
1263 2241 1327 2294 ut
1381 2234 1534 2295 bene
1577 2233 1761 2304 male,
1817 2232 2181 2295 breviantur.
2268 2235 2289 2294 i
2334 2234 2495 2294 finita
2550 2242 2790 2314 praeter
2844 2237 3009 2316 quasi
3061 2245 3114 2298 et
3156 2235 3219 2296 ibi

678 2344 737 2396 et
794 2333 895 2396 ubi
949 2334 1388 2413 producuntur,
1459 2345 1524 2398 ut
1591 2335 1743 2397 heri.
1832 2355 1897 2406 o,
1956 2336 2109 2396 sicut
2171 2337 2235 2397 in
2303 2335 2579 2398 omnibus
2630 2336 2900 2417 partibus
2958 2339 3219 2406 orationis,

604 2455 656 2495 20
683 2435 1091 2498 indifferenter
1146 2439 1418 2517 ponitur,
1487 2446 1552 2500 ut
1607 2437 1776 2499 falso.
1862 2457 1921 2509 S,
1992 2435 2128 2497 dum
2186 2445 2323 2498 aute
2393 2455 2521 2498 eam
2582 2458 2612 2499 a
2667 2437 2965 2510 habuerit,
3020 2421 3219 2520 produ!-

676 2540 856 2608 citur,
904 2548 968 2600 ut
1013 2537 1154 2600 alias
1198 2558 1356 2608 cras;
1405 2539 1573 2601 aliter
1617 2539 1949 2610 breviatur,
1996 2547 2063 2600 ut
2104 2539 2307 2618 magis.
2390 2538 2803 2619 producuntur
2858 2550 3047 2604 autem
3098 2561 3125 2602 a
3172 2549 3223 2602 ut

644 2659 820 2712 -una,
892 2661 930 2701 u
985 2649 1052 2702 ut
1105 2649 1312 2712 noctu,
1378 2660 1411 2701 c
1455 2649 1520 2702 ut
1571 2640 1730 2702 illuc.
1784 2636 1815 2724 H
1865 2640 2141 2702 adverbia
2205 2639 2610 2721 monosyllaba
2666 2642 3045 2723 producenda
3094 2651 3221 2714 sunt.

674 2752 742 2804 ut
785 2741 928 2812 huc,
981 2741 1068 2804 vel
1113 2763 1263 2823 quae
1307 2762 1378 2804 ex
1421 2744 1514 2804 his
1555 2743 1738 2814 fiunt,
1785 2750 1850 2803 ut
1892 2741 2060 2812 illuc,
2108 2745 2367 2823 exceptis
2406 2742 2499 2804 bis
2546 2752 2606 2804 et
2648 2753 2759 2806 ter.

846 2844 1065 2906 Omnes
1143 2845 1269 2906 fere
1339 2845 1786 2906 coniunctiones
1863 2845 2283 2922 corripiuntur.
2373 2845 2476 2906 sed
2554 2865 2705 2927 quae
2772 2865 2805 2908 a
2862 2855 2924 2909 et
2974 2849 2993 2908 i
3053 2849 3222 2909 termi-

600 2978 651 3020 25
679 2955 896 3008 nantur
949 2945 1394 3027 producuntur,
1464 2953 1712 3026 excepto
1756 2948 1833 3007 ita
1882 2955 1941 3008 et
1984 2947 2119 3027 quia
2166 2955 2225 3007 ct
2270 2948 2401 3007 nisi.
2489 2949 2631 3010 item
2688 2967 2843 3029 quae
2895 2951 2957 3010 in
3012 2968 3049 3011 n
3098 2949 3222 3011 desi·

676 3055 840 3120 nunt,
887 3051 938 3110 si
982 3057 1116 3110 ante
1164 3069 1290 3109 eam
1338 3051 1356 3108 i
1401 3048 1743 3118 habuerint,
1793 3048 2230 3128 producuntur,
2278 3056 2343 3110 ut
2386 3049 2497 3110 sin.

842 3151 1222 3212 Accusativac
1277 3151 1771 3230 praepositioneS,
1844 3150 2065 3232 absque
2134 3151 2225 3211 his
2292 3169 2443 3230 quae
2510 3153 2572 3211 in
2642 3171 2673 3212 a
2736 3160 2956 3213 exeunt
3020 3162 3076 3214 et
3130 3171 3225 3214 una

674 3251 1075 3332 monosyllaba
1125 3255 1239 3323 εἰς,
1287 3252 1646 3315 breviantur.
1738 3251 2024 3314 ablativae
2080 3271 2221 3314 vero
2275 3251 2411 3314 illae
2464 3251 2679 3332 longae
2724 3260 2866 3315 sunt
2909 3253 3222 3334 monosylla-

675 3354 815 3425 bae,
864 3373 1012 3433 quae
1057 3362 1158 3416 aut
1188 3353 1487 3416 vocalibus
1531 3361 1835 3425 constant,
1882 3362 1946 3415 ut
1989 3373 2053 3424 a,
2102 3363 2201 3416 aut
2244 3354 2543 3416 vocalibus
2587 3357 3011 3427 terminantur,
3054 3364 3115 3416 ut
3148 3356 3223 3416 de.

597 3487 648 3528 30
677 3457 779 3518 sed
849 3459 1154 3537 utriusque
1211 3476 1380 3518 casus
1439 3459 1906 3536 praepositiones
1962 3475 2169 3517 omnes
2221 3454 2433 3518 breves
2488 3475 2616 3518 esse
2674 3475 2797 3517 non
2854 3457 3087 3520 dubium
3138 3465 3223 3516 est.

677 3578 741 3619 re
801 3567 996 3620 autem
1053 3558 1271 3638 ubique
1327 3558 1652 3631 breviatur,
1708 3567 1775 3620 ut
1832 3560 2103 3628 remitto,
2152 3565 2401 3638 excepto
2446 3577 2581 3620 cum
2627 3557 2816 3619 refert
2860 3559 3033 3622 distat
3072 3560 3223 3638 signi-

675 3661 836 3731 ficat,
886 3668 950 3721 ut
996 3668 1086 3722 est
1128 3659 1270 3720 illud
2130 3651 2139 3664 '

977 3771 1378 3842 praeterea
1423 3764 1564 3822 iam
1612 3780 1749 3822 nec
1793 3764 2065 3823 mutari
2111 3760 2386 3842 pabula
2434 3762 2701 3832 refert,

675 3872 735 3925 et
778 3884 899 3925 uno
943 3863 1124 3924 verbo
1171 3865 1370 3933 reicio,
1419 3871 1483 3923 ut

810 4051 844 4103 3
883 4054 1076 4104 mclrt'r
1113 4067 1178 4102 nn
1213 4067 1378 4102 ummo
1422 4053 1495 4100 Fl
1634 4053 1666 4100 4
1705 4051 2011 4102 nutriremus
2048 4052 2139 4102 Be
2166 4053 2418 4101 nutrimus
2454 4051 2532 4100 Fe
2670 4052 2701 4100 7
2738 4067 2793 4101 es
2833 4059 2999 4102 autem
3029 4053 3228 4103 breuiari—

673 4130 756 4172 tur
791 4125 841 4173 F
975 4123 1010 4173 9
1050 4124 1094 4172 is
1132 4132 1299 4170 autem
1335 4123 1382 4170 in
1426 4122 1473 4170 F
1623 4123 1676 4173 11
1717 4123 1849 4171 aiias
1881 4123 2178 4173 breuiuntur
2208 4125 2259 4172 F
2392 4122 2743 4186 producuntur
2786 4133 2957 4172 nutem
2986 4137 3017 4172 a
3048 4123 3104 4172 el
3133 4135 3229 4186 pru-

674 4195 860 4244 ductur
895 4203 1064 4244 autem
1104 4208 1134 4241 a
1167 4193 1218 4241 F
1249 4193 1546 4257 producitur
1569 4207 1600 4240 a
1638 4191 1686 4240 B
1797 4191 1859 4242 13
1902 4207 2085 4244 mcum
2113 4209 2179 4242 nr.
2213 4207 2464 4243 Aoussnmo
2505 4193 2579 4242 ΕΙ
2686 4192 2699 4240 Ι
2735 4202 2793 4241 ut
2830 4192 2988 4242 semel
3018 4207 3042 4240 ι·
3074 4200 3123 4240 ιιι
3156 4205 3227 4256 pa—

675 4267 798 4314 riter
833 4265 884 4313 F
914 4265 958 4314 el
997 4273 1052 4312 ut
1085 4263 1242 4312 semel
1281 4279 1338 4312 er
1377 4270 1431 4311 ut
1474 4264 1661 4325 pariter
1698 4263 1823 4312 Bel
1964 4263 2027 4314 14
2068 4263 2362 4313 breuiantur
2406 4264 2457 4313 F
2588 4273 2643 4314 ut
2678 4261 2856 4312 forsan
2894 4261 3095 4312 forsitan
3128 4261 3231 4310 Pau·

672 4335 840 4386 sebius
983 4337 1046 4385 16
1084 4333 1292 4382 omuino
1331 4340 1594 4382 reseruant
1622 4333 1708 4382 ΒΖ
1746 4332 1953 4381 omuino
1990 4343 2199 4383 seruant
2232 4347 2369 4383 corr.
2407 4335 2476 4384 al.
2508 4348 2639 4385 man.
2680 4335 2889 4383 omnino
2926 4342 3169 4382 reseruaut
3196 4330 3236 4379 F

677 4405 925 4472 recipiunt
957 4421 984 4454 e
1129 4400 1194 4453 18
1237 4401 1470 4452 diflciuut
1508 4403 1607 4452 BF
1740 4402 1808 4452 20
1831 4401 2180 4454 indeferenter
2205 4403 2307 4453 BF
2446 4419 2470 4453 s
2509 4403 2629 4452 dum
2665 4409 2782 4453 ante
2818 4417 2931 4452 eam
2967 4418 2997 4452 a
3032 4401 3232 4452 habuerit

676 4475 767 4525 Be
794 4494 819 4526 s
845 4475 888 4523 si
927 4481 1043 4523 ante
1074 4489 1184 4523 earn
1219 4473 1384 4536 (corr.
1425 4474 1492 4522 al.
1523 4489 1653 4525 man.
1689 4471 1773 4536 se)
1804 4486 1835 4522 a
1870 4473 2101 4523 habuerit
2136 4475 2231 4525 Fs
2261 4473 2305 4522 si
2333 4487 2365 4522 a
2402 4481 2519 4522 ante
2557 4487 2669 4522 eam
2706 4471 2985 4523 habueritl
3015 4489 3041 4522 s
3072 4473 3113 4522 ni
3134 4479 3230 4520 ante

676 4561 704 4593 a
739 4545 894 4595 fuerit
923 4543 1188 4594 Puta-chius
1361 4544 1426 4593 21
1467 4559 1580 4594 cras
1613 4559 1707 4595 om.
1747 4543 1837 4593 Be
1992 4546 2061 4594 22
2097 4543 2343 4593 aduerbia
2376 4549 2545 4593 autem
2580 4543 2935 4606 monosyllaba
2962 4543 3049 4593 Be
3174 4540 3229 4589 24

677 4629 864 4665 metm·
899 4629 965 4664 nn
1005 4628 1375 4665 cornuum-loun
1409 4613 1481 4662 ΓΙ
1515 4629 1582 4662 DE
1620 4627 1992 4665 coutuucriouss
2020 4613 2070 4664 B
2238 4615 2307 4664 25
2344 4612 2600 4664 dissinunt
2638 4612 2753 4662 BF
2912 4614 2981 4664 27
3010 4629 3071 4662 ns
3098 4623 3229 4662 rnat-

679 4699 946 4735 rosmonn
969 4685 1080 4734 BF
1221 4683 1302 4734 his
1333 4699 1426 4736 om.
1463 4682 1512 4732 F
1653 4692 1841 4734 exeunt
1874 4691 1929 4732 ut
1962 4685 2087 4734 citra
2130 4692 2305 4735 contra
2342 4683 2476 4733 ultra
2512 4692 2563 4734 et
2598 4683 2646 4732 F
2673 4683 2950 4733 Pul-schim
2988 4689 3157 4733 exeunt
3184 4685 3229 4728 ut

677 4756 801 4804 citra
830 4763 878 4802 et
916 4757 934 4802 l
1071 4751 1139 4802 30
1169 4768 1346 4804 omnes
1383 4771 1476 4806 om.
1517 4754 1566 4804 F
1699 4754 1764 4806 31
1806 4753 1977 4804 reffert
2013 4755 2062 4804 B
2198 4753 2268 4806 33
2304 4750 2588 4820 praeterea]
2640 4753 2799 4818 Vero.
2832 4767 3009 4817 qoam.
3048 4752 3105 4802 ΙΙΙ
3142 4747 3227 4800 548

817 4826 994 4872 motari
1033 4823 1131 4872 BF
1231 4825 1402 4873 reffert
1439 4825 1488 4873 F
1626 4824 1694 4875 34
1731 4832 1781 4874 et
1818 4839 1973 4873 unum
2010 4825 2224 4874 uerbum
2260 4825 2309 4874 B
2414 4825 2599 4874 reiecio
2637 4833 2693 4872 ut
2728 4823 2895 4873 reiece
2928 4838 3061 4874 corr.
3096 4820 3225 4870 reicio
