3434 5442
911 363 1324 427 EXPLANAT.
1367 353 1446 428 IN
1491 361 1850 426 DONATVM
1893 361 2033 426 LlB.
2080 359 2133 426 11
2678 361 2803 426 555

336 475 370 518 r.
395 473 474 517 στ’
499 473 596 516 eoa.
625 473 729 515 nv.

229 573 336 616 vos
379 554 454 616 ad
497 552 658 624 illos:
717 552 926 615 eodem
983 550 1160 614 modo
1203 559 1471 632 tempore
1514 551 1837 632 praeterito
1878 550 2145 632 perfecto
2189 555 2425 610 ventum
2470 555 2583 619 est,
2627 565 2800 627 prae-

228 657 408 718 terito
452 654 1028 736 plusquamperfecto
1069 661 1306 716 ventum
1339 661 1483 723 erat,
1517 660 1576 714 et
1603 651 1889 714 ulteriore
1920 660 2157 714 ventum
2187 652 2409 714 fuerat:
2454 651 2801 730 imperativo

228 757 410 819 modo
453 758 746 819 veniatur:
805 758 1058 837 optativo
1113 755 1288 817 modo
1343 763 1614 835 tempore
1667 755 1964 834 praesenti
2009 761 2070 815 et
2109 755 2429 834 praeterito
2472 753 2799 834 inperfecto

101 891 106 896 ·
227 861 456 922 utinam
510 861 810 921 veniretur
867 885 906 918 ο
976 856 1550 938 plusquamperfecto
1605 857 1827 918 utinam
1882 861 2121 917 ventum
2174 863 2357 926 esset,
2402 862 2465 916 et
2522 853 2799 918 ulteriore

225 961 466 1030 fuisset:
525 961 734 1023 eodem
791 960 966 1021 modo
1023 967 1290 1040 tempore
1343 959 1543 1021 futuro
1585 961 1811 1021 utinam
1854 959 2150 1019 veniatur:
2208 957 2577 1018 coniunctivo
2622 957 2799 1019 modo
2824 971 2851 1012 s

225 1070 502 1143 tempore
551 1063 850 1142 praesenti
904 1079 1038 1122 cum
1091 1061 1385 1133 veniatur3
1442 1060 1652 1122 eodem
1707 1059 1884 1123 modo
1928 1066 2197 1140 tempore
2241 1059 2559 1138 praeterito
2602 1061 2800 1138 inper-

226 1165 390 1227 fecto
433 1181 568 1226 cum
613 1162 984 1233 veniebatur;
1031 1162 1236 1224 eodem
1282 1163 1458 1225 modo
1503 1170 1773 1242 tempore
1812 1163 2135 1242 praeterito
2176 1162 2441 1242 perfecto
2484 1179 2617 1223 cum
2665 1179 2799 1222 ven·

231 1273 360 1328 tum
407 1267 502 1336 sit,
547 1273 608 1326 et
649 1264 932 1327 ulteriore
977 1283 1110 1326 cum
1155 1273 1393 1326 ventum
1437 1266 1640 1335 fuerit3
1698 1263 1905 1326 eodem
1952 1263 2129 1326 modo
2173 1271 2440 1344 tempore
2482 1265 2801 1344 praeterito

219 1368 830 1448 plusquamperfecto
887 1385 1024 1428 cum
1079 1374 1315 1428 ventum
1371 1374 1556 1438 esset,
1626 1375 1684 1428 et
1744 1365 2027 1428 ulteriore
2080 1382 2217 1426 cum
2280 1373 2521 1430 ventum
2568 1366 2800 1435 fuissem

229 1470 444 1532 eodem
489 1471 664 1532 modo
709 1479 978 1550 tempore
1024 1469 1218 1531 futuro
1263 1487 1396 1530 cum
1444 1469 1729 1539 venietur,
1772 1485 1907 1529 cum
1952 1474 2189 1529 ventum
2235 1469 2375 1540 erit,
2420 1476 2479 1529 et
2522 1468 2879 1530 ulteriorem

223 1591 364 1636 cum
411 1580 642 1635 ventum
687 1572 896 1633 fuerit:
942 1571 1238 1633 infinitum
1287 1592 1326 1628 s
1369 1570 1583 1641 fuisse,
1627 1571 1827 1633 futuro
1873 1577 2110 1631 ventum
2152 1570 2257 1630 iri:
2302 1569 2613 1632 Terentius

630 1681 1018 1754 postquam
1061 1672 1404 1735 audierat
1455 1689 1598 1734 non
1651 1671 1898 1735 datum
1954 1672 2049 1733 iri
2092 1671 2260 1733 filio
2302 1690 2597 1734 uxorem
2642 1691 2798 1741 suo,

420 1839 436 1849 ,
531 1791 766 1854 neque
811 1777 1152 1856 cuiquam
1197 1781 1532 1837 nostrum
1575 1773 1881 1836 verbum
1936 1774 2123 1836 fecit
2180 1791 2417 1854 neque
2461 1775 2535 1835 id
2579 1790 2801 1852 aegne

2238 1875 2433 1938 tulit.

396 1981 662 2044 Paenitet
701 1978 946 2041 verbum
987 1977 1364 2060 inpersonale
1407 1978 1568 2040 modi
1611 1977 1909 2040 indicativi
1940 1979 2221 2058 temporis
2248 1979 2595 2060 praesentis,
2640 1977 2795 2059 quod
2824 1991 2877 2034 ιε

223 2082 620 2146 decimabitur
673 2082 790 2143 sic:
857 2081 1172 2144 indicativo
1229 2089 1495 2161 tempore
1549 2081 1849 2160 praesenti
1911 2081 2173 2160 paenitet
2234 2097 2331 2142 me
2394 2090 2455 2142 te
2514 2079 2677 2142 illum
2740 2089 2801 2142 et

220 2183 536 2266 pluraliter
592 2201 701 2245 nos
753 2199 856 2245 vos
911 2181 1072 2254 illos,
1135 2180 1342 2244 codem
1390 2182 1566 2244 modo
1612 2189 1881 2262 tempore
1920 2184 2245 2262 praeterito
2288 2180 2617 2263 inperfecto
2660 2200 2797 2264 pae-

223 2285 453 2347 nitebat
503 2303 601 2348 me
654 2292 714 2347 te
767 2283 933 2347 illum
987 2301 1098 2346 nos
1142 2301 1244 2346 vos
1297 2283 1458 2356 illos,
1515 2285 1725 2346 eodem
1770 2283 1946 2346 modo
1990 2291 2257 2366 tempore
2299 2267 2619 2366 praeterito
2660 2301 2797 2365 per-

221 2389 382 2450 fecto
433 2386 720 2469 paenituit
773 2403 870 2448 me
925 2395 984 2448 te
1039 2383 1206 2448 illum
1267 2404 1376 2448 nos
1415 2405 1520 2449 vos
1561 2386 1725 2458 illos,
1780 2385 2355 2468 plusquamperfecto
2396 2389 2795 2468 paenituerat:

220 2490 574 2570 imperativo
617 2489 794 2551 modo
835 2490 1158 2568 paeniteat:
1203 2491 1460 2568 optativo
1505 2489 1680 2550 modo
1724 2497 1993 2569 tempore
2032 2489 2329 2570 praesenti
2373 2495 2433 2551 ct
2474 2491 2797 2569 praeterito
2822 2503 2875 2544 ²⁰

219 2592 556 2671 inperfecto
609 2607 650 2644 υ
735 2592 963 2654 utinam
1017 2591 1437 2670 paenituisset,
1495 2592 1697 2653 futuro
1748 2592 1975 2653 utinam
2028 2590 2357 2671 paeniteat:
2422 2591 2797 2654 coniunctivo

217 2693 400 2755 modo
455 2700 720 2772 tempore
765 2693 1064 2773 praesenti
1109 2676 1243 2754 cum
1287 2693 1609 2772 paeniteat,
1666 2695 1989 2773 praeterito
2042 2694 2373 2774 inperfecto
2416 2711 2550 2755 cum
2594 2694 2795 2774 paeni·

219 2802 405 2867 teret,
460 2795 784 2877 praeterito
841 2795 1106 2874 perfecto
1149 2811 1284 2856 cum
1329 2795 1710 2874 paenituerit,
1757 2796 2075 2876 praeterito
2117 2795 2693 2878 plusquamperfecto
2754 2817 2793 2855 a

218 2915 358 2959 cum
414 2897 764 2979 paenitebit,
822 2895 1106 2959 ulteriore
1157 2895 1336 2958 modo
1393 2915 1530 2959 cum
1582 2897 1966 2976 paenituerit:
2032 2897 2263 2961 infinito
2306 2897 2481 2960 modo
2526 2907 2794 2979 tempore

219 3000 522 3080 praesenti
566 2999 870 3080 paenitere
885 3045 900 3068 ,
945 2999 1266 3079 praeterito
1309 2999 1684 3078 paenituisse.
2820 3013 2871 3056 es

395 3099 504 3162 Odi
547 3099 794 3163 verbum
837 3100 1118 3162 deficiens
1158 3109 1429 3181 tempore
1469 3105 1772 3180 praesenti
1817 3099 2135 3183 [personae
2165 3101 2443 3185 primae],
2490 3102 2646 3181 quod
2692 3101 2792 3163 de·

221 3201 540 3265 cliuabitur
594 3203 717 3264 sic:
773 3201 1092 3263 indicativo
1161 3201 1340 3264 modo
1405 3209 1672 3284 tempore
1740 3203 2063 3284 praeterito
2128 3204 2395 3285 perfecto
2460 3203 2559 3265 odi
2622 3204 2797 3266 odisti

217 3305 346 3368 odit
389 3305 619 3368 odimus
662 3303 870 3368 odistis.
907 3303 1162 3366 oderunt
1187 3303 1279 3366 vel
1307 3303 1518 3376 odere,
1563 3306 1763 3386 specie
1803 3311 2005 3366 exacta
2050 3305 2289 3367 oderam
2333 3306 2546 3369 oderas
2590 3306 2796 3368 oderat

219 3406 536 3469 oderamus
579 3405 837 3469 oderatis
881 3405 1156 3469 oderant:
1202 3407 1550 3487 imperativo
1593 3406 1771 3469 modo
1815 3415 2081 3488 tempore
2125 3410 2422 3488 praesenti
2465 3409 2558 3472 fac
2597 3407 2795 3470 oderis

214 3510 398 3571 facito
439 3507 660 3578 oderit,
707 3517 974 3590 tempore
1020 3509 1216 3570 futuro
1255 3509 1418 3570 odito
1473 3510 1666 3571 oderit
1709 3507 1931 3571 oditote
1976 3509 2236 3572 oderint:
2304 3511 2541 3591 quidam
2583 3517 2795 3591 putant
2818 3523 2871 3565 ω

217 3611 521 3672 oderimus
563 3612 791 3690 primae
843 3629 1136 3690 personae
1189 3629 1348 3674 esse:
1417 3609 1557 3694 [bos
1599 3629 1709 3673 nos
1753 3611 2005 3692 gerundi
2048 3611 2471 3694 appellamus]:
2537 3613 2793 3691 optativo

217 3712 398 3774 modo
468 3721 736 3792 tempore
797 3713 1116 3793 praeterito
1181 3714 1403 3775 utinam
1470 3713 1756 3777 odissem:
1831 3715 2204 3776 coniunctim
2276 3714 2453 3777 modo
2522 3722 2793 3795 tempore

215 3815 540 3895 praeterito
593 3813 790 3894 specie
845 3811 1109 3876 absoluta
1162 3816 1214 3876 si
1269 3815 1496 3877 oderim
1541 3815 1741 3878 oderis
1784 3817 2004 3888 oderit,
2052 3818 2249 3897 specie
2294 3823 2495 3878 exacta
2540 3817 2591 3878 si
2633 3815 2789 3878 odis-

214 3935 342 3978 sem
387 3916 612 3978 odisses
653 3914 902 3986 odisset;
945 3923 1216 3997 tempore
1259 3919 1458 3980 futuro
1501 3919 1551 3978 si
1595 3917 1779 3980 odero
1811 3917 2008 3980 oderis
2038 3916 2255 3980 oderit:
2300 3918 2585 3980 infinitivo
2614 3918 2791 3980 modo

215 4018 414 4081 odisse
455 4035 624 4080 osum
669 4035 800 4079 esse
843 4037 1012 4080 osum
1055 4019 1175 4079 ire:
1220 4021 1594 4100 participium
1640 4019 1714 4081 ab
1760 4019 1875 4082 boc
1918 4019 2099 4082 verbo
2142 4021 2403 4082 invenies
2446 4037 2674 4083 osums.
2815 4037 2867 4078 ss

387 4119 552 4182 Licet
596 4117 684 4180 vel
729 4118 874 4182 libet
915 4119 1159 4182 verbum
1203 4119 1576 4201 inpersonale
1607 4121 1783 4185 modo
1821 4122 2139 4184 indicativo
2182 4129 2451 4204 tempore
2494 4123 2791 4202 praesenti

214 4221 356 4284 licet
405 4221 552 4283 mibi
605 4221 712 4283 tibi
767 4219 854 4282 illi
913 4220 1084 4284 nobis
1140 4221 1301 4284 vobis
1343 4219 1487 4294 illis.
1545 4223 1755 4286 eodem
1800 4223 1977 4286 modo
2020 4231 2292 4304 tempore
2334 4225 2655 4305 praeterito
2698 4225 2789 4286 in-

211 4323 480 4406 perfecto
523 4321 768 4394 licebat,
813 4324 1136 4404 praeterito
1179 4324 1441 4404 perfecto
1487 4325 1677 4395 licuit,
1733 4324 2310 4408 plusquamperfecto
2353 4325 2627 4387 licuerat:
2672 4327 2787 4388 im-

386 4581 412 4632 l
455 4578 730 4646 praeterito
778 4575 1276 4646 plusquamperfecto
1319 4589 1526 4632 uentum
1574 4593 1652 4634 est
1685 4583 1741 4649 pt
1771 4581 1833 4648 pf
1865 4589 2071 4634 uentum
2106 4589 2214 4632 erat
2242 4583 2290 4631 L
2466 4582 2499 4634 3
2534 4583 2790 4648 praesenti

213 4650 410 4702 utinam
443 4650 706 4701 ueniretur
737 4659 788 4700 et
822 4649 1098 4714 praeterito
1133 4649 1416 4718 inperfecto
1451 4661 1504 4702 et
1533 4653 2035 4719 plusquamperfecto
2070 4652 2121 4701 L
2226 4651 2263 4703 9
2294 4651 2787 4719 plusquamperfecto

211 4737 303 4771 om.
341 4721 392 4772 L
567 4719 627 4770 ll
668 4727 826 4769 uentu
863 4718 924 4768 iri
960 4719 1226 4770 terrentius
1270 4721 1357 4770 L.-
1399 4719 1600 4776 Terent.
1639 4723 1809 4776 Andr.
1846 4723 1863 4772 l
1898 4725 1957 4787 2,
1998 4722 2027 4771 7
2206 4721 2272 4772 12
2319 4722 2439 4772 datu
2476 4724 2539 4773 iri
2575 4724 2623 4772 L

217 4791 282 4844 la
317 4789 440 4841 fecit
465 4791 516 4842 L
551 4789 674 4841 facit
705 4790 726 4839 1
865 4787 930 4841 18
965 4788 1190 4855 perfecto
1223 4791 1506 4855 paeniteuit
1531 4791 1578 4841 L
1716 4792 1785 4845 35
1821 4807 1943 4843 ossu
1978 4792 2043 4842 iri
2082 4790 2242 4858 (parti
2276 4790 2339 4842 ab
2377 4789 2475 4843 hoc
2509 4793 2665 4844 uerbo
2709 4794 2787 4844 in-

212 4861 434 4912 ueniens
463 4859 589 4915 add.
627 4860 722 4910 lt'u
755 4858 944 4927 maro.)
979 4873 1164 4912 esurus
1190 4873 1304 4910 sum
1337 4859 1388 4910 L
