3434 5442
655 369 777 433 538
1797 367 2101 451 [sancii]

763 473 792 513 l'.
825 473 876 514 60
902 474 994 514 cod.
1027 474 1127 516 Lav.

653 570 794 614 vero
850 553 1088 615 humida
1143 573 1294 635 quae
1347 555 1569 640 iussum
1627 563 1717 616 est
1770 563 1871 617 aut
1922 573 2073 636 quae
2116 555 2427 618 humorem
2468 555 2663 618 babet.
2754 558 2915 618 ensis
2956 557 3111 618 enim
3152 559 3206 620 in

652 654 911 739 proelio„
959 656 1188 735 gladius
1231 655 1585 736 generaliter
1629 658 1863 729 dicitur,
1910 675 2117 720 mucro
2158 660 2222 720 in
2264 677 2465 740 opere.
2551 658 2699 720 haec
2754 657 2869 721 illis
2924 661 3205 720 contraria

651 765 818 828 sunt,
864 759 996 838 quia
1039 757 1139 824 illa
1181 777 1292 840 per
1333 777 1510 820 unam
1553 777 1682 820 rem
1730 758 1910 821 multa
1954 760 2313 839 significant,
2358 760 2506 822 haec
2536 778 2637 840 per
2674 759 2855 823 multa
2882 777 3060 824 unam
3090 779 3205 822 rem

651 860 1008 938 significant,
1053 868 1212 922 terra
1259 861 1471 924 humus
1513 858 1723 924 solum.

601 975 626 1013 ι’»
821 963 904 1024 De
949 964 1188 1026 Graecis
1242 963 1604 1035 nominibus,
1663 969 1835 1044 quae'
1866 965 1930 1025 in
1982 971 2246 1026 nostram
2290 963 2743 1028 declinationem
2786 974 3205 1027 successerunt.

650 1072 787 1127 sunt
826 1067 984 1128 inter
1015 1067 1300 1128 Graecam
1341 1073 1515 1147 atque
1545 1067 1812 1128 Latinam
1858 1066 2129 1137 formam,
2174 1085 2325 1146 quae
2368 1067 2548 1130 notha
2592 1067 2889 1139 dicuntur,
2935 1074 3000 1129 ut
3028 1067 3209 1129 Achil-

649 1165 738 1228 les
779 1167 1159 1248 Agamemno.
1233 1187 1370 1230 cum
1415 1169 1572 1230 enim
1618 1169 1841 1231 Graeca
1884 1169 2032 1239 sint,
2078 1169 2375 1240 Latinam,
2418 1178 2488 1232 ut
2528 1169 2810 1241 diximus,
2855 1169 3079 1232 babent
3117 1170 3209 1232 de·

650 1269 1054 1341 clinationem,
1111 1268 1208 1330 hic
1259 1269 1621 1349 Agamemno
1674 1271 1851 1333 buius
1904 1270 2359 1350 Agamemnonis
2412 1271 2551 1333 huic
2593 1273 3023 1352 Agamemnoni
3065 1273 3209 1334 bunc

649 1374 1150 1451 Agamemnonem
1195 1391 1230 1433 o
1273 1373 1633 1452 Agamemno
1679 1371 1755 1433 ab
1798 1371 1912 1433 hoc
1954 1376 2413 1452 Agamemnone.

573 1488 624 1528 1⁰
817 1475 1184 1554 Homonyma
1227 1481 1365 1536 sunt
1405 1482 1471 1536 ut
1513 1489 1696 1554 nepos
1730 1475 1915 1536 acies.
2003 1473 2217 1536 dicitur
2272 1477 2429 1538 enim
2470 1475 2625 1538 filius
2658 1479 2780 1551 filii
2818 1495 3033 1557 nepos3
3078 1477 3209 1538 dici·

649 1584 745 1636 tur
789 1584 851 1637 et
891 1582 1274 1656 consumptor
1319 1592 1532 1654 nepos,
1577 1578 1680 1657 qui
1723 1595 1965 1638 avorum
2009 1584 2070 1638 et
2110 1585 2424 1658 parentum
2455 1579 2697 1640 devorat
2735 1589 2960 1641 terram
2990 1580 3053 1640 in
3094 1597 3210 1640 mo-

649 1694 778 1740 rem
823 1679 1059 1758 scorpii,
1103 1679 1207 1758 qui
1251 1677 1492 1739 devorat
1531 1685 1773 1740 terram.
1862 1680 2098 1757 scorpio
2143 1681 2299 1740 enim
2348 1677 2586 1762 [uxor],
2633 1682 2735 1761 qui
2776 1682 3081 1759 signorum
3124 1699 3210 1742 re·

649 1787 854 1860 ceptus
898 1789 988 1842 est
1031 1796 1306 1850 numero,
1365 1797 1517 1860 nepa
1571 1781 1764 1842 dictus
1808 1789 1916 1842 est.
2003 1799 2120 1861 quo
2162 1780 2449 1844 vocabulo
2492 1789 2739 1862 nepotes
2780 1791 3004 1846 terram
3049 1783 3209 1844 devo-

647 1889 848 1943 rantes
891 1884 1050 1944 dixit
1090 1880 1296 1943 Cicero
1337 1882 1398 1942 in
1443 1881 1780 1954 Catilinam,
1839 1883 2035 1963 ‘quis
2092 1901 2327 1963 ganeo
2369 1887 2531 1965 quis
2572 1889 2863 1964 nepos’.
2952 1885 3210 1948 similiter

572 1997 622 2040 ιε
649 1991 710 2046 et
751 1985 912 2046 acies
955 1982 1266 2064 aliquando
1312 1986 1634 2047 exercitum
1665 1986 1995 2064 significat,
2029 1992 2096 2047 ut
2136 1985 2607 2065 ‘Tyrrhenas
2648 1994 2904 2048 sterne
2948 1988 3207 2057 acies';

645 2084 956 2168 aliquando
1000 2085 1231 2162 oculoS,
1273 2094 1340 2148 ut

947 2187 1087 2249 huc
1131 2189 1494 2267 geminam
1540 2205 1737 2249 nunc
1781 2187 2019 2251 flecte
2062 2189 2325 2260 aciem,
2374 2191 2563 2250 banc
2604 2192 2855 2270 aspice
2900 2198 3207 2269 gentem,

644 2291 785 2352 item
840 2292 1024 2351 ‘stat
1073 2289 1267 2351 ferri
1323 2292 1529 2353 acies
1581 2307 1933 2353 mucrone
1990 2295 2357 2353 corusco’.
2402 2299 2543 2352 sunt
2582 2291 2695 2353 alia
2740 2293 3115 2374 quantitatis,
3152 2303 3211 2354 ut

651 2391 894 2471 grandis
936 2390 1115 2462 altus:
1163 2391 1274 2454 alia
1319 2391 1392 2453 de
1435 2391 1616 2454 verbo
1661 2393 1993 2464 nascentia,
2040 2398 2105 2454 ut
2146 2395 2403 2473 scriptor
2444 2392 2648 2455 lector.

567 2508 620 2550 ao
814 2492 900 2554 De
941 2494 1268 2574 epimenia,
1311 2493 1372 2554 id
1417 2502 1507 2555 est
1547 2495 1928 2574 promiscuis,
1986 2496 2179 2575 primo
2233 2493 2387 2556 libro
2431 2494 2815 2558 disseruimus
2858 2517 2899 2556 s
2963 2496 3211 2577 quamvis

645 2594 928 2658 feminino
971 2591 1192 2675 genere
1233 2593 1479 2658 dicatur.

813 2695 1056 2759 Casibus
1100 2696 1333 2760 articuli
1375 2698 1650 2760 accidunt
1691 2717 1803 2779 pro
1848 2697 2165 2778 generibus
2209 2699 2300 2769 bi,
2348 2699 2709 2760 nominativo
2752 2699 2851 2760 bic
2892 2697 3045 2762 haec
3086 2699 3205 2768 boc,

647 2800 902 2879 genitivo
944 2799 1118 2860 buius
1131 2845 1148 2870 ,
1195 2799 1388 2862 dativo
1428 2799 1595 2870 huic,
1641 2801 1973 2862 accusativo
2002 2802 2164 2863 hunc
2192 2801 2347 2864 banc
2375 2801 2520 2872 boc,
2566 2802 2827 2864 vocativo
2870 2820 2929 2872 o,
2974 2799 3211 2863 ablativo

641 2901 716 2964 ab
761 2901 874 2963 boc
917 2900 992 2962 ab
1037 2900 1148 2963 hac
1193 2902 1267 2963 ab
1312 2902 1448 2964 hoc.

573 3021 623 3063 25
821 3003 1046 3076 Quibus
1090 3001 1304 3066 litteris
1349 3005 1637 3084 genitivus
1679 3003 1925 3086 pluralis
1967 3007 2341 3068 terminetur.
2429 3021 2835 3087 quaecumque
2878 3007 3119 3068 nomina
3160 3009 3211 3067 in

646 3107 898 3184 genitivo
946 3123 1085 3190 casu
1129 3105 1343 3187 plurali
1385 3107 1407 3166 i
1450 3115 1586 3169 ante
1631 3109 2006 3170 novissimam
2051 3106 2335 3188 syllabam
2378 3107 2727 3180 habuerint,
2782 3107 2933 3170 haec
2990 3127 3215 3172 accusa-

643 3209 761 3269 tivo
814 3208 1030 3287 plurali
1087 3208 1146 3268 in
1202 3209 1254 3268 is
1307 3206 1587 3288 syllabam
1645 3215 1893 3281 exeunt,
1949 3218 2015 3271 ut
2069 3209 2279 3272 harum
2336 3211 2567 3272 navium
2626 3211 2732 3272 has
2776 3209 2967 3280 navis,
3013 3209 3215 3273 borum

641 3310 872 3388 ignium
915 3311 1028 3372 hos
1069 3311 1224 3387 ignis
1244 3357 1260 3381 ,
1307 3309 1520 3371 horum
1567 3313 1831 3372 omnium
1880 3311 1987 3374 bos
2032 3314 2225 3374 omnis
2266 3321 2327 3374 et
2368 3320 2585 3374 cetera.

815 3411 1062 3474 Nomina
1119 3418 1328 3473 neutra
1385 3429 1623 3493 semper
1679 3412 1929 3494 pluralia
1987 3432 2019 3474 a
2076 3414 2271 3475 littera
2319 3415 2625 3477 terminata
2672 3431 2811 3476 casu
2854 3415 3215 3477 nominativo

569 3531 621 3572 ao
643 3515 709 3575 in
751 3531 890 3575 casu
935 3515 1190 3593 genitivo
1242 3497 1376 3575 rum
1431 3513 1714 3594 syllabam
1770 3516 2092 3596 accipiunt,
2139 3516 2396 3577 dativum
2428 3523 2487 3577 et
2528 3515 2843 3578 ablativum
2886 3517 2951 3577 in
2994 3519 3048 3578 is
3088 3519 3215 3580 mit·

644 3623 803 3686 tunt,
848 3623 916 3677 ut
956 3634 1121 3678 arma
1166 3624 1358 3678 castra
1401 3624 1552 3678 exta.
1637 3610 1878 3680 nomina
1921 3626 2129 3679 neutra
2173 3635 2413 3698 semper
2453 3616 2705 3697 pluralia
2746 3619 2803 3680 ia
2846 3617 3065 3680 litteris
3106 3628 3217 3680 ter-

647 3719 865 3780 minata
909 3735 1048 3780 casu
1092 3719 1448 3780 nominativo
1491 3719 1554 3778 in
1598 3737 1737 3781 casu
1782 3720 2037 3796 genitivo
2081 3737 2181 3781 um
2226 3717 2508 3800 syllabam
2552 3719 2878 3800 accipiunt,
2927 3718 3129 3783 dativo
3170 3731 3223 3783 et

646 3817 897 3882 ablativo
941 3821 1002 3880 in
1047 3818 1158 3882 bus
1199 3822 1514 3882 mittuntur
1559 3818 1841 3902 [omnia].

815 3920 1028 3984 Omnia
1082 3921 1319 3984 nomina
1374 3922 1711 3985 inanimalia
1754 3923 2040 3986 Romana
2114 3921 2398 4004 simplicia
2466 3923 2557 3984 nis
2584 3959 2597 3984 ι
2626 3921 2846 4003 syllaba
2915 3925 3221 3987 terminata

787 4160 814 4210 1
855 4156 1027 4224 babet]
1077 4123 1206 4228 adel.)²
1243 4163 1292 4212 L
1465 4160 1497 4212 3
1533 4162 1620 4212 illa
1656 4177 1749 4227 per
1786 4178 1865 4212 em
1901 4158 2103 4227 (deletis
2136 4177 2213 4212 em
2250 4159 2458 4226 litteris)
2492 4174 2646 4211 unam
2688 4162 2849 4212 multa
2878 4165 2929 4214 L
3108 4165 3143 4214 ὃ
3173 4166 3219 4214 ἰιι

647 4239 818 4282 nostra
857 4229 1194 4284 declinatione
1229 4231 1278 4281 L
1416 4230 1452 4282 6
1489 4242 1543 4283 ut
1578 4230 1771 4282 achilee
1820 4246 2160 4299 agamemnon
2194 4232 2243 4282 L
2382 4230 2417 4282 8
2446 4229 2530 4280 hic
2562 4245 2901 4299 agamemnon
2942 4232 2991 4282 L
3134 4234 3167 4288 9
3192 4249 3219 4283 o

643 4315 963 4370 agamennon
1004 4302 1055 4352 L
1230 4301 1297 4353 10
1347 4301 1535 4353 dicitur
1572 4303 1708 4352 enim
1749 4301 1883 4353 filius
1919 4316 2085 4368 nepus
2124 4303 2173 4352 L
2348 4300 2412 4354 11
2447 4310 2716 4366 parentum
2750 4301 3003 4352 denotant
3036 4303 3086 4353 L

649 4370 714 4422 13
751 4385 886 4436 nepa
935 4372 1074 4423 dicta
1117 4381 1196 4425 est
1229 4373 1279 4422 L
1420 4373 1485 4422 14
1513 4371 1644 4421 dixit
1689 4385 1782 4426 om.
1824 4373 1873 4422 L
1966 4421 1969 4424 ,
2010 4373 2065 4422 in
2098 4371 2315 4422 catelina
2352 4373 2430 4424 L:
2472 4371 2575 4426 Ot'c.
2610 4373 2661 4422 in
2697 4371 2862 4453 Catil..
2882 4373 2926 4422 11
2962 4374 3019 4435 4,
3058 4375 3091 4424 7

648 4457 714 4512 15
754 4460 1008 4509 exercitus
1050 4460 1098 4509 L
1267 4459 1482 4509 tii-renas
1525 4458 1602 4512 L.-
1646 4459 1805 4523 Vero.
1844 4458 1974 4508 Aen.
2014 4459 2109 4510 Vll
2146 4457 2250 4510 426
2423 4457 2485 4508 17
2522 4457 2625 4509 buc
2670 4461 2902 4524 geminis
2940 4461 3022 4511 L.-
3068 4461 3219 4526 Vei-9.

647 4529 777 4580 Aen.
809 4528 878 4578 Vl
908 4527 1012 4582 789
1151 4529 1218 4581 18
1255 4527 1377 4596 stat]
1421 4531 1576 4594 Ver-9.
1599 4529 1730 4583 Aen.
1758 4529 1806 4578 11
1843 4525 1945 4580 333
2084 4528 2155 4579 20
2186 4529 2350 4593 primo
2386 4525 2542 4594 libro]
2579 4547 2635 4596 p.
2671 4526 2775 4582 493
2809 4529 2890 4579 ed.
2928 4531 3087 4582 Lo‘nd.

647 4599 978 4649 dissernimus
1016 4601 1036 4648 l
1074 4599 1409 4651 discernimus
1447 4597 1497 4647 L
1511 4615 1530 4648 .·
1553 4601 1710 4663 plura
1738 4601 1851 4650 olim
1884 4599 1949 4649 de
1988 4601 2241 4665 epicoenis
2276 4599 2548 4650 amnibus
2580 4601 2775 4662 scn‘ma
2800 4599 2969 4663 fuisse
3007 4603 3221 4654 indiam

648 4685 712 4719 ea
742 4684 872 4734 quae
903 4678 1161 4733 secuntur,
1197 4671 1296 4719 πίει·
1322 4669 1447 4722 llaec
1472 4673 1640 4732 potius
1671 4671 1747 4720 ad
1770 4684 1837 4719 ea
1863 4684 1995 4734 quae
2027 4670 2171 4730 infra
2197 4669 2262 4720 de
2292 4684 2483 4734 yenere
2516 4686 2564 4724 v.
2594 4669 2711 4718 fluis
2742 4671 2943 4734 cor-ipen
2970 4680 3087 4724 am
3103 4687 3219 4736 per*

647 4740 810 4790 tinere
844 4739 986 4790 dieas
1124 4739 1194 4792 29
1217 4739 1438 4791 Nomina
1469 4767 1538 4779 —-
1575 4739 1642 4793 33
1667 4741 1936 4790 mittuntur
1976 4739 2129 4794 Proh.
2168 4741 2233 4790 de
2257 4755 2383 4791 nom.
2416 4753 2469 4802 p.
2494 4739 2600 4791 217
2622 4739 2704 4790 ed.
2734 4739 2889 4792 Vina.
3036 4741 3105 4793 32
3132 4757 3217 4793 no-

649 4808 893 4859 minatino
930 4817 979 4858 et
1013 4825 1137 4860 casn
1174 4811 1222 4860 L
1324 4809 1392 4862 34
1425 4809 1604 4861 Omnia
1639 4835 1706 4846 —
1742 4809 1862 4875 539,
1887 4810 1920 4862 ὁ
1948 4810 2117 4862 standi
2162 4817 2394 4873 excerpt.
2433 4809 2674 4864 Bobiens.
2704 4811 2802 4864 ool.
2846 4811 2868 4860 l
2898 4825 2961 4874 p.
2990 4811 3119 4877 555,
3152 4811 3214 4862 25

651 4877 806 4932 Proh.
833 4878 897 4928 de
931 4893 1058 4932 nom.
1089 4893 1143 4942 p.
1177 4878 1278 4931 218
1313 4881 1392 4930 ed.
1431 4879 1588 4932 Vind.
