3434 5442
1109 320 1340 382 COMM.
1384 319 1465 384 IN
1509 320 1873 383 DONATVM
2658 326 2781 388 417

2328 439 2374 482 p.
2402 428 2605 470 1794-96
2632 426 2679 470 r.

207 508 492 586 temporis
535 508 909 587 participium
956 526 1191 589 semper
1254 510 1494 588 generis
1549 515 1640 570 est
1695 511 1889 572 omnis
1934 513 1994 570 et
2036 506 2263 570 duabus
2308 507 2597 570 clauditur
2643 526 2783 569 con-

205 608 581 679 sonantibuS,
625 616 693 670 ut
735 617 826 671 est
867 608 1092 689 legens.

377 711 556 774 Casus
601 710 847 772 totidem
892 721 1032 772 sunt
1068 715 1131 772 in
1174 715 1523 794 participiiS‚
1571 722 1714 795 quot
1757 715 1818 774 in
1864 714 2101 775 nomine
2132 721 2189 774 et
2218 715 2587 794 pronomine.
2649 732 2786 793 par-

209 815 405 894 ticipia
461 821 657 876 autem
713 812 1023 876 masculini
1079 822 1137 875 et
1203 815 1397 876 neutri
1459 815 1753 876 secundae
1818 822 1955 878 sunt
2020 816 2452 887 declinationis,
2522 817 2789 877 seminini

205 918 466 996 primae,
523 918 716 979 omnis
769 918 1007 989 tertiae,
1065 917 1128 977 in
1186 936 1301 997 quo
1356 916 1636 980 ablativus
1693 924 1753 977 et
1793 919 1814 978 i
1858 925 1915 979 et
1958 938 1993 980 e
2036 920 2417 992 terminatur,
2463 926 2528 980 ut
2571 919 2840 980 amantis

207 1026 462 1080 amante.
527 1019 631 1080 sed
677 1021 830 1080 scire
875 1021 1150 1080 convenit
1192 1017 1349 1099 quod
1395 1037 1492 1082 ars
1536 1021 1732 1098 exigat
1774 1028 1838 1081 ut
1882 1039 1915 1080 e
1959 1020 2152 1083 littera
2197 1024 2578 1091 terminatum
2624 1023 2647 1082 i
2689 1040 2789 1082 au·-

209 1131 329 1182 tem
387 1121 488 1182 ubi
541 1121 722 1183 luerit
780 1123 1126 1183 terminatus
1183 1121 1466 1184 ablativus
1521 1123 1698 1184 huius
1751 1125 2071 1203 participii,
2139 1121 2494 1208 necessilltas
2549 1132 2637 1186 est
2692 1132 2792 1186 aut

211 1225 392 1284 metri
433 1231 532 1286 aut
577 1224 926 1303 euphoniae.
2228 1279 2233 1282 .

380 1327 676 1408 Tempora
731 1329 793 1387 in
848 1327 1172 1406 participiis
1215 1325 1434 1389 Latinis
1481 1327 1592 1389 tria
1635 1334 1799 1397 sunt,
1844 1345 2127 1406 praesens
2170 1330 2552 1408 praeteritum
2600 1336 2661 1390 et
2702 1329 2793 1390 fu-

209 1437 442 1500 turum;
515 1429 760 1508 regulae
820 1437 1016 1491 tamen
1071 1436 1345 1508 quattuor
1389 1437 1544 1491 sunt.
1634 1448 1771 1491 nam
1814 1448 2096 1510 praesens
2140 1449 2319 1492 unam
2363 1430 2566 1500 habet,
2614 1449 2788 1510 quam
2819 1445 2868 1487 ιο

211 1531 492 1603 diximus,
542 1551 640 1603 ns,
689 1539 753 1593 ut
808 1531 1044 1610 legens;
1099 1533 1486 1610 praeteritum
1533 1550 1742 1604 unam,
1800 1551 1897 1605 ηε,
1953 1542 2018 1593 ut
2072 1532 2287 1602 lectus;
2343 1533 2607 1594 futurum
2654 1551 2789 1594 vero

211 1641 446 1714 tempus
490 1635 634 1696 duas
679 1633 857 1695 habet
899 1633 1162 1712 regulaS,
1211 1652 1312 1696 rus
1353 1642 1412 1694 et
1455 1632 1596 1705 duS,
1642 1642 1708 1695 ut
1751 1633 2012 1696 lecturus
2056 1633 2359 1714 legendus
2423 1635 2553 1696 ideo
2599 1643 2793 1696 autem

212 1734 482 1798 neutrale
526 1735 772 1798 verbum
817 1744 906 1797 tot
937 1743 996 1796 et
1026 1735 1235 1797 eadem
1279 1735 1461 1798 habet
1501 1737 1843 1817 participia,
1887 1756 2038 1818 quae
2085 1744 2145 1798 et
2186 1738 2468 1811 activum,
2516 1739 2795 1819 quoniam

210 1840 298 1900 sic
345 1837 677 1900 declinatur
723 1845 786 1900 ut
829 1840 1110 1900 activum:
1162 1857 1297 1899 nam
1341 1840 1650 1920 participia
1682 1839 2071 1900 declinatione
2103 1847 2443 1901 noscuntur.
2494 1840 2797 1920 deponens

211 1949 406 2001 autem
468 1940 712 2002 verbum
768 1943 1146 2021 participium
1214 1941 1395 2002 futuri
1459 1943 1743 2022 temporis
1808 1943 1872 2003 in
1927 1930 2040 2002 rus‘
2085 1944 2287 2011 mittit,
2350 1949 2415 2002 ut
2471 1940 2793 2003 locuturus,
2827 1958 2874 1999 15

218 2061 358 2104 nam
403 2042 538 2104 ideo
598 2043 818 2104 dictum
866 2053 955 2104 est
995 2045 1328 2122 deponenS,
1389 2063 1507 2104 non
1554 2043 1712 2124 quod
1758 2062 1789 2103 r
1833 2043 2089 2106 litteram
2135 2062 2255 2104 non
2300 2042 2583 2124 deponat,
2630 2036 2800 2104 κατὰ

211 2139 624 2224 ἀντίφρασιν
679 2147 846 2222 (nam
902 2153 962 2206 et
1015 2164 1328 2208 commune
1383 2146 1686 2224 deponens
1744 2153 1925 2207 esset:
1984 2154 2043 2207 et
2096 2145 2209 2207 hoc
2266 2147 2423 2207 enim
2468 2163 2501 2205 r
2543 2143 2799 2206 litteram

215 2265 338 2307 non
384 2246 716 2328 relinquit);
775 2246 878 2308 sed
937 2248 1070 2309 ideo
1129 2249 1434 2328 deponens
1489 2247 1731 2320 dicitur,
1790 2247 1945 2328 quod
1993 2249 2237 2330 deponit
2279 2249 2651 2329 participium
2698 2247 2799 2308 de-

215 2347 550 2410 clinationis
593 2369 763 2421 suae,
808 2349 868 2410 id
913 2360 1004 2411 est
1043 2351 1337 2421 futurum,
1385 2351 1542 2431 quod
1587 2351 1698 2412 dus
1742 2348 1963 2430 syllaba
2009 2352 2374 2412 terminatur.
2435 2368 2609 2412 nemo
2642 2351 2799 2412 enim

213 2459 411 2530 potest
455 2451 654 2514 dicere
699 2452 1055 2533 loquendus,
1101 2453 1242 2513 licet
1281 2454 1646 2514 inveniamus
1689 2451 1844 2533 apud
1887 2460 2093 2531 poetas
2138 2452 2292 2514 hanc
2336 2454 2796 2533 usurpationem.
2826 2472 2877 2512 πο

217 2571 536 2615 commune
577 2573 718 2615 vero
767 2554 1008 2616 verbum
1053 2555 1188 2616 ideo
1235 2562 1510 2636 quattuor
1553 2555 1736 2616 habet
1762 2554 2103 2634 participia,
2150 2555 2283 2635 quia
2330 2573 2645 2616 commune
2692 2563 2799 2625 est,

215 2655 277 2717 id
310 2664 401 2717 est
445 2658 672 2735 agentis
717 2665 776 2717 et
815 2659 1092 2736 patientis
1120 2657 1300 2719 habet
1341 2659 1858 2736 significationem;
1906 2665 1967 2718 et
2010 2659 2277 2718 novimus
2305 2657 2462 2738 quod
2490 2659 2801 2738 participia

219 2758 338 2819 duo
384 2759 621 2820 veniant
674 2757 746 2820 ab
806 2761 990 2821 activo
1047 2767 1108 2821 et
1165 2759 1280 2821 duo
1327 2779 1360 2820 a
1405 2761 1654 2839 passivo.
1744 2777 1887 2820 sane
1930 2761 2081 2820 scire
2127 2758 2411 2821 debemus
2456 2762 2619 2840 quia,
2666 2760 2804 2821 licet

219 2861 505 2921 Latinitas
563 2879 682 2922 non
738 2861 956 2923 babeat
1011 2880 1120 2922 nec
1163 2865 1550 2940 praeteritum
1594 2863 1970 2940 participium
2015 2860 2088 2922 ab
2134 2861 2320 2922 activo
2366 2879 2477 2922 nec
2519 2879 2803 2941 praesens

220 2982 254 3023 a
298 2964 559 3043 passivo,
604 2963 903 3024 invenitur
945 2972 1142 3024 tamen
1189 2962 1345 3043 apud
1389 2971 1592 3043 poetas
1637 2962 1769 3024 talis
1815 2961 2096 3034 elocutio,
2144 2962 2243 3024 ubi
2289 2961 2529 3024 alterius
2573 2972 2799 3042 tempo·
2828 2983 2877 3023 25

219 3066 302 3125 ris
347 3083 459 3145 pro
504 3064 616 3125 bac
659 3066 1083 3143 significatione
1128 3073 1409 3144 ponatur,
1466 3073 1532 3126 ut
1576 3072 1666 3126 est

527 3175 597 3229 et
639 3187 773 3248 qua
817 3176 1075 3230 vectus
1119 3165 1308 3228 Abas
1353 3176 1424 3228 et
1467 3186 1601 3248 qua
1647 3166 2116 3244 grandaevus
2159 3166 2442 3229 Aletes:

221 3279 423 3330 vectus
481 3271 642 3330 enim
699 3269 841 3331 dixit
894 3288 1004 3350 pro
1061 3288 1132 3330 eo
1187 3269 1343 3350 quod
1389 3279 1478 3330 est
1521 3269 1863 3331 vehebatur.
1952 3268 2193 3348 regulae
2235 3271 2678 3349 participiorum
2724 3271 2802 3330 ita

221 3389 286 3432 se
329 3369 580 3442 habent,
629 3380 694 3433 ut
737 3373 1110 3452 participium
1156 3372 1335 3432 futuri
1383 3373 1664 3450 temporis
1694 3390 1728 3433 a
1772 3373 2001 3452 passivo
2031 3379 2201 3448 regat
2226 3373 2601 3452 participium
2630 3389 2802 3450 prae-

223 3473 406 3534 sentis
465 3475 752 3551 temporis
805 3472 877 3534 ab
937 3475 1156 3542 activo,
1216 3472 1274 3531 id
1321 3480 1411 3532 est
1455 3481 1518 3533 ut
1561 3473 1634 3533 de
1679 3474 1992 3553 participio
2038 3473 2219 3534 futuri
2262 3475 2549 3553 temporis
2591 3492 2623 3535 a
2669 3491 2800 3554 pas·
2827 3493 2878 3535 ao

224 3577 346 3636 sivo
394 3573 624 3636 sublata
671 3574 780 3636 dus
821 3573 1042 3654 syllaba
1089 3582 1149 3635 et
1193 3572 1388 3634 addita
1433 3593 1462 3634 s
1505 3572 1699 3636 littera
1744 3575 2029 3638 faciamus
2058 3578 2433 3656 participium
2476 3577 2805 3655 praesentis

226 3679 514 3758 temporis
559 3676 630 3738 ab
677 3679 892 3745 activo.
943 3677 1031 3738 vel
1076 3696 1109 3736 e
1155 3679 1476 3738 contrario.
1565 3677 1704 3737 item
1753 3678 2127 3757 participium
2174 3680 2479 3758 praeteriti
2520 3680 2806 3757 temporis

225 3801 258 3842 a
315 3781 548 3860 passivo
603 3779 834 3841 subla-ta
889 3797 918 3840 s
971 3777 1166 3840 littera
1222 3786 1280 3839 et
1335 3778 1528 3840 addita
1582 3797 1686 3840 rus
1740 3777 1960 3858 syllaba
2014 3778 2153 3840 facit
2206 3781 2578 3861 participium
2624 3781 2807 3841 futuri

227 3883 512 3961 temporis
568 3881 642 3942 ab
697 3883 913 3953 activo,
969 3889 1034 3941 ut
1088 3879 1274 3942 lectus
1319 3879 1605 3952 lecturus,
1653 3878 1747 3940 vel
1790 3899 1823 3940 e
1879 3883 2195 3942 contrario.
2270 3881 2390 3968 'sed
2447 3882 2539 3942 his
2584 3881 2806 3960 regulis

227 3991 559 4063 repugnant
603 4001 788 4061 pauca
832 3983 1138 4062 participia
1185 4001 1333 4043 nova
1377 3984 1606 4043 ratione
1635 3991 1947 4062 usurpata,
1994 3989 2061 4043 ut
2089 3991 2177 4043 est
2211 3981 2235 4064 Η
2271 3986 2612 4054 moriturus,
2647 3984 2804 4064 quod
2830 4003 2881 4044 35

229 4084 387 4146 nulla
433 4087 662 4146 ratione
708 4085 939 4146 dicitur.
1014 4084 1240 4146 sublata
1290 4087 1446 4145 enim
1494 4103 1596 4146 rus
1641 4082 1862 4166 syllaba
1907 4091 1966 4144 et
2010 4083 2203 4144 addita
2248 4104 2277 4145 s
2321 4085 2517 4146 littera
2560 4087 2810 4147 moritus

229 4188 392 4258 facit,
440 4186 600 4269 quod
645 4187 926 4248 Latinitas
971 4205 1089 4248 non
1132 4186 1343 4248 habet:
1392 4206 1529 4248 nam
1571 4193 1841 4248 mortuus
1886 4185 2153 4248 dicimus.
2215 4195 2274 4246 et
2315 4185 2459 4248 illud
2503 4187 2808 4248 sciendum

231 4296 350 4359 est,
396 4291 656 4350 maiores
700 4298 932 4352 nostros
976 4307 1152 4371 saepe
1209 4308 1242 4350 a
1294 4289 1489 4351 verbis
1542 4287 1907 4350 neutralibus
1959 4290 2265 4367 praeteriti
2308 4291 2595 4368 temporis
2636 4307 2808 4350 usur-

231 4410 398 4472 passe
441 4392 780 4473 participia,
838 4399 904 4454 ut
960 4399 1050 4452 est
1099 4401 1344 4471 regnata
1390 4392 1747 4472 triumphata
1793 4389 2005 4471 placita
2050 4399 2229 4471 nupta
2272 4409 2525 4471 pransus
2569 4399 2811 4453 cenatus

233 4501 290 4556 et
329 4493 559 4555 similia.
649 4493 864 4574 quibus
922 4511 1030 4554 nos
1079 4494 1216 4555 ideo
1271 4497 1518 4565 utimur,
1574 4495 1855 4576 quoniam
1908 4494 2257 4555 auctoritate
2300 4493 2638 4563 firmantur;
2686 4512 2808 4555 non
2834 4514 2885 4556 4⁰

365 4701 400 4752 8
429 4699 718 4768 syphoniae
753 4699 804 4749 P
942 4699 1002 4749 11
1036 4713 1098 4750 ns
1131 4711 1164 4754 ς
1203 4713 1290 4748 ens
1323 4699 1374 4748 P
1514 4700 1578 4752 15
1613 4695 1897 4764 locuturus]
1932 4697 2153 4750 lecturus
2185 4699 2236 4748 P
2270 4697 2604 4748 auxiliaturus
2638 4712 2673 4756 3

239 4769 300 4822 18
335 4770 588 4834 relinquid
623 4771 674 4820 P
811 4769 879 4819 27
917 4765 986 4836 et]
1037 4769 1194 4834 Vero.
1226 4769 1360 4825 Aen.
1401 4769 1422 4818 Ι
1460 4771 1558 4821 121
1697 4769 1991 4836 grandebns
2017 4768 2211 4820 alethes
2232 4769 2285 4819 P
2420 4769 2489 4822 35
2524 4775 2814 4837 repugnant

236 4853 268 4898 3
295 4841 588 4908 depugnant
619 4841 672 4892 P

333 4931 632 4976 GRAMMAT.
659 4931 785 4974 [ΔΤ.
813 4930 913 4973 1111.
2322 4929 2404 4993 27
