3434 5442
593 321 720 385 504
1728 313 2036 398 [snncn]

2751 437 2797 477 p.
2826 425 2921 467 500.
2950 425 3007 466 io
3030 423 3079 465 1..

595 523 726 566 esse
767 504 1133 572 mirandum,
1191 504 1240 563 si
1293 504 1467 564 unius
1517 503 1803 582 temporis
1854 504 1948 564 sit.
2035 521 2213 564 omne
2268 505 2427 565 enim
2468 504 2627 585 quod
2672 506 3078 584 promittimus
3116 503 3179 562 in

598 607 858 668 futurum
907 607 1334 686 promittimus:
1384 623 1493 666 nec
1540 606 1696 666 enim
1744 605 2023 684 promitto
2069 611 2169 665 aut
2197 615 2571 684 praesentem
2603 625 2729 668 rem
2761 609 2825 667 in
2854 606 3177 686 praesenti.

597 727 772 788 quam
817 708 959 769 dare
1003 709 1118 770 iam
1163 725 1431 787 possum,
1489 714 1590 768 aut
1632 724 1759 767 rem
1802 707 2212 788 praeteritam,
2258 726 2437 788 quam
2482 707 2635 770 dedi.
2726 718 2817 770 est
2858 717 2921 770 et
2962 710 3177 788 optati-

595 831 699 872 vus
744 810 982 880 modus,
1029 826 1139 890 per
1182 827 1357 889 quem
1417 815 1714 889 optamus,
1774 810 1999 870 utinam
2056 806 2266 888 legam.
2356 819 2447 872 est
2490 820 2549 871 et
2592 811 3003 872 coniunctivus
3048 829 3172 870 mo·

547 939 573 979 s
600 912 737 982 dus,
801 913 896 973 cui
940 913 1314 990 coniungitur
1357 909 1466 972 alia
1515 928 1679 991 pars,
1740 918 1805 972 ut
1844 910 2142 991 inpleatur
2184 929 2421 982 sensus,
2469 910 2639 974 aliter
2682 912 3047 992 semiplenus
3092 921 3181 972 est

597 1032 837 1076 sensus:
901 1033 1034 1076 cum
1101 1013 1322 1093 legam,
1389 1013 1524 1095 quia
1595 1030 1714 1074 non
1781 1019 1896 1074 stat
1954 1031 2185 1084 sensu&
2243 1013 2409 1075 addis
2464 1013 2637 1076 aliam
2679 1023 2941 1096 partem,
3002 1015 3179 1074 ‘cum

596 1114 819 1195 legam,
877 1117 1080 1178 audies
1095 1120 1142 1176 ³.
1229 1113 1404 1177 stulte
1459 1121 1656 1176 autem
1710 1121 1919 1194 putant
1976 1115 2077 1196 qui
2130 1115 2335 1177 dicunt
2376 1117 2511 1178 ideo
2556 1117 2673 1178 dici
2715 1119 3178 1184 coniunctivum,

601 1218 762 1298 quod
810 1220 1184 1281 coniunctam
1231 1216 1447 1278 habeat
1488 1215 1837 1298 particulam
1880 1236 2045 1278 cum:
2093 1235 2231 1278 nam
2276 1226 2337 1279 et
2377 1220 2667 1299 optativus
2708 1217 2891 1280 habet
2932 1221 3183 1280 coniun-

603 1327 754 1382 ctam
811 1318 1160 1401 particulam
1214 1321 1470 1389 utinam;
1537 1336 1680 1398 ergo
1736 1319 1943 1398 incipit
1998 1320 2289 1399 optativus
2346 1322 2523 1382 etiam
2580 1322 2987 1382 coniunctivus
3042 1320 3182 1381 dici.

527 1446 578 1488 ιο
605 1429 696 1484 est
739 1424 916 1506 etiam
961 1422 1310 1492 infinitivuS,
1355 1419 1458 1482 ubi
1501 1438 1622 1482 non
1665 1420 2023 1484 discernitur
2064 1439 2319 1502 persona
2364 1441 2475 1484 nec
2520 1441 2833 1486 numerus:
2878 1441 3017 1484 nam
3046 1423 3185 1483 ideo

604 1525 969 1606 inperfectus
1013 1524 1204 1586 dictus
1259 1529 1367 1584 est.
1456 1521 1690 1603 quando
1736 1522 1984 1585 dicimus
2025 1522 2253 1604 legere,
2312 1527 2550 1603 quaevis
2590 1543 2845 1605 persona
2890 1533 3007 1594 est,
3054 1525 3185 1604 qui·

603 1628 690 1687 vis
734 1643 1034 1688 numerus.
1123 1643 1360 1686 omnem
1417 1631 1612 1686 autem
1671 1642 1800 1686 esse
1846 1642 2159 1704 personam
2203 1624 2449 1688 verbum
2494 1624 2649 1688 aliud
2694 1627 2979 1696 ostendit,
3026 1624 3187 1706 quod

603 1728 742 1789 huic
798 1727 1126 1807 inperfecto
1191 1726 1368 1788 modo
1427 1726 1807 1788 coniunctum
1854 1725 2139 1789 discernit
2174 1745 2489 1808 personas,
2535 1728 2733 1808 legere
2776 1727 2937 1796 volo,
2982 1728 3189 1807 legere

604 1831 722 1898 vis,
769 1827 968 1908 legere
1013 1827 1151 1891 vult.
1229 1827 1442 1889 deinde
1486 1827 1829 1890 adiunctum
1872 1829 1989 1890 hoc
2029 1829 2273 1892 verbum
2318 1847 2494 1908 supra
2540 1830 2697 1892 dicto
2740 1829 2917 1892 modo
2962 1829 3189 1890 discer-

532 1955 582 1997 ιι»
609 1933 697 1992 nit
750 1937 808 1992 et
862 1949 1170 2002 numeros,
1231 1929 1430 2010 legere
1487 1928 1781 2002 volumus,
1840 1928 2038 2010 legere
2083 1932 2281 2004 vultiS,
2326 1931 2527 2011 legere
2568 1931 2787 1994 volunt.
2878 1941 2967 1992 est
3011 1934 3189 1993 etiam

604 2031 997 2114 inpersonalis
1051 2032 1296 2104 moduS,
1355 2032 1456 2094 ubi
1507 2029 1779 2095 similiter
1836 2050 1955 2092 non
2009 2041 2255 2112 possunt
2314 2034 2573 2095 discerni
2630 2052 2946 2116 personae,
2992 2033 3057 2094 id
3100 2041 3197 2094 est

605 2135 841 2214 legitur.
929 2136 980 2195 si
1035 2152 1154 2194 non
1213 2134 1418 2196 definit
1471 2151 1757 2214 personas
1802 2152 1913 2195 nec
1959 2150 2265 2206 numeros,
2322 2153 2508 2216 quare
2552 2154 2673 2198 non
2716 2147 2777 2196 et
2818 2137 2930 2198 iste
2974 2135 3193 2198 dicitur

605 2237 895 2308 infinituS,
944 2244 1044 2298 aut
1085 2234 1185 2297 ille
1229 2236 1445 2297 dicitur
1489 2233 1913 2316 i‘npersonalis?
1985 2237 2127 2317 quid
2172 2239 2328 2299 enim
2371 2238 2655 2300 interest?
2710 2236 2959 2299 multum
3006 2239 3195 2298 inter-

619 2347 730 2402 est.
819 2358 956 2400 nam
1001 2335 1392 2418 inpersonalis
1433 2337 1644 2399 modus
1687 2337 1887 2399 addito
1929 2340 2282 2418 pronomine
2326 2338 2609 2401 discernit
2650 2357 2935 2419 personas
2976 2348 3039 2399 et
3082 2359 3195 2400 nu·

539 2464 591 2505 πο
614 2459 842 2513 meros,
900 2440 1058 2522 quod
1116 2456 1225 2518 per
1277 2438 1436 2500 illam
1495 2439 1946 2502 declinationem
2004 2459 2123 2503 non
2180 2442 2447 2522 sequitur
2500 2443 2561 2502 in
2606 2442 2863 2503 infinito:
2926 2459 3065 2502 nam
3110 2440 3197 2500 ihi

615 2542 779 2605 aliud
823 2541 1068 2604 verbum
1103 2543 1428 2620 coniunge,
1473 2549 1541 2603 ut
1583 2541 1915 2603 discernam
1960 2560 2240 2604 numeros
2284 2550 2343 2604 et
2384 2551 2699 2625 personas,
2746 2541 2875 2604 volo
2921 2545 3005 2604 vis
3050 2541 3194 2603 vult.

617 2645 834 2708 deinde
878 2643 1270 2725 inpersonalis
1315 2651 1376 2705 et
1417 2661 1526 2724 per
1569 2641 1714 2704 alios
1744 2643 1951 2705 modos
1983 2644 2325 2716 declinatur,
2369 2645 2631 2706 infinitus
2674 2663 2795 2706 non
2840 2643 3197 2706 declinatur.

613 2766 721 2829 per
763 2747 1140 2808 indicativum
1196 2749 1306 2808 iste
1360 2744 1779 2827 inpersonalis,
1838 2744 2054 2825 legitur
2105 2764 2140 2807 a
2197 2765 2293 2807 me
2336 2765 2369 2808 a
2412 2754 2471 2807 te
2515 2746 2589 2807 ab
2634 2744 2759 2818 illo,
2804 2754 2867 2808 et
2908 2765 3017 2827 per
3056 2745 3200 2829 'in-

614 2851 939 2930 perativum
1001 2847 1355 2921 declinatur,
1413 2848 1644 2928 legatur
1687 2867 1721 2910 a
1764 2865 1861 2908 me
1916 2867 1949 2908 a
1992 2853 2052 2908 te
2096 2847 2170 2908 ab
2214 2847 2343 2920 illo,
2399 2865 2508 2928 per
2562 2850 2911 2928 optativum,
2970 2851 3199 2911 utinam

549 2973 600 3015 πε
625 2953 858 3031 legatur
901 2971 933 3014 a
977 2968 1074 3011 me
1119 2969 1152 3012 a
1193 2959 1253 3011 te
1299 2948 1371 3012 ab
1415 2949 1545 3021 illo,
1603 2957 1664 3011 et
1717 2969 1827 3030 per
1870 2951 2331 3020 coniunctivum,
2390 2969 2523 3012 cum
2568 2951 2796 3028 legatur
2839 2969 2872 3011 a
2920 2971 3013 3012 me
3059 2971 3095 3012 a
3140 2959 3201 3012 te

613 3053 688 3115 ab
751 3051 875 3114 illo.
961 3053 1119 3114 unde
1175 3059 1422 3132 apparet
1489 3053 1767 3131 quoniam
1838 3050 2231 3131 inpersonalis
2294 3051 2620 3114 secundum
2685 3052 2839 3114 hanc
2905 3055 3203 3114 rationem

615 3154 828 3216 modus
871 3173 992 3216 non
1038 3162 1153 3225 est,
1201 3153 1304 3215 sed
1349 3172 1536 3233 genus
1579 3153 1771 3214 verbi:
1819 3171 1937 3214 non
1980 3154 2142 3215 enim
2184 3161 2380 3233 potest
2422 3154 2631 3216 modus
2659 3173 2768 3234 per
2798 3153 2945 3216 alios
2986 3155 3205 3216 modos

616 3255 921 3318 declinari.
1011 3258 1263 3318 activum
1319 3254 1562 3317 verbum
1623 3254 1953 3316 declinatur
2006 3273 2115 3334 per
2157 3273 2366 3316 omnes
2408 3259 2553 3318 istos
2594 3255 2819 3317 modos.
2912 3257 3203 3337 numquid

615 3377 859 3440 possum
914 3358 1292 3419 indicativum
1350 3358 1590 3420 modum
1646 3375 1757 3436 per
1810 3359 2217 3437 imperativum
2284 3357 2523 3420 modum
2580 3355 2897 3420 declinare.
2986 3358 3207 3420 modus

539 3483 592 3524 ao
617 3480 728 3543 per
784 3459 992 3522 modos
1049 3477 1366 3540 numquam
1426 3458 1781 3528 declinatur:
1841 3477 2027 3538 genus
2078 3478 2188 3540 per
2230 3459 2439 3521 modos
2481 3459 2767 3520 declinari
2810 3468 3022 3540 potest.
3110 3470 3209 3521 αεὶ

618 3565 788 3624 etiam
837 3561 985 3624 alter
1029 3561 1266 3632 moduS,
1327 3563 1430 3642 qui
1473 3560 1802 3643 appellatur
1844 3561 2123 3641 gerundi,
2184 3571 2249 3623 ut
2292 3571 2382 3623 est
2424 3560 2658 3640 legendi
2700 3561 2953 3640 legendo
2994 3563 3205 3642 legen-

618 3665 756 3726 dum
804 3663 1022 3725 lectum
1066 3662 1243 3726 lectu.
1317 3663 1476 3724 hunc
1519 3661 1787 3744 plerique
1832 3681 1951 3724 non
1996 3679 2125 3723 esse
2170 3662 2411 3724 modum
2456 3671 2691 3743 putant,
2736 3663 2842 3725 sed
2888 3681 3021 3724 esse
3064 3683 3207 3744 par-

619 3767 818 3847 ticipia
880 3784 913 3827 a
977 3765 1174 3827 futuro
1236 3773 1506 3845 tempore
1566 3765 1781 3842 passivi
1820 3764 2004 3835 verbi,
2063 3763 2299 3843 legendi
2352 3763 2606 3844 legendo
2663 3764 3008 3844 legendum:
3060 3768 3205 3826 item

619 3869 926 3948 praeteriti
993 3868 1273 3947 temporis
1317 3885 1348 3928 a
1416 3867 1672 3946 passivo,
1739 3865 1959 3928 lectum
2018 3864 2191 3926 lectu.
2282 3884 2425 3945 ergo
2470 3868 2778 3946 participia
2824 3867 3029 3928 dicunt
3073 3885 3209 3928 esse

543 3992 600 4035 ss
623 3969 943 4039 declinata,
991 3988 1111 4030 non
1155 3968 1395 4030 modum
1439 3967 1637 4038 verbi;
1683 3967 1791 4030 sed
1834 3969 1975 4029 satis
2018 3967 2228 4029 falsum
2274 3976 2381 4029 est.
2442 3985 2576 4028 nam
2612 3969 2663 4028 si
2704 3969 3013 4048 participia
3044 3979 3207 4036 sunt,

620 4072 758 4154 quid
805 4071 1086 4133 faciemus
1131 4070 1206 4131 de
1249 4089 1320 4131 eo
1364 4070 1520 4149 quod
1567 4079 1656 4132 est
1699 4071 1889 4132 lectu?
1956 4089 2089 4131 nam
2150 4068 2377 4131 nullum
2420 4071 2795 4151 participium
2841 4089 2948 4151 per
2992 4089 3203 4132 rerum

620 4182 888 4235 naturam
944 4192 985 4234 u
1037 4171 1230 4234 littera
1289 4173 1642 4235 terminatur
1699 4170 1951 4234 ablativo
2007 4190 2165 4235 casu.
2252 4171 2467 4233 deinde
2532 4173 2583 4233 si
2628 4172 2846 4232 dixeris
2889 4173 3211 4252 participia

591 4295 778 4348 csse,
835 4277 963 4336 sine
1008 4273 1184 4336 dubio
1229 4276 1540 4355 participia
1594 4284 1733 4336 sunt
1776 4276 2039 4354 passivae
2084 4275 2544 4354 significationis,
2636 4293 2770 4336 nam
2812 4281 2873 4335 et
2910 4274 3213 4354 praeteri-

623 4387 742 4440 tum
791 4386 1021 4456 tempus
1063 4395 1096 4437 a
1139 4379 1380 4458 passivis
1433 4379 1594 4438 venit
1643 4379 1705 4438 in
1765 4377 2089 4456 participiis
2134 4385 2194 4436 et
2236 4377 2495 4438 futurum
2542 4377 2701 4456 quod
2742 4377 2806 4436 in
2852 4375 2961 4436 dus
3008 4383 3211 4436 exeat.

545 4499 597 4541 ιο
624 4497 804 4559 quare
849 4497 990 4560 ergo
1032 4480 1362 4541 invenimus
1403 4478 1580 4540 istum
1627 4478 1867 4540 modum
1913 4479 2086 4540 etiam
2132 4479 2378 4540 activam
2423 4479 2909 4557 significationem
2954 4476 3211 4550 habere,

924 4581 1251 4661 frigidus
1293 4583 1365 4642 in
1408 4583 1658 4662 pratis
1701 4579 2073 4643 cantando
2119 4581 2486 4660 rumpitur
2530 4581 2825 4658 anguis:

760 4753 818 4800 ‘21
866 4753 1121 4818 coniunge
1157 4762 1213 4802 ut
1249 4753 1537 4803 discernam
1564 4753 1616 4803 F
1651 4753 1907 4818 coniungo
1942 4753 2123 4818 (iungo
2153 4751 2227 4817 L)
2259 4759 2308 4802 et
2345 4751 2630 4801 discernam
2662 4751 2755 4802 LS
2886 4747 2952 4800 31
2990 4751 3137 4800 aliter
3170 4751 3229 4800 F

765 4822 1023 4886 gerundus
1063 4819 1199 4871 LFS
1333 4823 1402 4874 38
1429 4837 1545 4872 nam
1579 4823 1905 4888 praeteritum
1945 4820 2082 4871 LF'S
2218 4822 2283 4872 41
2322 4817 2567 4888 frigidus]
2615 4821 2773 4886 Ver-9.
2808 4819 2973 4873 bucol.
3014 4819 3069 4882 8,
3106 4821 3173 4872 71
