3434 5442
825 300 922 362 DE
971 299 1270 362 VLTlMlS
1317 299 1671 398 sYILABls
1715 299 1793 360 111
1838 298 2069 362 3-1111
2108 300 2143 361 8
2658 301 2783 365 223

309 430 345 470 ρ.
373 414 550 458 2³91.oe
574 415 624 458 P.
2370 427 2417 468 p.
2446 415 2599 457 45-47
2628 414 2675 456 L.

227 488 386 547 victa
433 487 650 546 situ':
724 485 934 556 habet,
990 504 1125 547 cum
1180 487 1240 546 in
1289 485 1484 547 medio
1533 486 1740 555 fuerit,
1800 493 1867 548 ut
1928 489 2093 546 ‘vos
2150 488 2446 548 aeterni
2504 489 2782 563 ignes’:

223 587 422 656 desinit,
463 586 698 666 quando
739 587 800 646 iu
845 589 960 648 fine
1007 588 1192 664 posita
1237 594 1343 658 est,
1391 595 1456 647 ut
1500 591 1610 647 ‘te
1657 605 1952 665 quoque
1998 606 2254 665 magna
2302 585 2577 648 Pales’.

365 687 761 750 Nominativus
810 688 1125 766 singularis
1167 689 1478 750 duodecim
1533 687 1741 750 litteris
1798 690 2165 751 terminatur.
2258 707 2367 768 per
2428 689 2534 750 has
2590 691 2783 750 omnis

221 791 640 850 novissimarum
679 787 1036 869 syllabarum
1081 799 1322 852 naturas
1365 792 1648 869 aperiam.
1740 791 2130 852 nominativus
2163 789 2477 868 singularis
2522 809 2553 852 a
2588 789 2783 850 littera

221 892 536 952 terminatus
585 891 644 951 in
698 893 860 951 omni
911 909 1130 970 genere
1177 899 1540 969 postremam
1584 890 1865 970 syllabam
1910 891 2151 952 brevem
2201 891 2367 953 facit:
2436 891 2779 962 masculino,
2834 923 2859 960 5

220 1003 274 1052 ut
304 995 314 1070 Ι
349 991 650 1052 ‘advena
694 995 1018 1062 nostri’;
1065 994 1365 1062 feminino,
1413 1000 1478 1054 ut

491 1093 662 1154 Irim
693 1093 795 1154 -de
839 1093 1050 1155 caelo
1095 1096 1296 1156 misit
1339 1093 1696 1156 Saturnia
1748 1094 1947 1156 Iuno.

219 1203 408 1256 neutro
449 1213 684 1276 quoque
725 1197 782 1257 in
825 1197 964 1258 solis
1007 1196 1346 1258 nominibus
1392 1197 1654 1265 Graecis,
1703 1198 1982 1274 quoniam
2028 1197 2231 1256 Latina
2278 1216 2395 1258 non
2434 1205 2603 1266 sunt,
2646 1197 2816 1259 bre--

219 1300 290 1357 vis
333 1304 430 1368 est,
473 1305 538 1358 ut
581 1298 858 1360 Horatius
901 1300 958 1359 in
1005 1305 1132 1360 arte
1179 1299 1406 1378 poetica

491 1401 599 1460 sic
651 1402 924 1461 animis
963 1407 1215 1461 natum
1257 1402 1805 1478 inventumque
1848 1417 2104 1477 poema
2150 1400 2512 1460 iuvandis,
2810 1424 2859 1464 ιο

219 1509 268 1558 et
307 1501 592 1561 communi
645 1517 866 1577 genere
921 1502 1126 1562 eadem
1176 1500 1394 1580 syllaba
1451 1500 1646 1563 brevis
1701 1508 1819 1571 est,
1888 1519 1963 1562 ne
2019 1503 2080 1560 in
2131 1502 2413 1581 exemplis
2463 1502 2781 1562 diutissime

220 1619 582 1663 1·emoremur.
671 1605 1064 1666 nominativus
1103 1603 1416 1681 singularis
1461 1621 1494 1662 e
1527 1601 1721 1664 littera
1758 1603 2107 1664 terminatus
2150 1602 2473 1664 masculino
2516 1610 2573 1664 et
2617 1604 2784 1663 semi-

219 1702 344 1762 nino
379 1719 594 1778 genere
639 1705 946 1766 nominum
992 1706 1356 1766 Graecorum
1403 1711 1492 1766 est
1529 1713 1587 1766 et
1631 1706 2004 1765 novissimam
2050 1704 2331 1784 syllabam
2374 1723 2611 1784 semper
2654 1705 2782 1767 lon-

218 1821 332 1878 gam
363 1803 508 1874 facit,
554 1811 619 1868 ut
658 1805 1097 1884 ‘praeterea
1142 1815 1530 1885 sceptrum
1575 1805 1864 1866 Ilione'
1916 1813 1983 1866 et·
2014 1809 2193 1867 ‘non
2232 1806 2474 1868 Beroe
2513 1806 2782 1868 vobis'.

220 1913 408 1966 neutro
450 1913 649 1966 autem
689 1925 907 1984 genere
937 1907 1282 1986 Latinorum
1324 1911 1633 1968 nominum
1680 1914 1771 1968 est
1812 1895 1872 1968 et
1899 1925 2136 1986 semper
2164 1907 2407 1970 brevem
2441 1909 2671 1987 recipit,
2720 1914 2862 1970 ut15

490 2015 640 2070 tum
683 2027 860 2070 vero
907 2028 1122 2070 omne
1161 2010 1342 2072 mihi
1387 2011 1623 2071 visum
1669 2028 1721 2070 c.

219 2117 266 2168 et
307 2109 644 2170 ‘nomine
683 2127 1054 2189 quemque
1091 2115 1418 2172 vocans'.
1507 2111 1901 2172 nominativus
1938 2110 2251 2188 singularis
2289 2113 2307 2173 i
2343 2110 2537 2173 littera
2584 2115 2783 2176 termi-

217 2218 372 2271 natus
397 2207 428 2292 ss
451 2229 574 2272 non
623 2212 748 2274 sere
793 2212 1033 2281 accidit3
1084 2221 1277 2274 tamen
1323 2213 1372 2271 si
1430 2211 1721 2282 evenerit,
1780 2212 2157 2274 novissimam
2207 2211 2489 2292 syllabam
2546 2211 2782 2289 longam

215 2311 422 2390 recipit.
509 2315 906 2376 nominativus
967 2312 1284 2392 singularis
1345 2312 1534 2374 Latini
1595 2314 1855 2395 nominis
1920 2333 1955 2373 o
2014 2312 2211 2376 littera
2276 2316 2652 2381 terminatus,
2720 2322 2784 2375 ut

215 2413 466 2491 superius
501 2414 723 2476 dictum
769 2422 874 2484 est,
921 2433 1157 2492 semper
1197 2414 1434 2493 longam
1479 2415 1710 2492 recipit,
1756 2415 2051 2476 interdum
2097 2434 2209 2495 pro
2252 2418 2599 2478 necessitate
2640 2415 2778 2476 bre·
2808 2438 2861 2478 20

219 2533 346 2574 vem.
407 2522 465 2576 at
505 2517 558 2576 si
595 2517 822 2580 Graeca
861 2517 1098 2578 nomina
1143 2517 1378 2588 suerint,
1425 2535 1661 2594 semper
1703 2515 1942 2595 longam
1984 2518 2297 2596 recipiunt,
2346 2527 2409 2579 ut
2448 2517 2785 2578 ‘Allecto

219 2625 476 2678 torvam
523 2618 859 2687 saciem’,
920 2619 1196 2698 ‘Pyrgo
1243 2625 1352 2678 tot
1395 2619 1668 2680 Priami
1711 2623 2115 2680 natorum'.
2198 2619 2619 2692 nominativum
2662 2621 2783 2680 sin·

217 2716 456 2793 gularem
516 2720 698 2798 aptoti
765 2719 1021 2780 nominis
1081 2721 1276 2782 neutri
1343 2721 1578 2797 generis
1624 2739 1662 2780 ιι
1707 2719 1899 2782 littera
1952 2722 2333 2782 terminatum
2396 2723 2458 2780 in
2512 2727 2785 2799 poemate

216 2818 388 2897 aliquo
432 2838 552 2882 non
603 2819 828 2882 facilius
873 2821 1165 2891 invenies,
1223 2829 1285 2881 ut
1330 2823 1378 2882 si
1423 2822 1604 2882 facias
1650 2821 1765 2882 hoc
1810 2840 1997 2882 cornu
2052 2830 2112 2882 et
2161 2823 2279 2883 hoc
2317 2840 2473 2900 genu
2528 2820 2615 2882 vel
2667 2821 2785 2882 hoc

217 2919 350 2996 gelu.
419 2940 556 2982 nam
601 2921 752 2984 haec
795 2923 1033 2984 nomina
1077 2922 1230 3000 apud
1276 2921 1596 2998 Vergilium
1633 2924 1881 3001 septimo
1928 2941 2069 2984 casu
2111 2925 2509 2986 inveniuntur.
2582 2941 2781 2983 verum
2810 2947 2860 2986 25

221 3030 388 3081 tamen
444 3024 493 3082 si
537 3025 964 3086 nominativum
1016 3043 1216 3086 casum
1277 3023 1592 3085 conlocare
1638 3023 1923 3094 volueriS,
1982 3025 2245 3086 ultimam
2296 3025 2449 3086 hanc
2502 3022 2782 3103 syllabam

219 3119 428 3200 longam
471 3126 710 3204 ponito,
769 3126 1048 3206 quoniam
1095 3141 1338 3188 necesse
1393 3134 1483 3188 est
1524 3129 1584 3186 in
1630 3126 1882 3188 ablativo
1933 3144 2061 3188 eam
2119 3126 2397 3205 produci,
2454 3131 2518 3187 ut
2560 3125 2785 3187 Tullius

219 3226 268 3282 in
305 3227 476 3286 Arato

493 3329 636 3389 iam
675 3329 900 3389 Tauri
940 3327 1228 3390 laevum
1275 3347 1507 3390 cornu
1553 3330 1979 3410 dexterque
2022 3328 2243 3391 simul
2286 3347 2434 3408 pes,

217 3425 408 3488 ibidem
445 3437 506 3490 et
544 3431 850 3509 corripuit,
905 3438 970 3492 ut
2216 3461 2227 3472 ·
2808 3454 2861 3494 ao

491 3530 630 3591 hac
671 3539 979 3610 propter
1021 3531 1312 3594 laevum
1357 3550 1546 3610 genu
1590 3535 1832 3594 omnis
1874 3542 2090 3613 parte
2136 3533 2454 3594 locatus·

217 3631 264 3689 in
298 3630 540 3692 ablativo
583 3639 780 3694 tamen
825 3635 952 3696 sine
991 3633 1368 3712 ambiguitate
1415 3634 1783 3712 producitur.

362 3733 766 3796 Nominativus
817 3734 1128 3814 singularis
1173 3754 1274 3796 sex
1320 3735 1529 3796 litteris
1569 3735 2025 3798 semivocalibus
2061 3737 2440 3807 terminatur,
2509 3736 2528 3796 1
2576 3755 2632 3796 m
2670 3755 2710 3796 n
2754 3755 2783 3796 r

217 3852 240 3891 s
273 3854 322 3894 x.
405 3835 818 3918 nolminativus
870 3838 1185 3914 singularis
1229 3836 1248 3896 l
1291 3836 1484 3898 littera
1542 3839 1893 3898 terminatus
1938 3836 2263 3898 masculino
2307 3847 2367 3898 et
2417 3846 2629 3899 neutro
2680 3855 2782 3915 ge·

219 3953 340 3998 nere
391 3936 886 4015 praecedentibus
948 3937 1138 4000 tribus
1195 3938 1494 4001 vocalibus
1531 3958 1565 4000 a
1609 3959 1641 4002 e
1679 3958 1721 4000 u
1772 3940 2145 4000 novissimam
2202 3939 2481 4019 syllabam
2539 3939 2778 4000 brevem
2808 3955 2860 3994 aa

219 4039 420 4116 recipit,
471 4045 536 4099 ut
577 4038 853 4100 Lucanus

335 4347 358 4397 1
399 4344 515 4410 vos]
561 4347 718 4412 Vera.
749 4346 878 4396 Aen.
921 4348 961 4396 11
995 4347 1094 4398 154
1236 4349 1270 4398 2
1305 4343 1375 4412 te]
1422 4349 1581 4413 Vera.
1613 4363 1788 4413 yeory.
1829 4349 1895 4399 lli
1932 4349 1957 4398 l
2106 4348 2139 4399 3
2175 4348 2269 4398 has
2306 4345 2572 4397 Putet-Iesus
2606 4344 2699 4394 bos
2732 4343 2784 4394 B

330 4417 362 4468 6
395 4417 600 4466 aduena
635 4417 827 4466 nostris
865 4431 923 4474 ςε
971 4418 1128 4481 Verq.
1162 4416 1320 4468 bucol.
1363 4418 1412 4478 9,
1453 4420 1485 4467 2
1662 4420 1693 4467 7
1732 4416 1869 4482 Irim]
1912 4421 2071 4483 Vera.
2110 4418 2243 4469 Aen.
2291 4417 2433 4468 Vllll
2470 4417 2501 4466 2
2659 4413 2693 4464 9
2730 4417 2780 4466 in

221 4495 306 4600 τω
335 4483 554 4606 vav
594 4503 642 4536 ν·
671 4487 810 4606 ³12⁷,
853 4553 922 4618 m]
969 4487 1078 4604 ,ἐι
1091 4485 1380 4605 rarsi
1630 4487 1759 4607 Aa
1795 4487 2019 4622 tvvm]
2068 4560 2119 4607 V
2164 4483 2781 4606 fv·

221 4571 558 4689 ἳίῑκέυροτῖιιε]
589 4639 648 4687 p.
686 4573 904 4683 220,u18
1047 4571 1406 4676 ἱιῇἐιίὶιιὲιυ-
1441 4625 1696 4689 recipiunt
1734 4642 1824 4676 om.
1864 4574 2224 4676 Pmengry.
2274 4627 2336 4676 21
2380 4590 2431 4674 ut
2464 4637 2499 4679 ς
2537 4633 2591 4671 ut
2631 4625 2679 4673 B

223 4695 406 4758 Allecto}
458 4694 614 4758 γῆς.
635 4694 768 4744 Aen.
799 4697 882 4742 Vll
914 4694 1018 4745 415
1155 4696 1223 4746 22
1259 4693 1444 4760 Pyrgo]
1494 4696 1650 4759 Very.
1673 4697 1802 4744 Aen.
1830 4697 1873 4744 V
1905 4697 2007 4747 645
2148 4697 2212 4746 31
2252 4691 2369 4758 hac]
2408 4695 2510 4744 Cic.
2533 4694 2685 4743 Aren.
2716 4695 2780 4744 27

331 4781 472 4830 genu
510 4765 604 4813 nisi
639 4776 786 4829 parte
822 4777 857 4820 ς
991 4763 1066 4833 ,36
1103 4763 1358 4828 Lucanus]
1401 4763 1642 4816 Phar-sal.
1683 4767 1697 4812 l
1734 4763 1836 4814 30⁴
