<?xml version="1.0" encoding="UTF-8"?>
<!DOCTYPE html PUBLIC "-//W3C//DTD XHTML 1.0 Transitional//EN"
    "http://www.w3.org/TR/xhtml1/DTD/xhtml1-transitional.dtd">
<html xmlns="http://www.w3.org/1999/xhtml" xml:lang="en" lang="en">
 <head>
  <title>
</title>
<meta http-equiv="Content-Type" content="text/html;charset=utf-8" />
  <meta name='ocr-system' content='tesseract 3.04.00' />
  <meta name='ocr-capabilities' content='ocr_page ocr_carea ocr_par ocr_line ocrx_word'/>
</head>
<body>
  <div class='ocr_page' id='page_1' title='image "./grammaticilatin01unkngoog_0176.png"; bbox 0 0 3434 5442; ppageno 0'>
   <div class='ocr_carea' id='block_1_1' title="bbox 997 312 2832 378">
    <p class='ocr_par' dir='ltr' id='par_1_1' title="bbox 997 312 2832 378">
     <span class='ocr_line' id='line_1_1' title="bbox 997 312 2832 378; baseline -0.001 -1"><span class='ocrx_word' id='word_1_1' title='bbox 997 315 1388 378; x_wconf 76' lang='lat' dir='ltr'>INSTITVTA</span> <span class='ocrx_word' id='word_1_2' title='bbox 1428 314 1713 378; x_wconf 80' lang='lat' dir='ltr'>ARTIVM</span> <span class='ocrx_word' id='word_1_3' title='bbox 1759 313 1826 375; x_wconf 84' lang='lat'><strong>41</strong></span> <span class='ocrx_word' id='word_1_4' title='bbox 1850 312 2092 375; x_wconf 82' lang='lat'>1—423</span> <span class='ocrx_word' id='word_1_5' title='bbox 2715 315 2740 373; x_wconf 87' lang='grc'>1</span> <span class='ocrx_word' id='word_1_6' title='bbox 2759 316 2832 375; x_wconf 82' lang='lat'><strong>15</strong></span> 
     </span>
    </p>
   </div>
   <div class='ocr_carea' id='block_1_2' title="bbox 234 428 2837 584">
    <p class='ocr_par' dir='ltr' id='par_1_2' title="bbox 234 428 2837 584">
     <span class='ocr_line' id='line_1_2' title="bbox 350 428 2732 489; baseline -0.001 -18"><span class='ocrx_word' id='word_1_7' title='bbox 350 444 389 482; x_wconf 84' lang='lat' dir='ltr'><strong>p.</strong></span> <span class='ocrx_word' id='word_1_8' title='bbox 418 430 509 471; x_wconf 75' lang='lat'><strong>283.</strong></span> <span class='ocrx_word' id='word_1_9' title='bbox 528 431 581 473; x_wconf 74' lang='lat'><strong>34</strong></span> <span class='ocrx_word' id='word_1_10' title='bbox 611 432 663 472; x_wconf 80' lang='lat' dir='ltr'><strong>R.</strong></span> <span class='ocrx_word' id='word_1_11' title='bbox 822 478 833 489; x_wconf 63' lang='lat'><strong>,</strong></span> <span class='ocrx_word' id='word_1_12' title='bbox 2421 442 2464 483; x_wconf 85' lang='lat' dir='ltr'><strong>p.</strong></span> <span class='ocrx_word' id='word_1_13' title='bbox 2493 429 2650 473; x_wconf 64' lang='lat' dir='ltr'>321.ae</span> <span class='ocrx_word' id='word_1_14' title='bbox 2680 428 2732 469; x_wconf 84' lang='lat' dir='ltr'><strong>V.</strong></span> 
     </span>
     <span class='ocr_line' id='line_1_3' title="bbox 234 500 2837 584; baseline 0 -24"><span class='ocrx_word' id='word_1_15' title='bbox 234 500 379 579; x_wconf 87' lang='lat' dir='ltr'><strong>plus</strong></span> <span class='ocrx_word' id='word_1_16' title='bbox 412 520 587 581; x_wconf 86' lang='lat' dir='ltr'><strong>quam</strong></span> <span class='ocrx_word' id='word_1_17' title='bbox 628 502 915 565; x_wconf 85' lang='lat' dir='ltr'><strong>undecim</strong></span> <span class='ocrx_word' id='word_1_18' title='bbox 960 505 1105 572; x_wconf 89' lang='lat' dir='ltr'><strong>soni,</strong></span> <span class='ocrx_word' id='word_1_19' title='bbox 1152 502 1268 564; x_wconf 90' lang='lat' dir='ltr'><strong>hoc</strong></span> <span class='ocrx_word' id='word_1_20' title='bbox 1298 510 1387 563; x_wconf 90' lang='lat' dir='ltr'><strong>est</strong></span> <span class='ocrx_word' id='word_1_21' title='bbox 1417 502 1548 581; x_wconf 89' lang='lat' dir='ltr'><strong>plus</strong></span> <span class='ocrx_word' id='word_1_22' title='bbox 1590 522 1770 584; x_wconf 88' lang='lat' dir='ltr'><strong>quam</strong></span> <span class='ocrx_word' id='word_1_23' title='bbox 1815 502 2088 565; x_wconf 89' lang='lat' dir='ltr'><strong>undecim</strong></span> <span class='ocrx_word' id='word_1_24' title='bbox 2133 502 2400 572; x_wconf 87' lang='lat' dir='ltr'><strong>nomina,</strong></span> <span class='ocrx_word' id='word_1_25' title='bbox 2447 519 2567 561; x_wconf 91' lang='lat' dir='ltr'><strong>non</strong></span> <span class='ocrx_word' id='word_1_26' title='bbox 2612 501 2837 581; x_wconf 82' lang='lat' dir='ltr'><strong>possint</strong></span> 
     </span>
    </p>
   </div>
   <div class='ocr_carea' id='block_1_3' title="bbox 228 604 2915 989">
    <p class='ocr_par' dir='ltr' id='par_1_3' title="bbox 228 604 2835 786">
     <span class='ocr_line' id='line_1_4' title="bbox 234 604 2835 685; baseline 0 -22"><span class='ocrx_word' id='word_1_27' title='bbox 234 604 533 665; x_wconf 76' lang='lat' dir='ltr'><strong>exhiheri.</strong></span> <span class='ocrx_word' id='word_1_28' title='bbox 625 605 703 667; x_wconf 90' lang='lat' dir='ltr'><strong>de</strong></span> <span class='ocrx_word' id='word_1_29' title='bbox 747 606 938 667; x_wconf 78' lang='lat' dir='ltr'><strong>forma</strong></span> <span class='ocrx_word' id='word_1_30' title='bbox 984 606 1215 683; x_wconf 83' lang='lat' dir='ltr'><strong>generis</strong></span> <span class='ocrx_word' id='word_1_31' title='bbox 1263 607 1475 675; x_wconf 83' lang='lat' dir='ltr'><strong>neutri,</strong></span> <span class='ocrx_word' id='word_1_32' title='bbox 1517 624 1633 685; x_wconf 92' lang='lat' dir='ltr'><strong>qua</strong></span> <span class='ocrx_word' id='word_1_33' title='bbox 1676 606 1928 667; x_wconf 82' lang='lat' dir='ltr'>diximus</span> <span class='ocrx_word' id='word_1_34' title='bbox 1971 604 2222 667; x_wconf 75' lang='lat' dir='ltr'><strong>ablativo</strong></span> <span class='ocrx_word' id='word_1_35' title='bbox 2267 622 2406 665; x_wconf 89' lang='lat' dir='ltr'><strong>casu</strong></span> <span class='ocrx_word' id='word_1_36' title='bbox 2443 605 2675 665; x_wconf 89' lang='lat' dir='ltr'><strong>numeri</strong></span> <span class='ocrx_word' id='word_1_37' title='bbox 2717 604 2835 663; x_wconf 89' lang='lat' dir='ltr'><strong>sin-</strong></span> 
     </span>
     <span class='ocr_line' id='line_1_5' title="bbox 228 704 2750 786; baseline -0.001 -19"><span class='ocrx_word' id='word_1_38' title='bbox 228 704 469 781; x_wconf 81' lang='lat' dir='ltr'><strong>gularis</strong></span> <span class='ocrx_word' id='word_1_39' title='bbox 510 708 752 768; x_wconf 89' lang='lat' dir='ltr'><strong>nomina</strong></span> <span class='ocrx_word' id='word_1_40' title='bbox 796 726 833 768; x_wconf 88' lang='lat' dir='ltr'><strong>u</strong></span> <span class='ocrx_word' id='word_1_41' title='bbox 874 707 1064 770; x_wconf 87' lang='lat' dir='ltr'><strong>littera</strong></span> <span class='ocrx_word' id='word_1_42' title='bbox 1112 707 1435 776; x_wconf 87' lang='lat' dir='ltr'><strong>terminari,</strong></span> <span class='ocrx_word' id='word_1_43' title='bbox 1481 714 1765 786; x_wconf 89' lang='lat' dir='ltr'><strong>quantum</strong></span> <span class='ocrx_word' id='word_1_44' title='bbox 1805 708 1956 769; x_wconf 87' lang='lat' dir='ltr'><strong>ratio</strong></span> <span class='ocrx_word' id='word_1_45' title='bbox 2001 707 2300 786; x_wconf 84' lang='lat' dir='ltr'><strong>poscebat,</strong></span> <span class='ocrx_word' id='word_1_46' title='bbox 2353 708 2750 768; x_wconf 79' lang='lat' dir='ltr'><strong>tractavimus,</strong></span> 
     </span>
    </p>

    <p class='ocr_par' dir='ltr' id='par_1_4' title="bbox 230 808 2915 989">
     <span class='ocr_line' id='line_1_6' title="bbox 424 808 2838 889; baseline -0.001 -19"><span class='ocrx_word' id='word_1_47' title='bbox 424 809 509 871; x_wconf 89' lang='lat' dir='ltr'><strong>De</strong></span> <span class='ocrx_word' id='word_1_48' title='bbox 550 828 773 889; x_wconf 79' lang='lat' dir='ltr'>genere</span> <span class='ocrx_word' id='word_1_49' title='bbox 816 810 995 871; x_wconf 89' lang='lat' dir='ltr'><strong>omni.</strong></span> <span class='ocrx_word' id='word_1_50' title='bbox 1084 812 1279 871; x_wconf 91' lang='lat' dir='ltr'><strong>omnis</strong></span> <span class='ocrx_word' id='word_1_51' title='bbox 1332 810 1567 887; x_wconf 82' lang='lat' dir='ltr'><strong>generis</strong></span> <span class='ocrx_word' id='word_1_52' title='bbox 1610 810 1878 878; x_wconf 89' lang='lat' dir='ltr'><strong>nomina,</strong></span> <span class='ocrx_word' id='word_1_53' title='bbox 1937 826 2089 889; x_wconf 89' lang='lat' dir='ltr'><strong>quae</strong></span> <span class='ocrx_word' id='word_1_54' title='bbox 2133 808 2380 870; x_wconf 86' lang='lat' dir='ltr'><strong>ablativo</strong></span> <span class='ocrx_word' id='word_1_55' title='bbox 2421 827 2560 869; x_wconf 90' lang='lat' dir='ltr'><strong>casu</strong></span> <span class='ocrx_word' id='word_1_56' title='bbox 2605 808 2838 870; x_wconf 84' lang='lat' dir='ltr'><strong>numeri</strong></span> 
     </span>
     <span class='ocr_line' id='line_1_7' title="bbox 230 903 2915 989; baseline 0.001 -18"><span class='ocrx_word' id='word_1_57' title='bbox 230 910 564 989; x_wconf 78' lang='lat' dir='ltr'><strong>singularis</strong></span> <span class='ocrx_word' id='word_1_58' title='bbox 618 932 658 973; x_wconf 90' lang='lat' dir='ltr'><strong>u</strong></span> <span class='ocrx_word' id='word_1_59' title='bbox 713 911 909 973; x_wconf 86' lang='lat' dir='ltr'><strong>littera</strong></span> <span class='ocrx_word' id='word_1_60' title='bbox 961 903 1383 982; x_wconf 75' lang='lat' dir='ltr'><strong>terminantur,</strong></span> <span class='ocrx_word' id='word_1_61' title='bbox 1438 913 1585 975; x_wconf 88' lang='lat' dir='ltr'><strong>haec</strong></span> <span class='ocrx_word' id='word_1_62' title='bbox 1636 913 1991 973; x_wconf 88' lang='lat' dir='ltr'><strong>nominativo</strong></span> <span class='ocrx_word' id='word_1_63' title='bbox 2053 929 2192 973; x_wconf 87' lang='lat' dir='ltr'><strong>casu</strong></span> <span class='ocrx_word' id='word_1_64' title='bbox 2245 912 2476 972; x_wconf 89' lang='lat' dir='ltr'><strong>numeri</strong></span> <span class='ocrx_word' id='word_1_65' title='bbox 2524 909 2838 988; x_wconf 68' lang='lat' dir='ltr'><strong>singularis</strong></span> <span class='ocrx_word' id='word_1_66' title='bbox 2889 934 2915 973; x_wconf 83' lang='lat'><strong>5</strong></span> 
     </span>
    </p>
   </div>
   <div class='ocr_carea' id='block_1_4' title="bbox 146 1011 2837 1091">
    <p class='ocr_par' dir='ltr' id='par_1_5' title="bbox 146 1011 2837 1091">
     <span class='ocr_line' id='line_1_8' title="bbox 146 1011 2837 1091; baseline 0 -20"><span class='ocrx_word' id='word_1_67' title='bbox 146 1058 167 1071; x_wconf 89' lang='lat'><em>.</em></span> <span class='ocrx_word' id='word_1_68' title='bbox 232 1032 373 1074; x_wconf 82' lang='lat' dir='ltr'><strong>una</strong></span> <span class='ocrx_word' id='word_1_69' title='bbox 414 1014 527 1075; x_wconf 88' lang='lat' dir='ltr'><strong>hac</strong></span> <span class='ocrx_word' id='word_1_70' title='bbox 567 1014 758 1075; x_wconf 79' lang='lat' dir='ltr'><strong>forma</strong></span> <span class='ocrx_word' id='word_1_71' title='bbox 814 1014 1169 1075; x_wconf 84' lang='lat' dir='ltr'><strong>definiuntur</strong></span> <span class='ocrx_word' id='word_1_72' title='bbox 1223 1021 1476 1085; x_wconf 88' lang='lat' dir='ltr'><strong>tantum,</strong></span> <span class='ocrx_word' id='word_1_73' title='bbox 1536 1034 1607 1084; x_wconf 91' lang='lat' dir='ltr'><strong>u,</strong></span> <span class='ocrx_word' id='word_1_74' title='bbox 1665 1021 1722 1075; x_wconf 90' lang='lat' dir='ltr'><strong>et</strong></span> <span class='ocrx_word' id='word_1_75' title='bbox 1767 1014 1842 1075; x_wconf 90' lang='lat' dir='ltr'><strong>ad</strong></span> <span class='ocrx_word' id='word_1_76' title='bbox 1886 1013 2000 1075; x_wconf 90' lang='lat' dir='ltr'><strong>hoc</strong></span> <span class='ocrx_word' id='word_1_77' title='bbox 2049 1011 2380 1091; x_wconf 83' lang='lat' dir='ltr'><strong>exemplum</strong></span> <span class='ocrx_word' id='word_1_78' title='bbox 2437 1012 2837 1075; x_wconf 82' lang='lat' dir='ltr'><strong>declinantur:</strong></span> 
     </span>
    </p>
   </div>
   <div class='ocr_carea' id='block_1_5' title="bbox 230 1114 3010 4345">
    <p class='ocr_par' dir='ltr' id='par_1_6' title="bbox 230 1114 3010 2524">
     <span class='ocr_line' id='line_1_9' title="bbox 230 1114 2842 1193; baseline -0.001 -16"><span class='ocrx_word' id='word_1_79' title='bbox 230 1116 489 1178; x_wconf 85' lang='lat' dir='ltr'><strong>numeri</strong></span> <span class='ocrx_word' id='word_1_80' title='bbox 542 1114 854 1193; x_wconf 81' lang='lat' dir='ltr'><strong>singularis</strong></span> <span class='ocrx_word' id='word_1_81' title='bbox 918 1116 1015 1177; x_wconf 88' lang='lat' dir='ltr'><strong>hic</strong></span> <span class='ocrx_word' id='word_1_82' title='bbox 1072 1124 1130 1176; x_wconf 90' lang='lat' dir='ltr'><strong>et</strong></span> <span class='ocrx_word' id='word_1_83' title='bbox 1182 1116 1328 1177; x_wconf 88' lang='lat' dir='ltr'><strong>haec</strong></span> <span class='ocrx_word' id='word_1_84' title='bbox 1380 1117 1566 1179; x_wconf 87' lang='lat' dir='ltr'><strong>maior</strong></span> <span class='ocrx_word' id='word_1_85' title='bbox 1610 1124 1750 1179; x_wconf 87' lang='lat' dir='ltr'><strong>natu</strong></span> <span class='ocrx_word' id='word_1_86' title='bbox 1807 1124 1866 1179; x_wconf 88' lang='lat' dir='ltr'><strong>et</strong></span> <span class='ocrx_word' id='word_1_87' title='bbox 1915 1116 2032 1177; x_wconf 85' lang='lat' dir='ltr'><strong>hoc</strong></span> <span class='ocrx_word' id='word_1_88' title='bbox 2087 1116 2274 1177; x_wconf 89' lang='lat' dir='ltr'><strong>maius</strong></span> <span class='ocrx_word' id='word_1_89' title='bbox 2316 1124 2486 1185; x_wconf 88' lang='lat' dir='ltr'><strong>natu,</strong></span> <span class='ocrx_word' id='word_1_90' title='bbox 2562 1115 2738 1177; x_wconf 87' lang='lat' dir='ltr'><strong>huius</strong></span> <span class='ocrx_word' id='word_1_91' title='bbox 2783 1122 2842 1175; x_wconf 85' lang='lat' dir='ltr'><strong>et</strong></span> 
     </span>
     <span class='ocr_line' id='line_1_10' title="bbox 234 1216 2842 1288; baseline -0.001 -10"><span class='ocrx_word' id='word_1_92' title='bbox 234 1218 438 1279; x_wconf 86' lang='lat' dir='ltr'><strong>huius</strong></span> <span class='ocrx_word' id='word_1_93' title='bbox 494 1226 551 1279; x_wconf 92' lang='lat' dir='ltr'><strong>et</strong></span> <span class='ocrx_word' id='word_1_94' title='bbox 591 1218 765 1281; x_wconf 89' lang='lat' dir='ltr'><strong>huius</strong></span> <span class='ocrx_word' id='word_1_95' title='bbox 806 1220 1043 1279; x_wconf 90' lang='lat' dir='ltr'><strong>maioris</strong></span> <span class='ocrx_word' id='word_1_96' title='bbox 1088 1228 1258 1288; x_wconf 86' lang='lat' dir='ltr'><strong>natu,</strong></span> <span class='ocrx_word' id='word_1_97' title='bbox 1314 1218 1453 1285; x_wconf 86' lang='lat' dir='ltr'><strong>huic</strong></span> <span class='ocrx_word' id='word_1_98' title='bbox 1510 1226 1567 1279; x_wconf 93' lang='lat' dir='ltr'><strong>et</strong></span> <span class='ocrx_word' id='word_1_99' title='bbox 1608 1218 1748 1279; x_wconf 88' lang='lat' dir='ltr'><strong>huic</strong></span> <span class='ocrx_word' id='word_1_100' title='bbox 1805 1226 1863 1280; x_wconf 89' lang='lat' dir='ltr'><strong>et</strong></span> <span class='ocrx_word' id='word_1_101' title='bbox 1905 1219 2046 1279; x_wconf 90' lang='lat' dir='ltr'><strong>huic</strong></span> <span class='ocrx_word' id='word_1_102' title='bbox 2089 1219 2300 1283; x_wconf 88' lang='lat' dir='ltr'><strong>maiori</strong></span> <span class='ocrx_word' id='word_1_103' title='bbox 2343 1223 2513 1287; x_wconf 87' lang='lat' dir='ltr'><strong>natu,</strong></span> <span class='ocrx_word' id='word_1_104' title='bbox 2581 1216 2740 1279; x_wconf 86' lang='lat' dir='ltr'><strong>hunc</strong></span> <span class='ocrx_word' id='word_1_105' title='bbox 2783 1223 2842 1277; x_wconf 91' lang='lat' dir='ltr'><strong>et</strong></span> 
     </span>
     <span class='ocr_line' id='line_1_11' title="bbox 232 1318 2837 1402; baseline 0.001 -23"><span class='ocrx_word' id='word_1_106' title='bbox 232 1318 411 1381; x_wconf 84' lang='lat' dir='ltr'><strong>hanc</strong></span> <span class='ocrx_word' id='word_1_107' title='bbox 450 1321 731 1381; x_wconf 87' lang='lat' dir='ltr'><strong>maiorem</strong></span> <span class='ocrx_word' id='word_1_108' title='bbox 764 1328 909 1383; x_wconf 88' lang='lat' dir='ltr'><strong>natu</strong></span> <span class='ocrx_word' id='word_1_109' title='bbox 949 1327 1007 1382; x_wconf 90' lang='lat' dir='ltr'><strong>et</strong></span> <span class='ocrx_word' id='word_1_110' title='bbox 1050 1320 1165 1383; x_wconf 91' lang='lat' dir='ltr'><strong>hoc</strong></span> <span class='ocrx_word' id='word_1_111' title='bbox 1212 1322 1398 1383; x_wconf 89' lang='lat' dir='ltr'><strong>maius</strong></span> <span class='ocrx_word' id='word_1_112' title='bbox 1428 1328 1587 1391; x_wconf 85' lang='lat' dir='ltr'><strong>natu,</strong></span> <span class='ocrx_word' id='word_1_113' title='bbox 1635 1342 1668 1382; x_wconf 93' lang='lat' dir='ltr'><strong>o</strong></span> <span class='ocrx_word' id='word_1_114' title='bbox 1704 1328 1765 1381; x_wconf 89' lang='lat' dir='ltr'><strong>et</strong></span> <span class='ocrx_word' id='word_1_115' title='bbox 1803 1342 1838 1381; x_wconf 92' lang='lat' dir='ltr'><strong>o</strong></span> <span class='ocrx_word' id='word_1_116' title='bbox 1879 1322 2066 1402; x_wconf 82' lang='lat' dir='ltr'><strong>maior</strong></span> <span class='ocrx_word' id='word_1_117' title='bbox 2099 1328 2240 1381; x_wconf 88' lang='lat' dir='ltr'><strong>natu</strong></span> <span class='ocrx_word' id='word_1_118' title='bbox 2283 1328 2340 1383; x_wconf 88' lang='lat' dir='ltr'><strong>et</strong></span> <span class='ocrx_word' id='word_1_119' title='bbox 2381 1340 2416 1381; x_wconf 95' lang='lat' dir='ltr'><strong>o</strong></span> <span class='ocrx_word' id='word_1_120' title='bbox 2459 1321 2647 1381; x_wconf 89' lang='lat' dir='ltr'><strong>maius</strong></span> <span class='ocrx_word' id='word_1_121' title='bbox 2678 1326 2837 1387; x_wconf 87' lang='lat' dir='ltr'><strong>natu,</strong></span> 
     </span>
     <span class='ocr_line' id='line_1_12' title="bbox 232 1405 3010 1503; baseline 0.001 -22"><span class='ocrx_word' id='word_1_122' title='bbox 232 1420 321 1483; x_wconf 86' lang='lat' dir='ltr'><strong>ab</strong></span> <span class='ocrx_word' id='word_1_123' title='bbox 377 1421 494 1483; x_wconf 88' lang='lat' dir='ltr'><strong>hoc</strong></span> <span class='ocrx_word' id='word_1_124' title='bbox 538 1429 597 1483; x_wconf 90' lang='lat' dir='ltr'><strong>et</strong></span> <span class='ocrx_word' id='word_1_125' title='bbox 636 1421 709 1483; x_wconf 86' lang='lat' dir='ltr'><strong>ab</strong></span> <span class='ocrx_word' id='word_1_126' title='bbox 754 1422 867 1484; x_wconf 86' lang='lat' dir='ltr'><strong>hac</strong></span> <span class='ocrx_word' id='word_1_127' title='bbox 906 1429 966 1485; x_wconf 89' lang='lat' dir='ltr'><strong>et</strong></span> <span class='ocrx_word' id='word_1_128' title='bbox 1008 1423 1081 1485; x_wconf 89' lang='lat' dir='ltr'><strong>ab</strong></span> <span class='ocrx_word' id='word_1_129' title='bbox 1118 1423 1233 1485; x_wconf 90' lang='lat' dir='ltr'><strong>hoc</strong></span> <span class='ocrx_word' id='word_1_130' title='bbox 1274 1423 1497 1485; x_wconf 87' lang='lat' dir='ltr'><strong>maiore</strong></span> <span class='ocrx_word' id='word_1_131' title='bbox 1532 1430 1699 1491; x_wconf 82' lang='lat' dir='ltr'><strong>natu3</strong></span> <span class='ocrx_word' id='word_1_132' title='bbox 1742 1425 1971 1485; x_wconf 88' lang='lat' dir='ltr'><strong>numeri</strong></span> <span class='ocrx_word' id='word_1_133' title='bbox 2009 1421 2252 1503; x_wconf 89' lang='lat' dir='ltr'><strong>pluralis</strong></span> <span class='ocrx_word' id='word_1_134' title='bbox 2297 1423 2358 1483; x_wconf 90' lang='lat' dir='ltr'><strong>hi</strong></span> <span class='ocrx_word' id='word_1_135' title='bbox 2403 1429 2462 1485; x_wconf 88' lang='lat' dir='ltr'><strong>et</strong></span> <span class='ocrx_word' id='word_1_136' title='bbox 2503 1423 2613 1484; x_wconf 86' lang='lat' dir='ltr'><strong>hae</strong></span> <span class='ocrx_word' id='word_1_137' title='bbox 2657 1423 2918 1483; x_wconf 82' lang='lat' dir='ltr'><strong>maio-10</strong></span> <span class='ocrx_word' id='word_1_138' title='bbox 3003 1405 3010 1411; x_wconf 58' lang='grc'><strong>’</strong></span> 
     </span>
     <span class='ocr_line' id='line_1_13' title="bbox 232 1524 2838 1609; baseline 0.001 -26"><span class='ocrx_word' id='word_1_139' title='bbox 232 1541 353 1585; x_wconf 68' lang='lat' dir='ltr'><strong>1·oe</strong></span> <span class='ocrx_word' id='word_1_140' title='bbox 398 1533 539 1585; x_wconf 89' lang='lat' dir='ltr'><strong>natu</strong></span> <span class='ocrx_word' id='word_1_141' title='bbox 582 1532 639 1585; x_wconf 91' lang='lat' dir='ltr'><strong>et</strong></span> <span class='ocrx_word' id='word_1_142' title='bbox 678 1524 825 1587; x_wconf 89' lang='lat' dir='ltr'><strong>haec</strong></span> <span class='ocrx_word' id='word_1_143' title='bbox 850 1526 1093 1587; x_wconf 79' lang='lat' dir='ltr'><strong>&#39;maiora</strong></span> <span class='ocrx_word' id='word_1_144' title='bbox 1138 1533 1315 1596; x_wconf 90' lang='lat' dir='ltr'><strong>natu,</strong></span> <span class='ocrx_word' id='word_1_145' title='bbox 1368 1525 1585 1591; x_wconf 86' lang='lat' dir='ltr'><strong>horum</strong></span> <span class='ocrx_word' id='word_1_146' title='bbox 1626 1532 1686 1587; x_wconf 89' lang='lat' dir='ltr'><strong>et</strong></span> <span class='ocrx_word' id='word_1_147' title='bbox 1727 1526 1938 1587; x_wconf 87' lang='lat' dir='ltr'><strong>harum</strong></span> <span class='ocrx_word' id='word_1_148' title='bbox 1985 1532 2046 1587; x_wconf 91' lang='lat' dir='ltr'><strong>et</strong></span> <span class='ocrx_word' id='word_1_149' title='bbox 2085 1525 2300 1587; x_wconf 87' lang='lat' dir='ltr'><strong>horum</strong></span> <span class='ocrx_word' id='word_1_150' title='bbox 2345 1527 2635 1587; x_wconf 89' lang='lat' dir='ltr'><strong>maiorum</strong></span> <span class='ocrx_word' id='word_1_151' title='bbox 2677 1532 2838 1609; x_wconf 75' lang='lat' dir='ltr'><strong>patu,</strong></span> 
     </span>
     <span class='ocr_line' id='line_1_14' title="bbox 236 1626 2838 1713; baseline 0 -26"><span class='ocrx_word' id='word_1_152' title='bbox 236 1628 347 1687; x_wconf 81' lang='lat' dir='ltr'><strong>his</strong></span> <span class='ocrx_word' id='word_1_153' title='bbox 396 1635 449 1687; x_wconf 91' lang='lat' dir='ltr'><strong>et</strong></span> <span class='ocrx_word' id='word_1_154' title='bbox 494 1626 583 1689; x_wconf 86' lang='lat' dir='ltr'><strong>his</strong></span> <span class='ocrx_word' id='word_1_155' title='bbox 620 1636 681 1689; x_wconf 86' lang='lat' dir='ltr'><strong>et</strong></span> <span class='ocrx_word' id='word_1_156' title='bbox 722 1627 811 1688; x_wconf 87' lang='lat' dir='ltr'><strong>his</strong></span> <span class='ocrx_word' id='word_1_157' title='bbox 854 1627 1178 1690; x_wconf 87' lang='lat' dir='ltr'><strong>maioribus</strong></span> <span class='ocrx_word' id='word_1_158' title='bbox 1210 1636 1391 1713; x_wconf 69' lang='lat' dir='ltr'><strong>patu,</strong></span> <span class='ocrx_word' id='word_1_159' title='bbox 1438 1627 1549 1689; x_wconf 89' lang='lat' dir='ltr'><strong>hos</strong></span> <span class='ocrx_word' id='word_1_160' title='bbox 1590 1634 1647 1689; x_wconf 92' lang='lat' dir='ltr'><strong>et</strong></span> <span class='ocrx_word' id='word_1_161' title='bbox 1686 1628 1796 1687; x_wconf 86' lang='lat' dir='ltr'><strong>has</strong></span> <span class='ocrx_word' id='word_1_162' title='bbox 1841 1628 2097 1689; x_wconf 88' lang='lat' dir='ltr'><strong>maiores</strong></span> <span class='ocrx_word' id='word_1_163' title='bbox 2141 1634 2281 1693; x_wconf 88' lang='lat' dir='ltr'><strong>natu</strong></span> <span class='ocrx_word' id='word_1_164' title='bbox 2326 1636 2384 1689; x_wconf 92' lang='lat' dir='ltr'><strong>et</strong></span> <span class='ocrx_word' id='word_1_165' title='bbox 2426 1627 2576 1689; x_wconf 87' lang='lat' dir='ltr'><strong>haec</strong></span> <span class='ocrx_word' id='word_1_166' title='bbox 2615 1628 2838 1688; x_wconf 85' lang='lat' dir='ltr'><strong>maiora</strong></span> 
     </span>
     <span class='ocr_line' id='line_1_15' title="bbox 233 1720 2842 1799; baseline -0 -10"><span class='ocrx_word' id='word_1_167' title='bbox 233 1720 431 1799; x_wconf 78' lang='lat' dir='ltr'><strong>natu,</strong></span> <span class='ocrx_word' id='word_1_168' title='bbox 500 1748 533 1789; x_wconf 94' lang='lat' dir='ltr'><strong>o</strong></span> <span class='ocrx_word' id='word_1_169' title='bbox 575 1737 635 1790; x_wconf 90' lang='lat' dir='ltr'><strong>et</strong></span> <span class='ocrx_word' id='word_1_170' title='bbox 670 1748 705 1789; x_wconf 93' lang='lat' dir='ltr'><strong>o</strong></span> <span class='ocrx_word' id='word_1_171' title='bbox 747 1731 1005 1791; x_wconf 88' lang='lat' dir='ltr'><strong>maiores</strong></span> <span class='ocrx_word' id='word_1_172' title='bbox 1046 1738 1187 1791; x_wconf 88' lang='lat' dir='ltr'><strong>natu</strong></span> <span class='ocrx_word' id='word_1_173' title='bbox 1245 1738 1303 1791; x_wconf 86' lang='lat' dir='ltr'><strong>et</strong></span> <span class='ocrx_word' id='word_1_174' title='bbox 1344 1750 1379 1789; x_wconf 93' lang='lat' dir='ltr'><strong>o</strong></span> <span class='ocrx_word' id='word_1_175' title='bbox 1424 1731 1645 1791; x_wconf 89' lang='lat' dir='ltr'><strong>maiora</strong></span> <span class='ocrx_word' id='word_1_176' title='bbox 1686 1737 1860 1798; x_wconf 88' lang='lat' dir='ltr'><strong>natu,</strong></span> <span class='ocrx_word' id='word_1_177' title='bbox 1928 1728 2002 1791; x_wconf 90' lang='lat' dir='ltr'><strong>ab</strong></span> <span class='ocrx_word' id='word_1_178' title='bbox 2043 1728 2133 1790; x_wconf 85' lang='lat' dir='ltr'><strong>his</strong></span> <span class='ocrx_word' id='word_1_179' title='bbox 2173 1737 2233 1790; x_wconf 89' lang='lat' dir='ltr'><strong>et</strong></span> <span class='ocrx_word' id='word_1_180' title='bbox 2273 1728 2348 1789; x_wconf 87' lang='lat' dir='ltr'><strong>ab</strong></span> <span class='ocrx_word' id='word_1_181' title='bbox 2392 1730 2482 1791; x_wconf 78' lang='lat' dir='ltr'><strong>his</strong></span> <span class='ocrx_word' id='word_1_182' title='bbox 2535 1736 2594 1791; x_wconf 91' lang='lat' dir='ltr'><strong>et</strong></span> <span class='ocrx_word' id='word_1_183' title='bbox 2637 1728 2711 1790; x_wconf 88' lang='lat' dir='ltr'><strong>ab</strong></span> <span class='ocrx_word' id='word_1_184' title='bbox 2749 1728 2842 1789; x_wconf 87' lang='lat' dir='ltr'><strong>his</strong></span> 
     </span>
     <span class='ocr_line' id='line_1_16' title="bbox 234 1830 2839 1911; baseline 0.001 -20"><span class='ocrx_word' id='word_1_185' title='bbox 234 1831 579 1893; x_wconf 80' lang='lat' dir='ltr'><strong>maioribus</strong></span> <span class='ocrx_word' id='word_1_186' title='bbox 614 1838 774 1893; x_wconf 85' lang='lat' dir='ltr'><strong>natu.</strong></span> <span class='ocrx_word' id='word_1_187' title='bbox 864 1833 949 1893; x_wconf 87' lang='lat' dir='ltr'><strong>sic</strong></span> <span class='ocrx_word' id='word_1_188' title='bbox 1008 1839 1066 1893; x_wconf 90' lang='lat' dir='ltr'><strong>et</strong></span> <span class='ocrx_word' id='word_1_189' title='bbox 1108 1831 1219 1893; x_wconf 84' lang='lat' dir='ltr'><strong>alia</strong></span> <span class='ocrx_word' id='word_1_190' title='bbox 1285 1832 1520 1910; x_wconf 85' lang='lat' dir='ltr'><strong>generis</strong></span> <span class='ocrx_word' id='word_1_191' title='bbox 1574 1833 1768 1894; x_wconf 88' lang='lat' dir='ltr'><strong>omnis</strong></span> <span class='ocrx_word' id='word_1_192' title='bbox 1831 1832 2101 1901; x_wconf 90' lang='lat' dir='ltr'><strong>nomina,</strong></span> <span class='ocrx_word' id='word_1_193' title='bbox 2171 1849 2322 1911; x_wconf 87' lang='lat' dir='ltr'><strong>quae</strong></span> <span class='ocrx_word' id='word_1_194' title='bbox 2385 1830 2634 1893; x_wconf 88' lang='lat' dir='ltr'><strong>ablativo</strong></span> <span class='ocrx_word' id='word_1_195' title='bbox 2702 1850 2839 1893; x_wconf 85' lang='lat' dir='ltr'><strong>casu</strong></span> 
     </span>
     <span class='ocr_line' id='line_1_17' title="bbox 234 1932 2917 2012; baseline -0.001 -19"><span class='ocrx_word' id='word_1_196' title='bbox 234 1934 497 1993; x_wconf 85' lang='lat' dir='ltr'><strong>numeri</strong></span> <span class='ocrx_word' id='word_1_197' title='bbox 541 1932 851 2012; x_wconf 80' lang='lat' dir='ltr'><strong>singularis</strong></span> <span class='ocrx_word' id='word_1_198' title='bbox 912 1953 953 1995; x_wconf 90' lang='lat' dir='ltr'><strong>u</strong></span> <span class='ocrx_word' id='word_1_199' title='bbox 1000 1933 1193 1995; x_wconf 88' lang='lat' dir='ltr'><strong>littera</strong></span> <span class='ocrx_word' id='word_1_200' title='bbox 1248 1936 1671 2003; x_wconf 82' lang='lat' dir='ltr'><strong>terminantur,</strong></span> <span class='ocrx_word' id='word_1_201' title='bbox 1725 1933 1798 1995; x_wconf 89' lang='lat' dir='ltr'><strong>ad</strong></span> <span class='ocrx_word' id='word_1_202' title='bbox 1861 1932 2194 2012; x_wconf 84' lang='lat' dir='ltr'><strong>exemplum</strong></span> <span class='ocrx_word' id='word_1_203' title='bbox 2251 1935 2492 1997; x_wconf 88' lang='lat' dir='ltr'><strong>maioris</strong></span> <span class='ocrx_word' id='word_1_204' title='bbox 2534 1942 2674 1995; x_wconf 89' lang='lat' dir='ltr'><strong>natu</strong></span> <span class='ocrx_word' id='word_1_205' title='bbox 2733 1951 2841 2011; x_wconf 85' lang='lat' dir='ltr'><strong>per</strong></span> <span class='ocrx_word' id='word_1_206' title='bbox 2873 1952 2917 1992; x_wconf 79' lang='lat'><strong>15</strong></span> 
     </span>
     <span class='ocr_line' id='line_1_18' title="bbox 236 2034 2842 2117; baseline 0.001 -22"><span class='ocrx_word' id='word_1_207' title='bbox 236 2052 469 2095; x_wconf 88' lang='lat' dir='ltr'><strong>omnes</strong></span> <span class='ocrx_word' id='word_1_208' title='bbox 510 2052 677 2095; x_wconf 88' lang='lat' dir='ltr'><strong>casus</strong></span> <span class='ocrx_word' id='word_1_209' title='bbox 717 2034 1105 2097; x_wconf 85' lang='lat' dir='ltr'><strong>declinantur.</strong></span> <span class='ocrx_word' id='word_1_210' title='bbox 1193 2054 1353 2097; x_wconf 91' lang='lat' dir='ltr'><strong>nunc</strong></span> <span class='ocrx_word' id='word_1_211' title='bbox 1396 2038 1453 2096; x_wconf 88' lang='lat' dir='ltr'><strong>in</strong></span> <span class='ocrx_word' id='word_1_212' title='bbox 1492 2035 1605 2097; x_wconf 85' lang='lat' dir='ltr'><strong>hac</strong></span> <span class='ocrx_word' id='word_1_213' title='bbox 1650 2036 1837 2097; x_wconf 82' lang='lat' dir='ltr'><strong>forma</strong></span> <span class='ocrx_word' id='word_1_214' title='bbox 1886 2037 2120 2114; x_wconf 83' lang='lat' dir='ltr'><strong>generis</strong></span> <span class='ocrx_word' id='word_1_215' title='bbox 2160 2038 2378 2107; x_wconf 85' lang='lat' dir='ltr'><strong>omnis,</strong></span> <span class='ocrx_word' id='word_1_216' title='bbox 2429 2055 2543 2117; x_wconf 92' lang='lat' dir='ltr'><strong>qua</strong></span> <span class='ocrx_word' id='word_1_217' title='bbox 2591 2036 2842 2097; x_wconf 83' lang='lat' dir='ltr'><strong>diximus</strong></span> 
     </span>
     <span class='ocr_line' id='line_1_19' title="bbox 234 2135 2837 2215; baseline 0.001 -18"><span class='ocrx_word' id='word_1_218' title='bbox 234 2135 513 2197; x_wconf 82' lang='lat' dir='ltr'><strong>ablativo</strong></span> <span class='ocrx_word' id='word_1_219' title='bbox 556 2154 695 2197; x_wconf 86' lang='lat' dir='ltr'><strong>casu</strong></span> <span class='ocrx_word' id='word_1_220' title='bbox 738 2138 969 2199; x_wconf 90' lang='lat' dir='ltr'><strong>numeri</strong></span> <span class='ocrx_word' id='word_1_221' title='bbox 1010 2136 1325 2215; x_wconf 81' lang='lat' dir='ltr'><strong>singularis</strong></span> <span class='ocrx_word' id='word_1_222' title='bbox 1376 2138 1609 2198; x_wconf 89' lang='lat' dir='ltr'><strong>nomina</strong></span> <span class='ocrx_word' id='word_1_223' title='bbox 1654 2158 1697 2199; x_wconf 91' lang='lat' dir='ltr'><strong>u</strong></span> <span class='ocrx_word' id='word_1_224' title='bbox 1739 2138 1932 2200; x_wconf 89' lang='lat' dir='ltr'><strong>littera</strong></span> <span class='ocrx_word' id='word_1_225' title='bbox 1975 2138 2308 2207; x_wconf 88' lang='lat' dir='ltr'><strong>terminari,</strong></span> <span class='ocrx_word' id='word_1_226' title='bbox 2356 2138 2470 2199; x_wconf 88' lang='lat' dir='ltr'><strong>hoc</strong></span> <span class='ocrx_word' id='word_1_227' title='bbox 2511 2156 2837 2209; x_wconf 65' lang='lat' dir='ltr'><strong>monemus»,</strong></span> 
     </span>
     <span class='ocr_line' id='line_1_20' title="bbox 234 2236 2842 2323; baseline 0 -24"><span class='ocrx_word' id='word_1_228' title='bbox 234 2237 417 2317; x_wconf 82' lang='lat' dir='ltr'><strong>quod</strong></span> <span class='ocrx_word' id='word_1_229' title='bbox 456 2256 527 2299; x_wconf 85' lang='lat' dir='ltr'><strong>ex</strong></span> <span class='ocrx_word' id='word_1_230' title='bbox 562 2258 629 2299; x_wconf 88' lang='lat' dir='ltr'><strong>ea</strong></span> <span class='ocrx_word' id='word_1_231' title='bbox 672 2258 743 2299; x_wconf 91' lang='lat' dir='ltr'><strong>eo</strong></span> <span class='ocrx_word' id='word_1_232' title='bbox 774 2238 975 2317; x_wconf 89' lang='lat' dir='ltr'><strong>plures</strong></span> <span class='ocrx_word' id='word_1_233' title='bbox 1018 2241 1165 2309; x_wconf 88' lang='lat' dir='ltr'><strong>soni,</strong></span> <span class='ocrx_word' id='word_1_234' title='bbox 1210 2240 1325 2301; x_wconf 87' lang='lat' dir='ltr'><strong>hoc</strong></span> <span class='ocrx_word' id='word_1_235' title='bbox 1356 2248 1447 2301; x_wconf 87' lang='lat' dir='ltr'><strong>est</strong></span> <span class='ocrx_word' id='word_1_236' title='bbox 1488 2258 1559 2301; x_wconf 90' lang='lat' dir='ltr'><strong>eo</strong></span> <span class='ocrx_word' id='word_1_237' title='bbox 1594 2239 1762 2319; x_wconf 89' lang='lat' dir='ltr'><strong>plura</strong></span> <span class='ocrx_word' id='word_1_238' title='bbox 1800 2242 2056 2310; x_wconf 89' lang='lat' dir='ltr'><strong>nomina,</strong></span> <span class='ocrx_word' id='word_1_239' title='bbox 2103 2258 2222 2301; x_wconf 87' lang='lat' dir='ltr'><strong>non</strong></span> <span class='ocrx_word' id='word_1_240' title='bbox 2260 2241 2488 2319; x_wconf 86' lang='lat' dir='ltr'><strong>possint</strong></span> <span class='ocrx_word' id='word_1_241' title='bbox 2517 2236 2842 2323; x_wconf 71' lang='lat' dir='ltr'><strong>exliibelri.ss</strong></span> 
     </span>
     <span class='ocr_line' id='line_1_21' title="bbox 232 2324 2839 2422; baseline 0 -21"><span class='ocrx_word' id='word_1_242' title='bbox 232 2340 319 2401; x_wconf 88' lang='lat' dir='ltr'><strong>de</strong></span> <span class='ocrx_word' id='word_1_243' title='bbox 375 2340 563 2401; x_wconf 82' lang='lat' dir='ltr'><strong>forma</strong></span> <span class='ocrx_word' id='word_1_244' title='bbox 598 2324 833 2418; x_wconf 86' lang='lat' dir='ltr'><strong>generis</strong></span> <span class='ocrx_word' id='word_1_245' title='bbox 883 2342 1103 2411; x_wconf 89' lang='lat' dir='ltr'><strong>omnis,</strong></span> <span class='ocrx_word' id='word_1_246' title='bbox 1161 2360 1275 2422; x_wconf 87' lang='lat' dir='ltr'><strong>qua</strong></span> <span class='ocrx_word' id='word_1_247' title='bbox 1316 2343 1569 2403; x_wconf 81' lang='lat' dir='ltr'><strong>diximus</strong></span> <span class='ocrx_word' id='word_1_248' title='bbox 1610 2341 1861 2405; x_wconf 87' lang='lat' dir='ltr'><strong>ablativo</strong></span> <span class='ocrx_word' id='word_1_249' title='bbox 1911 2360 2050 2403; x_wconf 89' lang='lat' dir='ltr'><strong>casu</strong></span> <span class='ocrx_word' id='word_1_250' title='bbox 2103 2343 2336 2403; x_wconf 86' lang='lat' dir='ltr'><strong>numeri</strong></span> <span class='ocrx_word' id='word_1_251' title='bbox 2380 2341 2694 2420; x_wconf 79' lang='lat' dir='ltr'><strong>singularis</strong></span> <span class='ocrx_word' id='word_1_252' title='bbox 2734 2360 2839 2401; x_wconf 90' lang='lat' dir='ltr'><strong>no-</strong></span> 
     </span>
     <span class='ocr_line' id='line_1_22' title="bbox 236 2417 2916 2524; baseline 0 -21"><span class='ocrx_word' id='word_1_253' title='bbox 236 2444 411 2503; x_wconf 86' lang='lat' dir='ltr'><strong>mina</strong></span> <span class='ocrx_word' id='word_1_254' title='bbox 458 2462 499 2503; x_wconf 89' lang='lat' dir='ltr'><strong>u</strong></span> <span class='ocrx_word' id='word_1_255' title='bbox 556 2442 750 2504; x_wconf 89' lang='lat' dir='ltr'><strong>littera</strong></span> <span class='ocrx_word' id='word_1_256' title='bbox 796 2445 1120 2514; x_wconf 85' lang='lat' dir='ltr'><strong>terminari,</strong></span> <span class='ocrx_word' id='word_1_257' title='bbox 1167 2451 1453 2524; x_wconf 89' lang='lat' dir='ltr'><strong>quantum</strong></span> <span class='ocrx_word' id='word_1_258' title='bbox 1500 2417 1647 2505; x_wconf 54' lang='lat' dir='ltr'><strong>ratis)</strong></span> <span class='ocrx_word' id='word_1_259' title='bbox 1694 2444 1992 2523; x_wconf 87' lang='lat' dir='ltr'><strong>poscebat,</strong></span> <span class='ocrx_word' id='word_1_260' title='bbox 2040 2446 2430 2506; x_wconf 79' lang='lat' dir='ltr'><strong>tractavimus,</strong></span> <span class='ocrx_word' id='word_1_261' title='bbox 2862 2464 2916 2504; x_wconf 67' lang='grc' dir='ltr'><strong>το</strong></span> 
     </span>
    </p>

    <p class='ocr_par' dir='ltr' id='par_1_7' title="bbox 236 2545 2915 3237">
     <span class='ocr_line' id='line_1_23' title="bbox 423 2545 2840 2627; baseline 0 -21"><span class='ocrx_word' id='word_1_262' title='bbox 423 2546 581 2607; x_wconf 90' lang='lat' dir='ltr'><strong>Sane</strong></span> <span class='ocrx_word' id='word_1_263' title='bbox 622 2547 683 2605; x_wconf 91' lang='lat' dir='ltr'><strong>in</strong></span> <span class='ocrx_word' id='word_1_264' title='bbox 727 2545 845 2606; x_wconf 79' lang='lat' dir='ltr'><strong>hao</strong></span> <span class='ocrx_word' id='word_1_265' title='bbox 897 2548 1083 2607; x_wconf 80' lang='lat' dir='ltr'><strong>forma</strong></span> <span class='ocrx_word' id='word_1_266' title='bbox 1142 2564 1319 2627; x_wconf 89' lang='lat' dir='ltr'><strong>supra</strong></span> <span class='ocrx_word' id='word_1_267' title='bbox 1365 2548 1613 2626; x_wconf 87' lang='lat' dir='ltr'><strong>scripta,</strong></span> <span class='ocrx_word' id='word_1_268' title='bbox 1663 2565 1776 2625; x_wconf 90' lang='lat' dir='ltr'><strong>qua</strong></span> <span class='ocrx_word' id='word_1_269' title='bbox 1823 2547 2074 2608; x_wconf 85' lang='lat' dir='ltr'><strong>diximus</strong></span> <span class='ocrx_word' id='word_1_270' title='bbox 2129 2546 2380 2608; x_wconf 86' lang='lat' dir='ltr'><strong>ablativo</strong></span> <span class='ocrx_word' id='word_1_271' title='bbox 2428 2564 2567 2609; x_wconf 87' lang='lat' dir='ltr'><strong>casu</strong></span> <span class='ocrx_word' id='word_1_272' title='bbox 2610 2547 2840 2607; x_wconf 83' lang='lat' dir='ltr'><strong>numeri</strong></span> 
     </span>
     <span class='ocr_line' id='line_1_24' title="bbox 236 2646 2838 2728; baseline 0 -21"><span class='ocrx_word' id='word_1_273' title='bbox 236 2646 569 2725; x_wconf 83' lang='lat' dir='ltr'><strong>singularis</strong></span> <span class='ocrx_word' id='word_1_274' title='bbox 610 2649 849 2709; x_wconf 89' lang='lat' dir='ltr'><strong>nomina</strong></span> <span class='ocrx_word' id='word_1_275' title='bbox 894 2667 935 2708; x_wconf 92' lang='lat' dir='ltr'><strong>u</strong></span> <span class='ocrx_word' id='word_1_276' title='bbox 976 2647 1168 2709; x_wconf 87' lang='lat' dir='ltr'><strong>littera</strong></span> <span class='ocrx_word' id='word_1_277' title='bbox 1212 2650 1535 2718; x_wconf 86' lang='lat' dir='ltr'><strong>terminari,</strong></span> <span class='ocrx_word' id='word_1_278' title='bbox 1582 2655 1721 2709; x_wconf 89' lang='lat' dir='ltr'><strong>sunt</strong></span> <span class='ocrx_word' id='word_1_279' title='bbox 1763 2647 1954 2728; x_wconf 82' lang='lat' dir='ltr'><strong>aliqua</strong></span> <span class='ocrx_word' id='word_1_280' title='bbox 1998 2650 2266 2718; x_wconf 88' lang='lat' dir='ltr'><strong>nomina,</strong></span> <span class='ocrx_word' id='word_1_281' title='bbox 2315 2666 2462 2728; x_wconf 86' lang='lat' dir='ltr'><strong>quae</strong></span> <span class='ocrx_word' id='word_1_282' title='bbox 2507 2656 2564 2709; x_wconf 89' lang='lat' dir='ltr'><strong>et</strong></span> <span class='ocrx_word' id='word_1_283' title='bbox 2598 2649 2838 2728; x_wconf 87' lang='lat' dir='ltr'><strong>partici-</strong></span> 
     </span>
     <span class='ocr_line' id='line_1_25' title="bbox 240 2748 2836 2831; baseline 0 -21"><span class='ocrx_word' id='word_1_284' title='bbox 240 2752 489 2829; x_wconf 82' lang='lat' dir='ltr'><strong>piorum</strong></span> <span class='ocrx_word' id='word_1_285' title='bbox 532 2748 973 2811; x_wconf 88' lang='lat' dir='ltr'><strong>similitudinem</strong></span> <span class='ocrx_word' id='word_1_286' title='bbox 1019 2752 1277 2830; x_wconf 85' lang='lat' dir='ltr'><strong>capiant,</strong></span> <span class='ocrx_word' id='word_1_287' title='bbox 1322 2756 1389 2811; x_wconf 87' lang='lat' dir='ltr'><strong>ut</strong></span> <span class='ocrx_word' id='word_1_288' title='bbox 1432 2757 1569 2829; x_wconf 88' lang='lat' dir='ltr'><strong>puta</strong></span> <span class='ocrx_word' id='word_1_289' title='bbox 1616 2752 1791 2812; x_wconf 80' lang='lat' dir='ltr'><strong>visuS.</strong></span> <span class='ocrx_word' id='word_1_290' title='bbox 1881 2769 2064 2831; x_wconf 87' lang='lat' dir='ltr'><strong>quare</strong></span> <span class='ocrx_word' id='word_1_291' title='bbox 2115 2752 2230 2812; x_wconf 89' lang='lat' dir='ltr'><strong>hoc</strong></span> <span class='ocrx_word' id='word_1_292' title='bbox 2271 2768 2610 2821; x_wconf 76' lang='lat' dir='ltr'><strong>monemuS,</strong></span> <span class='ocrx_word' id='word_1_293' title='bbox 2659 2750 2836 2831; x_wconf 91' lang='lat' dir='ltr'><strong>quod,</strong></span> 
     </span>
     <span class='ocr_line' id='line_1_26' title="bbox 238 2850 2838 2933; baseline -0 -20"><span class='ocrx_word' id='word_1_294' title='bbox 238 2856 291 2913; x_wconf 88' lang='lat' dir='ltr'><strong>si</strong></span> <span class='ocrx_word' id='word_1_295' title='bbox 344 2854 505 2913; x_wconf 77' lang='lat' dir='ltr'><strong>visus</strong></span> <span class='ocrx_word' id='word_1_296' title='bbox 548 2850 625 2912; x_wconf 86' lang='lat' dir='ltr'><strong>ab</strong></span> <span class='ocrx_word' id='word_1_297' title='bbox 662 2870 733 2913; x_wconf 92' lang='lat' dir='ltr'><strong>eo</strong></span> <span class='ocrx_word' id='word_1_298' title='bbox 775 2852 935 2933; x_wconf 88' lang='lat' dir='ltr'><strong>quod</strong></span> <span class='ocrx_word' id='word_1_299' title='bbox 979 2860 1069 2914; x_wconf 89' lang='lat' dir='ltr'><strong>est</strong></span> <span class='ocrx_word' id='word_1_300' title='bbox 1116 2854 1314 2915; x_wconf 88' lang='lat' dir='ltr'><strong>videor</strong></span> <span class='ocrx_word' id='word_1_301' title='bbox 1360 2854 1730 2932; x_wconf 87' lang='lat' dir='ltr'><strong>participium</strong></span> <span class='ocrx_word' id='word_1_302' title='bbox 1775 2870 1902 2915; x_wconf 89' lang='lat' dir='ltr'><strong>esse</strong></span> <span class='ocrx_word' id='word_1_303' title='bbox 1947 2854 2265 2931; x_wconf 84' lang='lat' dir='ltr'><strong>reperitur,</strong></span> <span class='ocrx_word' id='word_1_304' title='bbox 2311 2853 2386 2914; x_wconf 89' lang='lat' dir='ltr'><strong>ad</strong></span> <span class='ocrx_word' id='word_1_305' title='bbox 2433 2853 2684 2913; x_wconf 81' lang='lat' dir='ltr'><strong>sormam</strong></span> <span class='ocrx_word' id='word_1_306' title='bbox 2727 2853 2838 2913; x_wconf 89' lang='lat' dir='ltr'><strong>sci-</strong></span> 
     </span>
     <span class='ocr_line' id='line_1_27' title="bbox 244 2951 2915 3033; baseline -0.001 -19"><span class='ocrx_word' id='word_1_307' title='bbox 244 2954 391 3015; x_wconf 82' lang='lat' dir='ltr'><strong>licet</strong></span> <span class='ocrx_word' id='word_1_308' title='bbox 429 2954 591 3015; x_wconf 86' lang='lat' dir='ltr'><strong>docti</strong></span> <span class='ocrx_word' id='word_1_309' title='bbox 636 2972 743 3033; x_wconf 88' lang='lat' dir='ltr'><strong>per</strong></span> <span class='ocrx_word' id='word_1_310' title='bbox 780 2972 987 3015; x_wconf 85' lang='lat' dir='ltr'><strong>omnes</strong></span> <span class='ocrx_word' id='word_1_311' title='bbox 1023 2973 1193 3017; x_wconf 86' lang='lat' dir='ltr'><strong>casus</strong></span> <span class='ocrx_word' id='word_1_312' title='bbox 1236 2955 1594 3017; x_wconf 87' lang='lat' dir='ltr'><strong>declinetur:</strong></span> <span class='ocrx_word' id='word_1_313' title='bbox 1662 2965 1722 3017; x_wconf 89' lang='lat' dir='ltr'><strong>at</strong></span> <span class='ocrx_word' id='word_1_314' title='bbox 1757 2973 1896 3015; x_wconf 87' lang='lat' dir='ltr'><strong>vero</strong></span> <span class='ocrx_word' id='word_1_315' title='bbox 1937 2956 2091 3016; x_wconf 85' lang='lat' dir='ltr'><strong>visus</strong></span> <span class='ocrx_word' id='word_1_316' title='bbox 2133 2957 2184 3015; x_wconf 88' lang='lat' dir='ltr'><strong>si</strong></span> <span class='ocrx_word' id='word_1_317' title='bbox 2223 2961 2492 3033; x_wconf 87' lang='lat' dir='ltr'><strong>aspectus</strong></span> <span class='ocrx_word' id='word_1_318' title='bbox 2529 2951 2834 3016; x_wconf 90' lang='lat' dir='ltr'><strong>oculorum</strong></span> <span class='ocrx_word' id='word_1_319' title='bbox 2864 2970 2915 3011; x_wconf 79' lang='lat'><strong>25</strong></span> 
     </span>
     <span class='ocr_line' id='line_1_28' title="bbox 252 3056 2839 3136; baseline -0.001 -17"><span class='ocrx_word' id='word_1_320' title='bbox 252 3076 383 3119; x_wconf 82' lang='lat' dir='ltr'><strong>esse</strong></span> <span class='ocrx_word' id='word_1_321' title='bbox 424 3058 835 3136; x_wconf 82' lang='lat' dir='ltr'><strong>cognoscitur,</strong></span> <span class='ocrx_word' id='word_1_322' title='bbox 882 3057 995 3119; x_wconf 84' lang='lat' dir='ltr'><strong>hoc</strong></span> <span class='ocrx_word' id='word_1_323' title='bbox 1026 3066 1114 3123; x_wconf 84' lang='lat' dir='ltr'><strong>est</strong></span> <span class='ocrx_word' id='word_1_324' title='bbox 1153 3076 1370 3119; x_wconf 90' lang='lat' dir='ltr'><strong>nomen</strong></span> <span class='ocrx_word' id='word_1_325' title='bbox 1405 3056 1762 3136; x_wconf 84' lang='lat' dir='ltr'><strong>appellatur,</strong></span> <span class='ocrx_word' id='word_1_326' title='bbox 1804 3056 1878 3119; x_wconf 90' lang='lat' dir='ltr'><strong>ad</strong></span> <span class='ocrx_word' id='word_1_327' title='bbox 1921 3056 2172 3118; x_wconf 84' lang='lat' dir='ltr'><strong>sormam</strong></span> <span class='ocrx_word' id='word_1_328' title='bbox 2216 3056 2434 3122; x_wconf 85' lang='lat' dir='ltr'><strong>fluctus</strong></span> <span class='ocrx_word' id='word_1_329' title='bbox 2476 3074 2585 3134; x_wconf 86' lang='lat' dir='ltr'><strong>per</strong></span> <span class='ocrx_word' id='word_1_330' title='bbox 2631 3074 2839 3121; x_wconf 87' lang='lat' dir='ltr'><strong>onmes</strong></span> 
     </span>
     <span class='ocr_line' id='line_1_29' title="bbox 254 3160 913 3237; baseline -0.003 -16"><span class='ocrx_word' id='word_1_331' title='bbox 254 3177 423 3221; x_wconf 77' lang='lat' dir='ltr'><strong>casus</strong></span> <span class='ocrx_word' id='word_1_332' title='bbox 476 3160 913 3237; x_wconf 88' lang='lat' dir='ltr'><strong>pronuntiatur.</strong></span> 
     </span>
    </p>

    <p class='ocr_par' dir='ltr' id='par_1_8' title="bbox 250 3260 2984 3965">
     <span class='ocr_line' id='line_1_30' title="bbox 418 3260 2837 3341; baseline 0 -20"><span class='ocrx_word' id='word_1_333' title='bbox 418 3261 569 3323; x_wconf 79' lang='lat' dir='ltr'><strong>item</strong></span> <span class='ocrx_word' id='word_1_334' title='bbox 612 3263 673 3321; x_wconf 89' lang='lat' dir='ltr'><strong>in</strong></span> <span class='ocrx_word' id='word_1_335' title='bbox 710 3261 819 3323; x_wconf 86' lang='lat' dir='ltr'><strong>hac</strong></span> <span class='ocrx_word' id='word_1_336' title='bbox 860 3279 1035 3340; x_wconf 86' lang='lat' dir='ltr'><strong>supra</strong></span> <span class='ocrx_word' id='word_1_337' title='bbox 1068 3264 1283 3341; x_wconf 85' lang='lat' dir='ltr'><strong>scripta</strong></span> <span class='ocrx_word' id='word_1_338' title='bbox 1326 3261 1514 3324; x_wconf 79' lang='lat' dir='ltr'><strong>forma</strong></span> <span class='ocrx_word' id='word_1_339' title='bbox 1558 3269 1695 3322; x_wconf 87' lang='lat' dir='ltr'><strong>sunt</strong></span> <span class='ocrx_word' id='word_1_340' title='bbox 1739 3260 1932 3339; x_wconf 90' lang='lat' dir='ltr'><strong>aliqua</strong></span> <span class='ocrx_word' id='word_1_341' title='bbox 1975 3262 2226 3333; x_wconf 88' lang='lat' dir='ltr'><strong>nomina,</strong></span> <span class='ocrx_word' id='word_1_342' title='bbox 2273 3280 2424 3341; x_wconf 90' lang='lat' dir='ltr'><strong>quae</strong></span> <span class='ocrx_word' id='word_1_343' title='bbox 2473 3268 2530 3322; x_wconf 91' lang='lat' dir='ltr'><strong>et</strong></span> <span class='ocrx_word' id='word_1_344' title='bbox 2565 3262 2837 3339; x_wconf 81' lang='lat' dir='ltr'><strong>proprio-</strong></span> 
     </span>
     <span class='ocr_line' id='line_1_31' title="bbox 255 3362 2834 3444; baseline 0 -22"><span class='ocrx_word' id='word_1_345' title='bbox 255 3380 385 3425; x_wconf 86' lang='lat' dir='ltr'><strong>rum</strong></span> <span class='ocrx_word' id='word_1_346' title='bbox 426 3364 737 3424; x_wconf 87' lang='lat' dir='ltr'><strong>nominum</strong></span> <span class='ocrx_word' id='word_1_347' title='bbox 782 3363 1031 3440; x_wconf 84' lang='lat' dir='ltr'><strong>liguram</strong></span> <span class='ocrx_word' id='word_1_348' title='bbox 1076 3364 1445 3433; x_wconf 87' lang='lat' dir='ltr'><strong>contineant,</strong></span> <span class='ocrx_word' id='word_1_349' title='bbox 1506 3369 1573 3424; x_wconf 93' lang='lat' dir='ltr'><strong>ut</strong></span> <span class='ocrx_word' id='word_1_350' title='bbox 1615 3370 1758 3444; x_wconf 91' lang='lat' dir='ltr'><strong>puta</strong></span> <span class='ocrx_word' id='word_1_351' title='bbox 1799 3362 2026 3425; x_wconf 83' lang='lat' dir='ltr'><strong>bassus.</strong></span> <span class='ocrx_word' id='word_1_352' title='bbox 2115 3382 2300 3443; x_wconf 88' lang='lat' dir='ltr'><strong>quare</strong></span> <span class='ocrx_word' id='word_1_353' title='bbox 2345 3364 2460 3424; x_wconf 87' lang='lat' dir='ltr'><strong>hoc</strong></span> <span class='ocrx_word' id='word_1_354' title='bbox 2507 3379 2834 3431; x_wconf 85' lang='lat' dir='ltr'><strong>monemus,</strong></span> 
     </span>
     <span class='ocr_line' id='line_1_32' title="bbox 256 3464 2984 3545; baseline -0.003 -18"><span class='ocrx_word' id='word_1_355' title='bbox 256 3464 439 3545; x_wconf 86' lang='lat' dir='ltr'><strong>quod,</strong></span> <span class='ocrx_word' id='word_1_356' title='bbox 498 3467 545 3525; x_wconf 86' lang='lat' dir='ltr'><strong>si</strong></span> <span class='ocrx_word' id='word_1_357' title='bbox 590 3464 807 3526; x_wconf 85' lang='lat' dir='ltr'><strong>Bassus</strong></span> <span class='ocrx_word' id='word_1_358' title='bbox 856 3484 1071 3527; x_wconf 87' lang='lat' dir='ltr'><strong>nomen</strong></span> <span class='ocrx_word' id='word_1_359' title='bbox 1128 3468 1437 3545; x_wconf 89' lang='lat' dir='ltr'><strong>proprium</strong></span> <span class='ocrx_word' id='word_1_360' title='bbox 1482 3484 1610 3527; x_wconf 89' lang='lat' dir='ltr'><strong>esse</strong></span> <span class='ocrx_word' id='word_1_361' title='bbox 1667 3468 2030 3545; x_wconf 83' lang='lat' dir='ltr'><strong>reperiatur,</strong></span> <span class='ocrx_word' id='word_1_362' title='bbox 2093 3466 2164 3527; x_wconf 91' lang='lat' dir='ltr'><strong>ad</strong></span> <span class='ocrx_word' id='word_1_363' title='bbox 2220 3464 2471 3526; x_wconf 84' lang='lat' dir='ltr'><strong>formam</strong></span> <span class='ocrx_word' id='word_1_364' title='bbox 2529 3465 2684 3527; x_wconf 88' lang='lat' dir='ltr'><strong>docti</strong></span> <span class='ocrx_word' id='word_1_365' title='bbox 2728 3480 2914 3543; x_wconf 75' lang='lat' dir='ltr'><strong>perso</strong></span> <span class='ocrx_word' id='word_1_366' title='bbox 2970 3474 2984 3487; x_wconf 92' lang='lat'><strong>·</strong></span> 
     </span>
     <span class='ocr_line' id='line_1_33' title="bbox 252 3566 2835 3648; baseline 0.001 -21"><span class='ocrx_word' id='word_1_367' title='bbox 252 3585 457 3629; x_wconf 88' lang='lat' dir='ltr'><strong>omnes</strong></span> <span class='ocrx_word' id='word_1_368' title='bbox 502 3584 675 3627; x_wconf 89' lang='lat' dir='ltr'><strong>casus</strong></span> <span class='ocrx_word' id='word_1_369' title='bbox 718 3566 1075 3637; x_wconf 86' lang='lat' dir='ltr'><strong>declinetur;</strong></span> <span class='ocrx_word' id='word_1_370' title='bbox 1133 3569 1220 3629; x_wconf 88' lang='lat' dir='ltr'><strong>sin</strong></span> <span class='ocrx_word' id='word_1_371' title='bbox 1262 3585 1403 3629; x_wconf 85' lang='lat' dir='ltr'><strong>vero</strong></span> <span class='ocrx_word' id='word_1_372' title='bbox 1444 3568 1653 3629; x_wconf 89' lang='lat' dir='ltr'><strong>bassus</strong></span> <span class='ocrx_word' id='word_1_373' title='bbox 1690 3586 1908 3629; x_wconf 86' lang='lat' dir='ltr'><strong>nomen</strong></span> <span class='ocrx_word' id='word_1_374' title='bbox 1952 3566 2364 3648; x_wconf 87' lang='lat' dir='ltr'><strong>appellativum</strong></span> <span class='ocrx_word' id='word_1_375' title='bbox 2407 3586 2536 3629; x_wconf 86' lang='lat' dir='ltr'><strong>esse</strong></span> <span class='ocrx_word' id='word_1_376' title='bbox 2579 3568 2835 3629; x_wconf 86' lang='lat' dir='ltr'><strong>invenia-</strong></span> 
     </span>
     <span class='ocr_line' id='line_1_34' title="bbox 250 3668 2838 3750; baseline -0.001 -19"><span class='ocrx_word' id='word_1_377' title='bbox 250 3678 361 3740; x_wconf 86' lang='lat' dir='ltr'><strong>tur,</strong></span> <span class='ocrx_word' id='word_1_378' title='bbox 406 3668 489 3730; x_wconf 88' lang='lat' dir='ltr'><strong>ad</strong></span> <span class='ocrx_word' id='word_1_379' title='bbox 526 3668 859 3749; x_wconf 84' lang='lat' dir='ltr'><strong>exemplum</strong></span> <span class='ocrx_word' id='word_1_380' title='bbox 901 3669 1115 3731; x_wconf 86' lang='lat' dir='ltr'><strong>fluctus</strong></span> <span class='ocrx_word' id='word_1_381' title='bbox 1157 3688 1265 3750; x_wconf 85' lang='lat' dir='ltr'><strong>per</strong></span> <span class='ocrx_word' id='word_1_382' title='bbox 1307 3688 1513 3731; x_wconf 90' lang='lat' dir='ltr'><strong>omnes</strong></span> <span class='ocrx_word' id='word_1_383' title='bbox 1544 3688 1716 3733; x_wconf 89' lang='lat' dir='ltr'><strong>casus</strong></span> <span class='ocrx_word' id='word_1_384' title='bbox 1761 3670 2052 3733; x_wconf 87' lang='lat' dir='ltr'><strong>flectatur.</strong></span> <span class='ocrx_word' id='word_1_385' title='bbox 2141 3688 2302 3731; x_wconf 90' lang='lat' dir='ltr'><strong>nunc</strong></span> <span class='ocrx_word' id='word_1_386' title='bbox 2345 3668 2554 3731; x_wconf 89' lang='lat' dir='ltr'><strong>bassus</strong></span> <span class='ocrx_word' id='word_1_387' title='bbox 2601 3668 2838 3750; x_wconf 84' lang='lat' dir='ltr'><strong>quando</strong></span> 
     </span>
     <span class='ocr_line' id='line_1_35' title="bbox 252 3771 2834 3853; baseline 0 -22"><span class='ocrx_word' id='word_1_388' title='bbox 252 3789 464 3833; x_wconf 79' lang='lat' dir='ltr'><strong>nomen</strong></span> <span class='ocrx_word' id='word_1_389' title='bbox 510 3773 590 3831; x_wconf 89' lang='lat' dir='ltr'><strong>sit</strong></span> <span class='ocrx_word' id='word_1_390' title='bbox 632 3773 939 3851; x_wconf 86' lang='lat' dir='ltr'><strong>proprium</strong></span> <span class='ocrx_word' id='word_1_391' title='bbox 981 3779 1041 3833; x_wconf 91' lang='lat' dir='ltr'><strong>et</strong></span> <span class='ocrx_word' id='word_1_392' title='bbox 1068 3772 1301 3851; x_wconf 90' lang='lat' dir='ltr'><strong>quando</strong></span> <span class='ocrx_word' id='word_1_393' title='bbox 1340 3771 1772 3853; x_wconf 83' lang='lat' dir='ltr'><strong>appellativum,</strong></span> <span class='ocrx_word' id='word_1_394' title='bbox 1817 3773 1930 3835; x_wconf 87' lang='lat' dir='ltr'><strong>hoc</strong></span> <span class='ocrx_word' id='word_1_395' title='bbox 1975 3774 2030 3833; x_wconf 89' lang='lat' dir='ltr'><strong>in</strong></span> <span class='ocrx_word' id='word_1_396' title='bbox 2063 3772 2340 3853; x_wconf 89' lang='lat' dir='ltr'><strong>qualitate</strong></span> <span class='ocrx_word' id='word_1_397' title='bbox 2375 3774 2677 3835; x_wconf 88' lang='lat' dir='ltr'><strong>nominum</strong></span> <span class='ocrx_word' id='word_1_398' title='bbox 2724 3774 2834 3832; x_wconf 83' lang='lat' dir='ltr'><strong>iam</strong></span> 
     </span>
     <span class='ocr_line' id='line_1_36' title="bbox 252 3874 841 3965; baseline -0.003 -30"><span class='ocrx_word' id='word_1_399' title='bbox 252 3874 383 3935; x_wconf 79' lang='lat' dir='ltr'><strong>satis</strong></span> <span class='ocrx_word' id='word_1_400' title='bbox 436 3874 841 3965; x_wconf 78' lang='lat' dir='ltr'><strong>tractavimus.</strong></span> 
     </span>
    </p>

    <p class='ocr_par' dir='ltr' id='par_1_9' title="bbox 254 3974 2914 4345">
     <span class='ocr_line' id='line_1_37' title="bbox 410 3974 2914 4057; baseline 0 -20"><span class='ocrx_word' id='word_1_401' title='bbox 410 3976 577 4037; x_wconf 87' lang='lat' dir='ltr'><strong>Sane</strong></span> <span class='ocrx_word' id='word_1_402' title='bbox 644 3975 760 4036; x_wconf 87' lang='lat' dir='ltr'><strong>hoc</strong></span> <span class='ocrx_word' id='word_1_403' title='bbox 806 3992 1115 4047; x_wconf 82' lang='lat' dir='ltr'><strong>monemus</strong></span> <span class='ocrx_word' id='word_1_404' title='bbox 1180 3978 1239 4037; x_wconf 83' lang='lat' dir='ltr'><strong>in</strong></span> <span class='ocrx_word' id='word_1_405' title='bbox 1286 3976 1377 4039; x_wconf 91' lang='lat' dir='ltr'><strong>his</strong></span> <span class='ocrx_word' id='word_1_406' title='bbox 1432 3976 1800 4047; x_wconf 85' lang='lat' dir='ltr'><strong>nominibus,</strong></span> <span class='ocrx_word' id='word_1_407' title='bbox 1864 3994 2016 4057; x_wconf 91' lang='lat' dir='ltr'><strong>quae</strong></span> <span class='ocrx_word' id='word_1_408' title='bbox 2077 3976 2332 4047; x_wconf 86' lang='lat' dir='ltr'><strong>diximus</strong></span> <span class='ocrx_word' id='word_1_409' title='bbox 2394 3974 2644 4037; x_wconf 86' lang='lat' dir='ltr'><strong>ablativo</strong></span> <span class='ocrx_word' id='word_1_410' title='bbox 2697 3993 2836 4035; x_wconf 88' lang='lat' dir='ltr'><strong>casu</strong></span> <span class='ocrx_word' id='word_1_411' title='bbox 2863 3986 2914 4037; x_wconf 62' lang='lat'><strong>³⁵</strong></span> 
     </span>
     <span class='ocr_line' id='line_1_38' title="bbox 254 4076 2833 4159; baseline 0 -22"><span class='ocrx_word' id='word_1_412' title='bbox 254 4079 481 4141; x_wconf 86' lang='lat' dir='ltr'><strong>numeri</strong></span> <span class='ocrx_word' id='word_1_413' title='bbox 526 4076 847 4157; x_wconf 86' lang='lat' dir='ltr'><strong>singularis</strong></span> <span class='ocrx_word' id='word_1_414' title='bbox 893 4097 932 4140; x_wconf 90' lang='lat' dir='ltr'><strong>u</strong></span> <span class='ocrx_word' id='word_1_415' title='bbox 966 4076 1161 4140; x_wconf 89' lang='lat' dir='ltr'><strong>littera</strong></span> <span class='ocrx_word' id='word_1_416' title='bbox 1197 4079 1531 4148; x_wconf 85' lang='lat' dir='ltr'><strong>terminari,</strong></span> <span class='ocrx_word' id='word_1_417' title='bbox 1584 4080 1742 4159; x_wconf 90' lang='lat' dir='ltr'><strong>quod</strong></span> <span class='ocrx_word' id='word_1_418' title='bbox 1786 4079 1902 4139; x_wconf 89' lang='lat' dir='ltr'><strong>sint</strong></span> <span class='ocrx_word' id='word_1_419' title='bbox 1947 4077 2125 4158; x_wconf 87' lang='lat' dir='ltr'><strong>aliqui</strong></span> <span class='ocrx_word' id='word_1_420' title='bbox 2166 4078 2244 4151; x_wconf 80' lang='lat' dir='ltr'><strong>XI</strong></span> <span class='ocrx_word' id='word_1_421' title='bbox 2289 4079 2451 4146; x_wconf 89' lang='lat' dir='ltr'><strong>soui,</strong></span> <span class='ocrx_word' id='word_1_422' title='bbox 2511 4079 2610 4156; x_wconf 89' lang='lat' dir='ltr'><strong>qui</strong></span> <span class='ocrx_word' id='word_1_423' title='bbox 2655 4095 2833 4155; x_wconf 87' lang='lat' dir='ltr'><strong>gene-</strong></span> 
     </span>
     <span class='ocr_line' id='line_1_39' title="bbox 256 4178 2835 4259; baseline -0.001 -20"><span class='ocrx_word' id='word_1_424' title='bbox 256 4183 355 4241; x_wconf 85' lang='lat' dir='ltr'><strong>tivo</strong></span> <span class='ocrx_word' id='word_1_425' title='bbox 401 4197 551 4242; x_wconf 79' lang='lat' dir='ltr'><strong>casu</strong></span> <span class='ocrx_word' id='word_1_426' title='bbox 600 4180 833 4241; x_wconf 85' lang='lat' dir='ltr'><strong>numeri</strong></span> <span class='ocrx_word' id='word_1_427' title='bbox 876 4178 1189 4259; x_wconf 82' lang='lat' dir='ltr'><strong>singularis</strong></span> <span class='ocrx_word' id='word_1_428' title='bbox 1237 4181 1256 4241; x_wconf 93' lang='lat' dir='ltr'><strong>i</strong></span> <span class='ocrx_word' id='word_1_429' title='bbox 1294 4180 1489 4242; x_wconf 84' lang='lat' dir='ltr'><strong>littera</strong></span> <span class='ocrx_word' id='word_1_430' title='bbox 1538 4182 1960 4249; x_wconf 76' lang='lat' dir='ltr'><strong>terminentur,</strong></span> <span class='ocrx_word' id='word_1_431' title='bbox 2019 4187 2084 4240; x_wconf 91' lang='lat' dir='ltr'><strong>ut</strong></span> <span class='ocrx_word' id='word_1_432' title='bbox 2125 4179 2198 4240; x_wconf 88' lang='lat' dir='ltr'><strong>ab</strong></span> <span class='ocrx_word' id='word_1_433' title='bbox 2245 4180 2360 4240; x_wconf 82' lang='lat' dir='ltr'><strong>hoc</strong></span> <span class='ocrx_word' id='word_1_434' title='bbox 2403 4186 2609 4241; x_wconf 85' lang='lat' dir='ltr'><strong>senatu</strong></span> <span class='ocrx_word' id='word_1_435' title='bbox 2663 4178 2835 4239; x_wconf 85' lang='lat' dir='ltr'><strong>huius</strong></span> 
     </span>
     <span class='ocr_line' id='line_1_40' title="bbox 256 4282 1884 4345; baseline 0 -2"><span class='ocrx_word' id='word_1_436' title='bbox 256 4284 449 4345; x_wconf 80' lang='lat' dir='ltr'><strong>senati.</strong></span> <span class='ocrx_word' id='word_1_437' title='bbox 542 4282 651 4344; x_wconf 87' lang='lat' dir='ltr'><strong>sed</strong></span> <span class='ocrx_word' id='word_1_438' title='bbox 698 4283 845 4345; x_wconf 87' lang='lat' dir='ltr'><strong>haec</strong></span> <span class='ocrx_word' id='word_1_439' title='bbox 892 4284 1127 4343; x_wconf 89' lang='lat' dir='ltr'><strong>nomina</strong></span> <span class='ocrx_word' id='word_1_440' title='bbox 1174 4284 1235 4343; x_wconf 88' lang='lat' dir='ltr'><strong>in</strong></span> <span class='ocrx_word' id='word_1_441' title='bbox 1280 4284 1441 4344; x_wconf 86' lang='lat' dir='ltr'><strong>sonis</strong></span> <span class='ocrx_word' id='word_1_442' title='bbox 1486 4282 1884 4345; x_wconf 69' lang='lat' dir='ltr'><strong>tractabimus</strong></span> 
     </span>
    </p>
   </div>
   <div class='ocr_carea' id='block_1_6' title="bbox 262 4450 2838 4955">
    <p class='ocr_par' dir='ltr' id='par_1_10' title="bbox 262 4450 2835 4659">
     <span class='ocr_line' id='line_1_41' title="bbox 383 4450 2833 4518; baseline -0.002 -13"><span class='ocrx_word' id='word_1_443' title='bbox 383 4454 453 4505; x_wconf 81' lang='lat'><strong>10</strong></span> <span class='ocrx_word' id='word_1_444' title='bbox 490 4454 557 4506; x_wconf 75' lang='lat' dir='ltr'><strong>ab</strong></span> <span class='ocrx_word' id='word_1_445' title='bbox 593 4454 692 4505; x_wconf 88' lang='lat' dir='ltr'><strong>hoc</strong></span> <span class='ocrx_word' id='word_1_446' title='bbox 728 4454 925 4505; x_wconf 81' lang='lat' dir='ltr'><strong>maiore</strong></span> <span class='ocrx_word' id='word_1_447' title='bbox 960 4454 1006 4505; x_wconf 83' lang='lat' dir='ltr'><strong><em>R</em></strong></span> <span class='ocrx_word' id='word_1_448' title='bbox 1048 4454 1112 4503; x_wconf 83' lang='lat' dir='ltr'><strong>ab</strong></span> <span class='ocrx_word' id='word_1_449' title='bbox 1149 4452 1247 4505; x_wconf 87' lang='lat' dir='ltr'><strong>hoe</strong></span> <span class='ocrx_word' id='word_1_450' title='bbox 1282 4453 1463 4504; x_wconf 86' lang='lat' dir='ltr'><strong>maiori</strong></span> <span class='ocrx_word' id='word_1_451' title='bbox 1501 4453 1551 4503; x_wconf 91' lang='lat' dir='ltr'><em>B</em></span> <span class='ocrx_word' id='word_1_452' title='bbox 1767 4452 1830 4504; x_wconf 90' lang='lat'><strong>18</strong></span> <span class='ocrx_word' id='word_1_453' title='bbox 1871 4468 1935 4501; x_wconf 83' lang='lat' dir='ltr'><strong>ex</strong></span> <span class='ocrx_word' id='word_1_454' title='bbox 1975 4468 2035 4501; x_wconf 78' lang='lat' dir='ltr'><strong>ea</strong></span> <span class='ocrx_word' id='word_1_455' title='bbox 2071 4468 2132 4501; x_wconf 90' lang='lat' dir='ltr'><strong>eo</strong></span> <span class='ocrx_word' id='word_1_456' title='bbox 2169 4450 2340 4518; x_wconf 83' lang='lat' dir='ltr'><strong>plures</strong></span> <span class='ocrx_word' id='word_1_457' title='bbox 2375 4453 2488 4501; x_wconf 84' lang='lat' dir='ltr'><strong>soni</strong></span> <span class='ocrx_word' id='word_1_458' title='bbox 2525 4450 2624 4502; x_wconf 84' lang='lat' dir='ltr'><strong>hoe</strong></span> <span class='ocrx_word' id='word_1_459' title='bbox 2659 4457 2736 4501; x_wconf 84' lang='lat' dir='ltr'><strong>est</strong></span> <span class='ocrx_word' id='word_1_460' title='bbox 2772 4466 2833 4501; x_wconf 91' lang='lat' dir='ltr'><strong>eo</strong></span> 
     </span>
     <span class='ocr_line' id='line_1_42' title="bbox 262 4521 2835 4589; baseline -0.001 -17"><span class='ocrx_word' id='word_1_461' title='bbox 262 4523 399 4587; x_wconf 72' lang='lat' dir='ltr'><strong>plura</strong></span> <span class='ocrx_word' id='word_1_462' title='bbox 434 4528 647 4575; x_wconf 78' lang='lat' dir='ltr'><strong>nomina</strong></span> <span class='ocrx_word' id='word_1_463' title='bbox 693 4524 899 4589; x_wconf 72' lang='lat' dir='ltr'><strong>possint</strong></span> <span class='ocrx_word' id='word_1_464' title='bbox 936 4523 1167 4575; x_wconf 79' lang='lat' dir='ltr'><strong>exhiberi</strong></span> <span class='ocrx_word' id='word_1_465' title='bbox 1198 4524 1245 4575; x_wconf 74' lang='lat' dir='ltr'><em>R</em></span> <span class='ocrx_word' id='word_1_466' title='bbox 1304 4538 1370 4573; x_wconf 86' lang='lat' dir='ltr'><strong>ex</strong></span> <span class='ocrx_word' id='word_1_467' title='bbox 1406 4538 1469 4575; x_wconf 76' lang='lat' dir='ltr'><strong>ea</strong></span> <span class='ocrx_word' id='word_1_468' title='bbox 1516 4522 1804 4587; x_wconf 86' lang='lat' dir='ltr'><strong>complures</strong></span> <span class='ocrx_word' id='word_1_469' title='bbox 1840 4523 1955 4573; x_wconf 86' lang='lat' dir='ltr'><strong>soni</strong></span> <span class='ocrx_word' id='word_1_470' title='bbox 2001 4521 2097 4571; x_wconf 88' lang='lat' dir='ltr'><strong>hoc</strong></span> <span class='ocrx_word' id='word_1_471' title='bbox 2135 4531 2213 4572; x_wconf 83' lang='lat' dir='ltr'><strong>est</strong></span> <span class='ocrx_word' id='word_1_472' title='bbox 2260 4536 2320 4571; x_wconf 90' lang='lat' dir='ltr'><strong>eo</strong></span> <span class='ocrx_word' id='word_1_473' title='bbox 2367 4521 2584 4586; x_wconf 81' lang='lat' dir='ltr'><strong>plurima</strong></span> <span class='ocrx_word' id='word_1_474' title='bbox 2627 4522 2835 4573; x_wconf 81' lang='lat' dir='ltr'><strong>nomina</strong></span> 
     </span>
     <span class='ocr_line' id='line_1_43' title="bbox 266 4591 2834 4659; baseline -0.002 -14"><span class='ocrx_word' id='word_1_475' title='bbox 266 4596 451 4656; x_wconf 66' lang='lat' dir='ltr'><strong>possint</strong></span> <span class='ocrx_word' id='word_1_476' title='bbox 485 4595 719 4647; x_wconf 77' lang='lat' dir='ltr'><strong>exhiberi</strong></span> <span class='ocrx_word' id='word_1_477' title='bbox 756 4610 791 4643; x_wconf 87' lang='lat' dir='ltr'><strong>r</strong></span> <span class='ocrx_word' id='word_1_478' title='bbox 826 4608 893 4645; x_wconf 88' lang='lat' dir='ltr'><strong>ex</strong></span> <span class='ocrx_word' id='word_1_479' title='bbox 932 4608 990 4645; x_wconf 81' lang='lat' dir='ltr'><strong>ea</strong></span> <span class='ocrx_word' id='word_1_480' title='bbox 1026 4594 1199 4659; x_wconf 81' lang='lat' dir='ltr'><strong>plures</strong></span> <span class='ocrx_word' id='word_1_481' title='bbox 1234 4594 1347 4645; x_wconf 87' lang='lat' dir='ltr'><strong>soni</strong></span> <span class='ocrx_word' id='word_1_482' title='bbox 1382 4608 1483 4643; x_wconf 87' lang='lat' dir='ltr'><strong>nou</strong></span> <span class='ocrx_word' id='word_1_483' title='bbox 1518 4594 1718 4659; x_wconf 82' lang='lat' dir='ltr'><strong>possint</strong></span> <span class='ocrx_word' id='word_1_484' title='bbox 1755 4592 1950 4643; x_wconf 84' lang='lat' dir='ltr'><strong>exiberi</strong></span> <span class='ocrx_word' id='word_1_485' title='bbox 1983 4592 2032 4641; x_wconf 88' lang='lat' dir='ltr'><em>B</em></span> <span class='ocrx_word' id='word_1_486' title='bbox 2137 4592 2204 4643; x_wconf 83' lang='lat'><strong>23</strong></span> <span class='ocrx_word' id='word_1_487' title='bbox 2239 4591 2445 4657; x_wconf 83' lang='lat' dir='ltr'><strong>capiant</strong></span> <span class='ocrx_word' id='word_1_488' title='bbox 2469 4592 2519 4641; x_wconf 92' lang='lat' dir='ltr'><em>B</em></span> <span class='ocrx_word' id='word_1_489' title='bbox 2555 4594 2760 4655; x_wconf 80' lang='lat' dir='ltr'><strong>capiunt</strong></span> <span class='ocrx_word' id='word_1_490' title='bbox 2787 4592 2834 4641; x_wconf 78' lang='lat' dir='ltr'><em>R</em></span> 
     </span>
    </p>

    <p class='ocr_par' dir='ltr' id='par_1_11' title="bbox 276 4661 2838 4797">
     <span class='ocr_line' id='line_1_44' title="bbox 386 4661 2838 4729; baseline -0.002 -13"><span class='ocrx_word' id='word_1_491' title='bbox 386 4666 455 4716; x_wconf 68' lang='lat'><strong>25</strong></span> <span class='ocrx_word' id='word_1_492' title='bbox 490 4666 775 4717; x_wconf 83' lang='lat' dir='ltr'><strong>declinetur</strong></span> <span class='ocrx_word' id='word_1_493' title='bbox 806 4662 859 4714; x_wconf 93' lang='lat' dir='ltr'><em>B</em></span> <span class='ocrx_word' id='word_1_494' title='bbox 896 4664 1175 4714; x_wconf 78' lang='lat' dir='ltr'><strong>declinatur</strong></span> <span class='ocrx_word' id='word_1_495' title='bbox 1211 4664 1258 4715; x_wconf 81' lang='lat' dir='ltr'><em>B</em></span> <span class='ocrx_word' id='word_1_496' title='bbox 1388 4662 1458 4714; x_wconf 82' lang='lat'><strong>30</strong></span> <span class='ocrx_word' id='word_1_497' title='bbox 1491 4664 1775 4729; x_wconf 81' lang='lat' dir='ltr'><strong>reperiatur</strong></span> <span class='ocrx_word' id='word_1_498' title='bbox 1811 4662 1862 4713; x_wconf 90' lang='lat' dir='ltr'><em>B</em></span> <span class='ocrx_word' id='word_1_499' title='bbox 1896 4661 2182 4728; x_wconf 82' lang='lat' dir='ltr'><strong>repperitur</strong></span> <span class='ocrx_word' id='word_1_500' title='bbox 2215 4662 2258 4711; x_wconf 81' lang='lat' dir='ltr'><em>H</em></span> <span class='ocrx_word' id='word_1_501' title='bbox 2367 4661 2431 4713; x_wconf 82' lang='lat'><strong>31</strong></span> <span class='ocrx_word' id='word_1_502' title='bbox 2471 4664 2760 4713; x_wconf 84' lang='lat' dir='ltr'><strong>inueniatur</strong></span> <span class='ocrx_word' id='word_1_503' title='bbox 2787 4661 2838 4711; x_wconf 86' lang='lat' dir='ltr'><em>B</em></span> 
     </span>
     <span class='ocr_line' id='line_1_45' title="bbox 276 4731 2834 4797; baseline 0 -16"><span class='ocrx_word' id='word_1_504' title='bbox 276 4732 513 4785; x_wconf 77' lang='lat' dir='ltr'><strong>inuenitur</strong></span> <span class='ocrx_word' id='word_1_505' title='bbox 538 4738 582 4788; x_wconf 80' lang='lat' dir='ltr'><em>R</em></span> <span class='ocrx_word' id='word_1_506' title='bbox 724 4734 803 4786; x_wconf 80' lang='lat'><strong>36</strong></span> <span class='ocrx_word' id='word_1_507' title='bbox 837 4734 995 4796; x_wconf 83' lang='lat' dir='ltr'><strong>aliqui</strong></span> <span class='ocrx_word' id='word_1_508' title='bbox 1034 4733 1105 4783; x_wconf 88' lang='lat' dir='ltr'><strong>Xl</strong></span> <span class='ocrx_word' id='word_1_509' title='bbox 1144 4736 1257 4783; x_wconf 86' lang='lat' dir='ltr'><strong>soni</strong></span> <span class='ocrx_word' id='word_1_510' title='bbox 1292 4734 1339 4785; x_wconf 79' lang='lat' dir='ltr'><em>R</em></span> <span class='ocrx_word' id='word_1_511' title='bbox 1376 4735 1536 4797; x_wconf 79' lang='lat' dir='ltr'><strong>aliqui</strong></span> <span class='ocrx_word' id='word_1_512' title='bbox 1570 4732 1660 4782; x_wconf 80' lang='lat' dir='ltr'><strong>XL</strong></span> <span class='ocrx_word' id='word_1_513' title='bbox 1696 4734 1808 4782; x_wconf 85' lang='lat' dir='ltr'><strong>soni</strong></span> <span class='ocrx_word' id='word_1_514' title='bbox 1843 4732 1896 4783; x_wconf 90' lang='lat' dir='ltr'><em>B</em></span> <span class='ocrx_word' id='word_1_515' title='bbox 2017 4732 2084 4783; x_wconf 85' lang='lat'><strong>37</strong></span> <span class='ocrx_word' id='word_1_516' title='bbox 2125 4734 2140 4781; x_wconf 89' lang='lat' dir='ltr'><strong>i</strong></span> <span class='ocrx_word' id='word_1_517' title='bbox 2181 4732 2346 4782; x_wconf 74' lang='lat' dir='ltr'><strong>littera</strong></span> <span class='ocrx_word' id='word_1_518' title='bbox 2383 4731 2428 4782; x_wconf 73' lang='lat'><strong>13</strong></span> <span class='ocrx_word' id='word_1_519' title='bbox 2469 4742 2520 4784; x_wconf 83' lang='lat' dir='ltr'><strong>et</strong></span> <span class='ocrx_word' id='word_1_520' title='bbox 2553 4733 2570 4781; x_wconf 88' lang='lat' dir='ltr'><strong>i</strong></span> <span class='ocrx_word' id='word_1_521' title='bbox 2610 4733 2774 4782; x_wconf 77' lang='lat' dir='ltr'><strong>littera</strong></span> <span class='ocrx_word' id='word_1_522' title='bbox 2805 4748 2834 4781; x_wconf 82' lang='grc' dir='ltr'><strong><em>υ</em></strong></span> 
     </span>
    </p>

    <p class='ocr_par' dir='ltr' id='par_1_12' title="bbox 396 4802 1381 4859">
     <span class='ocr_line' id='line_1_46' title="bbox 396 4802 1381 4859; baseline -0.005 -1"><span class='ocrx_word' id='word_1_523' title='bbox 396 4805 461 4858; x_wconf 81' lang='grc'><strong>38</strong></span> <span class='ocrx_word' id='word_1_524' title='bbox 488 4807 823 4859; x_wconf 78' lang='lat' dir='ltr'><strong>tractabimus</strong></span> <span class='ocrx_word' id='word_1_525' title='bbox 858 4804 941 4855; x_wconf 72' lang='lat' dir='ltr'><strong>Bu·</strong></span> <span class='ocrx_word' id='word_1_526' title='bbox 971 4804 1298 4854; x_wconf 82' lang='lat' dir='ltr'><strong>tractauimus</strong></span> <span class='ocrx_word' id='word_1_527' title='bbox 1337 4802 1381 4853; x_wconf 78' lang='lat' dir='ltr'><em>R</em></span> 
     </span>
    </p>

    <p class='ocr_par' dir='ltr' id='par_1_13' title="bbox 2341 4888 2428 4955">
     <span class='ocr_line' id='line_1_47' title="bbox 2341 4888 2428 4955; baseline 0 -28"><span class='ocrx_word' id='word_1_528' title='bbox 2341 4888 2428 4955; x_wconf 68' lang='grc'><strong>8*</strong></span> 
     </span>
    </p>
   </div>
  </div>
 </body>
</html>
