3434 5442
984 368 1379 431 INSTITVTA
1415 368 1691 431 ARTIVM
1735 368 1982 431 75—93
2684 367 2790 429 59.

260 508 281 535 μ
314 500 354 541 p.
382 486 551 528 1⁸⁶-oe
578 486 631 528 R.
2343 495 2386 537 p.
2415 483 2506 523 ²4³.
2528 480 2580 523 ⁴4
2608 480 2662 521 V:

223 558 419 637 gradus
456 576 529 619 ex
574 576 637 619 se
682 556 878 619 facere
914 562 1187 637 possunt,
1234 556 1381 618 haec
1424 559 1690 635 genetivo
1731 574 1874 618 casu
1916 557 2145 619 numeri
2187 553 2501 633 singularis
2541 570 2611 614 or
2649 552 2764 633 syl-

222 660 393 722 labam
440 660 735 739 accipiunt
796 666 855 721 et
910 660 1387 737 comparativum.
1424 659 1671 735 gradum
1741 660 1974 737 generis
2041 659 2368 719 communis
2410 652 2760 724 ostenduntss

220 760 421 823 scilicet
472 762 749 841 quoniam
806 762 1161 841 quicumque
1214 762 1591 841 comparativi
1649 761 1868 839 gradus
1915 761 2268 822 nominativo
2323 756 2480 843 calsu
2531 758 2762 818 numeri

220 862 508 940 singularis
558 864 645 923 ior
700 862 906 924 litteris
950 863 1305 924 definiuntur
1352 869 1410 925 et
1450 880 1567 923 non
1613 880 1683 923 ex
1731 862 1828 924 illa
1881 864 2168 941 positione
2222 860 2474 930 formae,
2531 877 2646 941 qua
2683 870 2754 919 ex

218 982 417 1043 genere
472 964 795 1026 masculino
854 966 1209 1026 nominativo
1266 982 1407 1027 casu
1460 966 1693 1027 numeri
1747 964 2054 1043 singularis
2121 982 2188 1027 ex
2249 962 2456 1024 litteris
2516 964 2754 1024 nomina
2815 987 2842 1026 s

219 1066 576 1135 deliniuntur,
623 1067 825 1128 venire
868 1066 1300 1145 intelleguntur,
1344 1066 1405 1127 hi
1442 1069 1679 1144 generis
1721 1067 2048 1128 communis
2091 1084 2218 1127 esse
2261 1066 2656 1145 reperiuntur,
2707 1070 2770 1123 ut

216 1176 339 1248 puta
375 1168 475 1229 bic
516 1169 683 1247 niger
746 1168 923 1230 buius
968 1170 1151 1247 nigri,
1208 1168 1305 1229 hic
1350 1174 1410 1229 et
1452 1168 1601 1230 haec
1643 1170 1868 1248 nigrior
1915 1169 2110 1230 facere
2155 1166 2384 1229 debeat.
2473 1184 2615 1228 sane
2651 1166 2770 1227 hoc

217 1286 533 1339 monemus,
580 1270 736 1349 quod
778 1272 840 1331 in
878 1270 994 1331 hoc
1037 1278 1356 1352 praecepto
1402 1272 1519 1333 sint
1564 1270 1744 1349 aliqui
1789 1272 2046 1351 quinque
2089 1271 2246 1339 soni,
2299 1271 2414 1350 qui‘
2446 1287 2515 1328 or
2557 1267 2767 1329 litteris

215 1378 333 1452 post
374 1379 793 1433 consonantem
853 1372 1230 1443 definiantur,
1282 1380 1349 1434 ut
1391 1381 1532 1451 puta
1584 1374 1776 1433 minor
1833 1381 1890 1435 et
1931 1379 2126 1433 cetera
2167 1370 2326 1433 talia.
2412 1388 2570 1431 nunc
2621 1369 2768 1430 haec

217 1474 399 1535 eadem
449 1490 627 1553 supra
686 1473 825 1549 dictj
880 1476 1113 1553 generis
1176 1476 1441 1546 nomina,
1511 1494 1661 1555 quae
1714 1474 1966 1536 diximus
2021 1476 2080 1533 in
2133 1491 2308 1553 supra
2369 1472 2525 1533 dicto
2582 1471 2768 1551 gradu
2795 1494 2844 1535 ιο

218 1576 553 1636 nominativo
598 1594 736 1637 casu
783 1578 1015 1638 numeri
1058 1576 1367 1654 singularis
1411 1594 1589 1657 supra
1636 1575 1804 1638 dictis
1845 1576 2052 1637 litteris
2095 1576 2352 1644 definiri,
2399 1574 2458 1635 in
2503 1574 2768 1653 genetivo

216 1696 341 1739 casu
376 1679 607 1739 numeri
650 1678 965 1756 singularis
1000 1696 1071 1739 us
1113 1676 1393 1759 syllabam
1440 1680 1738 1758 accipiunt
1781 1686 1838 1739 et
1878 1696 1996 1739 non
2041 1684 2266 1739 tantum
2311 1677 2768 1757 comparativum

219 1779 445 1855 gradum
501 1781 741 1857 generis
794 1782 989 1841 neutri
1049 1780 1152 1841 sed
1210 1786 1269 1841 et
1318 1780 1732 1843 adverbiorum
1799 1780 2144 1848 ostendunt3
2215 1775 2438 1841 scilicet
2492 1778 2770 1859 quoniam

219 1882 553 1963 quicumque
600 1882 977 1960 comparativi
1014 1882 1239 1960 gradus
1272 1882 1628 1943 nominativo
1660 1900 1802 1944 casu
1833 1884 2062 1943 numeri
2101 1879 2412 1960 singularis
2440 1881 2532 1941 ius
2559 1878 2771 1941 litteris

218 1983 587 2053 definiuntur,
634 1982 697 2043 hi
738 2000 860 2043 non
903 1990 1129 2046 tantum
1181 1986 1413 2062 generis
1454 1986 1651 2045 neutri
1707 1985 1808 2046 sed
1856 1968 1914 2045 et
1955 1982 2366 2045 adverbiorum
2423 2000 2552 2044 esse
2594 1998 2766 2059 repe·
2797 1998 2846 2043 ts

218 2087 459 2155 riantur,
488 2090 587 2147 ‘ut
628 2092 771 2165 puta
814 2086 911 2147 hic
954 2088 1125 2165 niger
1182 2086 1361 2149 huius
1410 2088 1593 2165 nigri,
1660 2087 1886 2164 nigrius
1926 2086 2162 2163 utrique
2207 2082 2578 2163 respondeat.
2665 2083 2770 2145 sed

214 2194 339 2249 tunc
382 2187 468 2248 hi.
498 2189 739 2267 generis
779 2189 971 2249 neutri
1028 2206 1157 2271 esse
1209 2191 1619 2267 reperiuntur,
1683 2188 1918 2269 quando
1969 2186 2288 2265 generibus
2331 2187 2554 2249 neutris
2606 2186 2769 2264 iungi

216 2290 605 2359 inveniuntur,
658 2296 724 2351 ut
775 2297 915 2371 puta
972 2296 990 2325 ‘
1012 2291 1235 2368 nigrius
1289 2292 1597 2352 officium’.
1688 2296 1748 2351 at
1799 2308 1936 2350 vero
1993 2288 2226 2368 quando
2285 2306 2404 2349 non
2455 2286 2771 2367 generibus

216 2392 437 2461 neutris,
478 2392 587 2453 sed
632 2408 767 2453 cum
812 2390 923 2454 alia
960 2391 1219 2469 qualibet
1259 2399 1428 2473 parte
1470 2393 1752 2454 orationis
1793 2392 2145 2460 miscentur,
2183 2389 2598 2451 adverbiorum
2639 2407 2769 2452 esse

215 2494 680 2571 pronuntiantur,
760 2500 825 2555 ut
880 2500 1021 2572 puta
1084 2496 1343 2573 ‘nigrius
1406 2495 1595 2555 fecit’.
1686 2494 1773 2555 sic
1828 2499 1885 2555 et
1943 2490 2038 2555 alii
2099 2493 2477 2572 comparativi
2529 2492 2765 2569 gradus,
2794 2510 2846 2553 so

216 2596 425 2673 quando
488 2597 697 2673 generi
753 2602 963 2656 neutro
1030 2594 1122 2657 vel
1176 2596 1411 2674 quando
1478 2594 1765 2658 adverbiis
1831 2594 2257 2675 respondeant,
2323 2592 2764 2673 intelleguntur.

216 2714 339 2757 sane
378 2698 492 2759 hoc
536 2716 879 2767 monemus,
932 2698 1087 2777 quod
1132 2698 1194 2758 in
1238 2697 1351 2758 hoc
1399 2704 1715 2777 praecepto
1768 2698 1884 2759 sint
1926 2696 2104 2777 aliqui
2148 2699 2409 2779 quinque
2451 2698 2612 2765 soni,
2669 2698 2766 2777 qui

216 2816 275 2859 us
316 2798 519 2861 litteris
564 2806 703 2879 post
747 2806 1165 2861 consonantem
1218 2800 1599 2869 definiantur,
1660 2807 1728 2862 ut
1769 2806 1911 2879 puta
1956 2802 2166 2861 minus.
2253 2800 2391 2860 item
2445 2798 2766 2877 quaeritur,

216 2918 313 2981 qua
354 2902 425 2964 de
466 2918 649 2963 causa
691 2901 941 2971 minora,
989 2918 1107 2963 non
1145 2903 1395 2963 minoria
1440 2902 1681 2963 dicatur.
1773 2901 1884 2963 hac
1929 2902 2002 2963 de
2037 2918 2242 2970 causa,
2287 2902 2562 2979 quoniam
2607 2920 2766 2962 com-

216 3004 437 3079 parativi
475 3003 699 3081 gradus
742 3020 1061 3091 numquam
1108 3006 1161 3065 ia
1203 3003 1413 3065 litteris
1456 3004 1832 3067 definiuntur.
1909 3020 2067 3064 nuuc
2103 3004 2250 3064 haec
2292 3002 2496 3063 eadem
2533 3004 2766 3063 nomina
2791 3020 2844 3061 ι’,

216 3108 425 3181 generis
470 3104 699 3167 scilicet
736 3104 1068 3175 masculini,
1116 3124 1265 3185 quae
1310 3106 1563 3168 diximus
1602 3108 1661 3166 in
1706 3107 1949 3184 positivo
1993 3105 2182 3182 gradu
2229 3106 2584 3167 nominativo
2629 3122 2766 3167 casu

104 3243 107 3251 -
218 3210 427 3269 numeri
470 3206 797 3286 singularis
852 3225 917 3268 er
959 3206 1169 3269 litteris
1212 3207 1470 3279 definiri,
1527 3210 1581 3271 si
1632 3206 2021 3286 superlativus
2072 3207 2288 3287 gradus
2341 3226 2413 3267 ex
2453 3226 2518 3269 se
2571 3206 2768 3269 facere

216 3316 465 3385 possunt,
510 3312 577 3371 in
620 3308 829 3371 eodem
875 3310 1231 3371 nominativo
1282 3328 1420 3371 casu
1462 3310 1695 3372 numeri
1739 3309 2052 3391 singularis
2095 3312 2282 3371 rimus
2323 3307 2572 3389 syllabas
2613 3308 2767 3369 acci·

218 3399 363 3487 piunt
405 3398 462 3472 et
502 3410 923 3490 superlativum
970 3412 1219 3490 gradum
1260 3414 1493 3490 generis
1538 3414 1629 3473 sui
1672 3412 2007 3481 ostendunt,
2054 3420 2120 3473 ut
2151 3418 2290 3489 puta
2327 3410 2424 3471 hic
2466 3412 2636 3489 niger
2671 3410 2767 3470 hic

218 3512 545 3589 nigerrimus
604 3496 799 3575 facere
846 3514 1073 3575 debeat.
1106 3510 1301 3597 {litem
1356 3514 1503 3575 haec
1558 3512 1766 3576 eadem
1815 3530 1991 3593 supra
2049 3512 2190 3573 dicti
2241 3513 2474 3593 generis
2527 3514 2764 3573 nomina
2791 3526 2844 3570 ao

218 3612 265 3671 in
299 3632 468 3695 supra
510 3615 672 3676 dicto
717 3632 858 3677 casu
897 3617 1043 3677 rima
1075 3614 1327 3697 syllabas
1369 3618 1663 3695 accipiunt
1702 3624 1760 3678 et
1792 3616 2206 3695 superlativum
2250 3615 2496 3694 gradum
2533 3616 2770 3692 generis

218 3712 455 3778 feminini
510 3717 861 3787 ostendunt,
915 3725 981 3779 ut
1022 3724 1163 3797 puta
1218 3716 1314 3779 hic
1366 3720 1533 3796 niger
1588 3716 1737 3780 baec
1783 3719 2101 3797 nigerrima
2147 3716 2344 3779 facere
2395 3716 2622 3778 debeat.
2712 3722 2770 3777 at

217 3834 337 3879 vero
378 3820 525 3882 baec
582 3820 785 3881 eadem
838 3824 1019 3900 supra
1060 3820 1198 3881 dicti
1254 3821 1488 3898 generis
1542 3822 1778 3881 nomina
1835 3822 1894 3881 in
1939 3838 2118 3899 supra
2161 3818 2316 3880 dicto
2369 3836 2508 3879 casu
2553 3819 2766 3879 timum

220 3918 441 3997 syllabas
494 3923 795 4002 accipiunt
857 3929 916 3984 et
968 3921 1387 4002 superlativum
1449 3922 1697 4002 gradum
1753 3924 1987 4000 generis
2045 3923 2237 3983 neutri
2296 3920 2646 3989 ostendunt,
2703 3926 2770 3981 ut

220 4030 337 4098 puta
376 4022 471 4085 hic
508 4026 681 4103 niger
723 4022 839 4087 boc
882 4026 1268 4104 nigerrimum
1312 4025 1507 4087 facere
1546 4022 1778 4085 debeat.
1817 4026 1830 4101 Ι
2791 4033 2842 4076 ³⁶

365 4125 533 4187 Nunc
575 4128 636 4188 in
665 4126 779 4189 bac
822 4126 1031 4197 forma,
1076 4146 1193 4209 qua
1222 4126 1472 4187 diximus
1516 4126 1748 4205 generis
1793 4122 2099 4186 masculini
2130 4124 2375 4209 ‘nomina
2416 4124 2478 4183 in
2523 4121 2766 4201 positivo

222 4225 383 4299 gradu
421 4228 775 4289 nominativo
820 4246 959 4290 casu
1004 4230 1239 4291 numeri
1283 4227 1593 4305 singularis
1630 4245 1695 4288 er
1745 4226 2238 4295 litteris-definiri,
2288 4226 2610 4305 quaeritur,
2652 4241 2766 4303 qua

222 4324 283 4386 de
319 4330 623 4391 causa'hic
666 4336 849 4390 taeter
892 4338 949 4391 et
991 4348 1111 4391 non
1154 4336 1379 4393 taetrus
1416 4330 1664 4391 dicatur.
1743 4328 1854 4391 hac
1897 4330 1970 4391 de
2011 4346 2205 4397 causa,
2246 4328 2524 4406 quoniam
2568 4327 2764 4387 cuius-

224 4444 451 4509 cumque
504 4433 739 4509 generis
783 4434 1019 4493 nomina
1076 4432 1460 4513 superlativus
1514 4432 1733 4511 gradus
1779 4450 1852 4493 ex
1899 4452 1962 4494 se
2015 4430 2210 4493 facere
2262 4434 2538 4509 possunt,
2597 4427 2764 4499 baec,

339 4567 369 4616 4
414 4573 463 4615 et
496 4581 595 4617 non
632 4582 681 4629 r,
731 4584 822 4621 om.
860 4570 938 4627 Η,-
982 4570 1075 4621 sea
1108 4570 1158 4619 in
1194 4572 1364 4621 codice
1393 4570 1786 4633 superscriptum
1819 4584 1932 4619 esse
1963 4568 2180 4633 aliquid,
2227 4566 2360 4633 quod
2400 4566 2502 4630 lega·
2532 4574 2764 4631 nequeat,

222 4632 481 4686 adnotatam
510 4644 588 4687 esc
622 4640 675 4686 in
708 4640 1003 4705 apographo
1124 4637 1245 4705 qua]
1286 4656 1413 4703 quae
1444 4640 1518 4690 Bu
1658 4640 1689 4691 5
1726 4654 1792 4689 ex
1828 4638 2008 4689 litteris
2044 4655 2071 4687 v
2109 4653 2163 4687 er
2195 4636 2375 4687 litteris
2409 4636 2456 4686 R
2561 4638 2764 4703 nomina

224 4715 301 4749 ⁰1⁸-
336 4703 405 4754 Ru
541 4708 571 4757 7
610 4707 827 4757 debeant
862 4710 937 4759 Ro
1114 4710 1179 4762 19
1226 4708 1328 4760 alia
1363 4710 1583 4774 qualibet
1618 4725 1649 4758 r·
1684 4708 1978 4771 aliqualibet
2012 4706 2058 4759 R
2229 4708 2296 4759 20
2331 4714 2381 4757 et
2419 4706 2516 4757 alia
2551 4704 2627 4757 Ro

225 4769 283 4819 23
310 4772 594 4827 definiantur
631 4794 663 4826 r
695 4778 990 4829 deficiantur
1028 4779 1071 4829 R
1234 4780 1303 4830 24
1336 4780 1531 4830 dicatur
1565 4796 1593 4829 v
1632 4780 1861 4829 dicantur
1898 4778 1944 4827 R
2084 4776 2152 4831 28
2187 4785 2401 4846 possunt
2427 4794 2456 4827 υ
2493 4792 2563 4828 ex
2595 4778 2765 4831 codice

230 4838 438 4895 Parisino
472 4846 603 4900 7494
642 4850 837 4914 possint
868 4848 915 4900 R
