3434 5442
587 298 712 362 520
1713 288 2023 372 [sunau]

695 401 726 441 s.
755 401 848 442 54⁴.
877 403 926 442 55
955 400 1050 442 eod.
1085 399 1184 441 Lav.

894 499 926 542 a
971 478 1109 540 tibi
1151 498 1240 542 ne
1284 487 1593 540 teneras
1635 477 1923 557 glacies
1967 486 2175 540 secet
2217 497 2486 560 aspera
2528 478 2856 561 plantas,

592 590 652 645 et
696 585 786 655 ‘i,
833 599 1158 663 sequere
1200 579 1496 643 ltaliam
1537 583 1845 653 ventis',
1894 588 1954 641 et
2008 583 2079 642 ‘o
2122 589 2395 663 terque
2439 590 2850 664 quaterque
2892 581 3185 650 beati’,

589 688 730 748 item
785 686 846 746 in
899 683 1185 746 bucolicis
1241 687 1344 744 ὀ·
1377 682 1711 745 crudelis
1765 681 2032 745 Alexi’.
2108 682 2303 746 Latini
2357 682 2586 745 vocales
2628 685 2889 765 quinque
2934 683 3185 754 babent,

592 787 802 850 Graeci
845 795 1044 849 autem
1087 792 1334 867 septem.
1405 784 1662 858 Latinae,
1709 793 1774 847 ut
1817 784 2036 848 dictum
2084 792 2193 856 est,
2236 803 2273 847 a
2316 804 2349 848 e
2391 789 2413 848 i
2458 805 2493 848 o
2537 806 2605 858 u,
2654 788 2927 848 Graecae
2968 805 3016 848 a
3058 805 3093 847 ε
3140 805 3187 865 η

539 909 564 950 s
593 910 618 949 ι
661 910 704 952 υ
749 908 786 950 o
831 909 912 950 m:
961 889 1354 950 Terentianus

896 989 1106 1053 nulla
1149 1009 1281 1052 vox
1326 990 1640 1053 humana
1683 997 1989 1052 constat
2029 988 2315 1071 absque
2360 999 2647 1071 septem
2691 990 3021 1062 litteris,

895 1094 1042 1155 rite
1085 1111 1266 1174 quas
1311 1090 1616 1154 vocales
1657 1099 1878 1154 vocat
1922 1098 1993 1154 et
2032 1092 2400 1170 magistra
2442 1093 2768 1155 Graecia.

593 1197 1040 1258 consonantium
1106 1193 1256 1257 aliae
1319 1201 1459 1256 sunt
1517 1192 1928 1266 semivocaleS,
1986 1202 2054 1256 ut
2118 1193 2399 1266 diximus,
2457 1193 2605 1256 aliae
2658 1204 2876 1258 mutae.
2962 1194 3193 1276 quibus

595 1297 996 1380 exprimendis
1039 1299 1090 1360 si
1119 1295 1378 1360 vocalem
1424 1313 1546 1356 non
1589 1293 1809 1357 adicias
1826 1343 1841 1367 ,
1890 1303 1991 1357 aut
2034 1294 2241 1357 sibilus
2285 1295 2523 1377 quidam
2568 1298 2683 1359 erit
2726 1306 2787 1360 et
2829 1297 3071 1368 stridor,
3123 1304 3193 1358 ut

523 1417 571 1458 ιο
597 1407 687 1463 est
739 1402 804 1462 in
857 1397 1346 1470 semivocalibus,
1391 1406 1490 1460 aut
1543 1395 1742 1460 nullus
1783 1399 2019 1478 penitus
2064 1416 2136 1460 ex
2178 1415 2285 1460 ore
2327 1416 2509 1460 sonus
2552 1400 2735 1470 exiet,
2782 1407 2847 1462 ut
2888 1400 3199 1479 contingit

595 1505 660 1564 in
702 1504 899 1564 mutis.
988 1500 1369 1564 semivocales
1413 1499 1548 1562 ideo
1592 1499 1903 1572 dicuntur,
1960 1501 2098 1582 quia
2140 1501 2319 1562 semis
2362 1499 2587 1563 habent
2629 1500 2703 1562 de
2746 1509 3035 1581 potestate
3078 1519 3195 1562 vo·

595 1602 828 1668 salium.
919 1603 1147 1666 vocales
1205 1603 1436 1666 litterae
1505 1611 1564 1664 et
1625 1621 1737 1683 per
1800 1620 1865 1664 se
1928 1609 2144 1663 sonant
2198 1610 2259 1664 et
2314 1621 2423 1684 per
2478 1621 2543 1664 se
2598 1600 2879 1682 syllabam
2936 1605 3192 1666 faciunt.

593 1709 742 1770 istae
794 1725 905 1787 per
958 1724 1024 1767 se
1079 1705 1319 1786 quidem
1363 1703 1644 1785 syllabam
1693 1723 1811 1767 non
1854 1703 2105 1776 faciunt,
2152 1703 2258 1765 sed
2301 1723 2410 1784 per
2452 1723 2517 1766 se
2558 1713 2791 1766 sonant.
2879 1704 2971 1766 vel
3016 1715 3193 1768 certe

595 1809 730 1870 ideo
775 1809 964 1871 dictae
1019 1815 1158 1871 sunt
1199 1805 1610 1878 semivocales,
1663 1808 1800 1887 quia
1853 1804 2097 1887 plenum
2141 1824 2352 1868 sonum
2398 1824 2517 1869 non
2562 1805 2813 1878 habent,
2856 1807 2959 1869 sed
3008 1807 3197 1869 dimi-

525 1927 572 1970 15
599 1911 794 1981 dium,
853 1917 912 1972 et
966 1918 1034 1973 ut
1074 1908 1310 1992 plenius
1353 1917 1597 1980 sonent,
1653 1907 1954 1989 paulisper
1998 1928 2033 1970 a
2078 1907 2378 1972 vocalibus
2432 1908 2809 1981 adiuvantur,
2854 1915 2923 1972 ut
2964 1918 3057 1971 est
3100 1911 3135 1970 r
3176 1909 3197 1969 l

598 2031 656 2073 m
703 2031 744 2074 n
787 2031 819 2074 r
863 2031 892 2074 s
935 2031 991 2074 x.
1051 2021 1248 2075 mutae
1301 2020 1499 2075 autem
1557 2011 1835 2074 dicuntur
1890 2017 2239 2092 propterea,
2297 2012 2465 2092 qula,
2524 2013 2575 2074 si
2616 2011 2895 2075 detrahas
2932 2009 3199 2082 vocales,

601 2114 793 2178 nullus
847 2117 1088 2196 spiritus
1144 2122 1234 2176 est
1287 2133 1400 2177 nec
1455 2115 1651 2176 hiatus
1695 2111 1952 2176 necdum
1998 2130 2211 2176 sonus:
2284 2113 2421 2176 ideo
2464 2123 2693 2185 mutae,
2740 2116 2875 2196 quia
2920 2114 3201 2176 deu-acta

600 2217 786 2280 vocali
828 2226 1058 2280 mutum
1103 2236 1171 2278 os
1213 2216 1500 2280 redditur.
1589 2221 1729 2278 sunt
1780 2223 1975 2278 autem
2018 2233 2258 2288 novem,
2290 2214 2331 2277 b
2362 2233 2394 2276 c
2425 2215 2461 2276 d
2493 2233 2532 2296 g
2560 2217 2600 2277 h
2630 2216 2671 2277 k
2698 2236 2738 2297 p
2766 2235 2807 2298 q
2834 2223 2877 2278 t.
2926 2215 2952 2300 Η
2996 2217 3201 2278 Varro

601 2320 744 2383 dicit
797 2327 1189 2382 consonantes
1244 2316 1318 2380 ab
1375 2336 1408 2380 e
1465 2317 1686 2381 debere
1737 2318 2032 2397 incipere,
2091 2336 2244 2398 quae
2287 2317 2671 2380 semivocales
2714 2326 2881 2388 sunt,
2942 2327 3003 2382 et
3042 2320 3111 2380 in
3162 2337 3201 2379 e

523 2441 576 2482 20
603 2422 822 2485 debere
877 2421 1182 2492 desinere,
1241 2439 1392 2502 quae
1446 2428 1646 2484 mutae
1701 2428 1858 2482 sunt.
1946 2419 2081 2481 ideo
2136 2417 2303 2491 illae,
2353 2421 2489 2501 quia
2534 2438 2655 2481 non
2700 2420 2773 2483 ab
2818 2439 2853 2482 e
2892 2422 3203 2502 incipiunt

603 2543 796 2606 neque
849 2525 911 2585 in
967 2543 1002 2586 e
1057 2523 1366 2594 desinunt,
1423 2529 1672 2604 possunt
1726 2523 1849 2603 pati
1898 2520 2282 2593 calumniam,
2339 2529 2402 2583 ut
2446 2540 2557 2584 nec
2600 2522 2833 2585 litterae
2876 2523 3201 2585 videant-ur

603 2635 704 2689 aut
773 2644 896 2688 non
962 2627 1082 2687 sint
1134 2626 1534 2698 necessariae,
1591 2631 1658 2686 ut
1709 2631 1849 2686 sunt
1901 2625 1966 2685 in
2020 2622 2471 2686 semivocalibus
2526 2645 2561 2686 x
2607 2634 2666 2687 et
2708 2643 2759 2686 z.
2848 2643 2969 2686 non
3024 2628 3199 2686 enim

601 2736 741 2790 sunt
797 2730 1193 2790 necessariae:
1261 2746 1402 2790 nam
1465 2726 1731 2808 duplices
1786 2735 1949 2798 sunt,
2006 2729 2145 2808 quia
2198 2745 2271 2787 ex
2314 2725 2443 2788 aliis
2485 2727 2699 2789 litteris
2742 2727 2873 2790 fieri
2914 2737 3198 2808 possunt.

605 2851 676 2894 ex
708 2833 887 2893 mutis
915 2836 1295 2892 removentur
1337 2838 1584 2911 propter
1611 2827 1775 2891 illam
1806 2847 1983 2910 quam
2012 2828 2266 2890 diximus
2294 2830 2587 2891 rationem
2632 2828 2671 2889 h
2715 2828 2755 2889 k
2798 2849 2865 2910 q:
2912 2829 2981 2900 b,
3026 2829 3201 2910 quod

527 2954 578 2996 π
607 2933 925 3013 adspiratio
969 2933 1073 3005 sit,
1121 2950 1240 2993 non
1282 2930 1512 3002 littera;
1557 2930 1597 2994 k
1643 2938 1702 2992 et
1745 2951 1784 3012 q
1826 2929 1989 3002 ideo,
2037 2931 2196 3011 quod
2240 2949 2274 2992 c
2318 2929 2513 2992 littera
2557 2930 2767 2993 harum
2811 2928 3009 2994 locum
3050 2949 3203 3012 pos·

603 3037 680 3098 sit
717 3033 984 3116 implere.

774 3134 1018 3199 vocales
1061 3143 1199 3198 sunt
1241 3137 1518 3219 quinque.
1592 3136 1706 3198 hae
1752 3153 1873 3196 non
1917 3152 2125 3196 omnes
2167 3135 2361 3197 varios
2402 3134 2629 3198 habent
2666 3153 2864 3207 sonos,
2910 3135 3015 3197 sed
3060 3144 3201 3198 tan·

607 3247 732 3302 tum
778 3239 957 3311 duae,
1005 3256 1039 3300 e
1081 3247 1143 3300 et
1182 3259 1240 3300 o.
1300 3257 1438 3300 nam
1492 3237 1729 3319 quando
1786 3255 1821 3298 e
1876 3244 2217 3317 correptum
2262 3245 2382 3308 est,
2426 3238 2513 3300 sic
2556 3245 2757 3308 sonat,
2804 3240 2971 3318 quasi
3014 3237 3201 3319 diph-

607 3341 894 3422 thongus,
953 3359 1169 3422 equus;
1236 3341 1470 3422 quando
1523 3339 1881 3421 productum
1944 3345 2060 3410 est,
2118 3340 2203 3400 sic
2248 3347 2447 3409 sonat,
2505 3341 2673 3420 quasi
2714 3340 2764 3411 i,
2810 3347 2879 3402 ut
2920 3339 3199 3404 demens.

532 3466 585 3508 so
610 3443 882 3505 similiter
925 3450 986 3504 et
1014 3463 1050 3504 o
1093 3443 1328 3524 quando
1358 3442 1533 3522 longa
1565 3451 1680 3512 est,
1728 3443 1883 3502 intra
1926 3440 2183 3522 palatum
2228 3449 2428 3513 sonat,
2474 3440 2661 3503 Roma
2691 3449 2920 3511 orator;
2950 3443 3201 3522 quando

611 3545 807 3607 brevis
851 3552 976 3616 est,
1034 3546 1241 3626 primis
1285 3542 1466 3607 labris
1511 3545 1891 3624 exprimitur,
1938 3561 2087 3623 opus
2129 3561 2284 3604 rosa.
2332 3545 2353 3603 i
2398 3551 2456 3605 et
2498 3563 2539 3605 u
2581 3545 2774 3606 varias
2816 3543 3040 3607 habent
3082 3565 3199 3626 po·

611 3654 880 3708 testatos:
955 3664 1090 3708 nam
1147 3655 1284 3708 sunt
1335 3644 1650 3726 aliquando
1707 3642 1965 3716 vocales,
2024 3643 2338 3726 aliquando
2392 3655 2815 3717 consonatum,
2874 3645 3199 3727 aliquando

613 3748 873 3820 mediae,
932 3746 1243 3828 aliquando
1290 3745 1463 3820 nihil,
1522 3747 1837 3828 aliquando
1881 3746 2240 3828 digammae,
2286 3745 2600 3828 aliquando
2644 3747 2927 3828 duplices.
3016 3767 3197 3810 voca·

615 3850 702 3912 les
745 3857 898 3923 sunt,
947 3849 1182 3931 quando
1227 3859 1330 3913 aut
1369 3849 1636 3930 singulae
1677 3851 1904 3930 positae
1948 3848 2229 3929 syllabam
2276 3848 2497 3912 faciunt
2538 3857 2640 3912 aut
2681 3850 2813 3912 aliis
2856 3868 3199 3913 consonan-

751 4090 777 4140 1
819 4105 850 4139 a
878 4087 968 4138 tibi
996 4095 1223 4140 notentes
1259 4088 1454 4156 glacies
1499 4087 1580 4140 L.-
1623 4089 1785 4155 Ver-9.
1820 4087 1979 4140 bacol.
2021 4085 2101 4152 10,
2136 4085 2205 4137 49
2342 4089 2375 4137 2
2404 4087 2421 4137 i
2459 4085 2695 4154 sequere]
2734 4089 2893 4155 Ver-9.
2928 4088 3067 4142 Aen.
3104 4089 3195 4139 [ΙΙΙ

611 4160 711 4214 381
854 4174 884 4210 o
921 4157 1118 4225 terque]
1166 4159 1323 4225 Vera.
1360 4160 1492 4214 Aen.
1536 4159 1556 4208 1
1593 4161 1662 4213 94
1802 4157 1835 4208 3
1880 4160 1933 4208 in
1969 4151 2235 4224 bucolicis]
2277 4157 2329 4223 2,
2366 4156 2401 4209 6
2540 4159 2573 4208 4
2610 4157 2834 4211 Graecae
2868 4175 2963 4210 οηι.
3001 4159 3053 4210 L

613 4235 646 4284 5
681 4229 1018 4280 terrentianus
1061 4231 1110 4282 L
1129 4245 1148 4279 .·
1183 4227 1387 4280 Terent.
1421 4245 1469 4282 υ.
1506 4228 1641 4281 1300
1781 4229 1816 4282 9
1858 4229 2063 4293 quidem
2104 4225 2147 4276 L
2289 4227 2354 4278 14
2379 4227 2473 4277 sed
2508 4227 2797 4279 demedium
2834 4227 2883 4278 L
3026 4229 3095 4280 18
3130 4230 3201 4280 de

612 4299 984 4353 commeatibus
1018 4298 1085 4349 ab
1117 4313 1144 4348 e
1175 4298 1520 4364 incipientibus
1557 4307 1606 4351 et
1632 4299 1698 4348 de
1728 4301 1873 4350 mutis
1904 4300 1955 4349 in
1984 4315 2013 4350 e
2038 4297 2376 4350 desinentibus
2411 4297 2585 4350 eadem
2616 4313 2713 4348 non
2748 4298 3013 4364 adscripto
3052 4301 3201 4350 Var-

612 4373 753 4422 ronis
785 4371 976 4424 nostine
997 4372 1322 4434 praecipitate
1349 4371 1554 4421 Servius
1583 4371 1638 4420 in
1667 4369 1795 4420 Don-
1821 4369 1945 4433 422,
1985 4367 2049 4419 15
2076 4375 2127 4418 et
2160 4367 2423 4430 Pompeius
2454 4383 2511 4432 p.
2556 4367 2619 4420 13
2646 4383 2747 4434 sq„
2778 4369 3044 4434 eodemque
3072 4385 3201 4434 per-

614 4443 772 4492 tinent
805 4456 934 4506 quae
956 4455 1027 4490 ex
1069 4441 1324 4492 Varronis
1358 4441 1423 4491 de
1458 4441 1754 4507 antiquitate
1786 4441 2063 4490 litterarum
2094 4436 2225 4488 libro
2260 4437 2305 4486 11
2332 4439 2523 4488 rettudit
2552 4439 2847 4489 Priscianus
2872 4455 2927 4504 p.
2964 4439 3091 4501 540,
3126 4455 3203 4490 ex

613 4511 743 4562 libro
800 4511 866 4561 de
911 4511 1242 4576 grammatica
1283 4509 1531 4561 Cornutus
1561 4511 1855 4562 cassiodori
1894 4525 1951 4572 p.
1992 4506 2146 4558 2286.
2202 4507 2433 4557 videntur
2470 4510 2599 4559 enim
2642 4511 2803 4560 onmia
2838 4524 2909 4558 ex
2948 4507 3097 4560 libr-is
3128 4511 3203 4560 de

615 4581 914 4646 antiquitate
963 4581 1242 4632 litterar-um
1277 4581 1350 4631 ad
1371 4579 1560 4631 Auium
1589 4581 1748 4645 petita
1782 4593 1893 4630 esse
2032 4578 2101 4629 20
2144 4577 2370 4641 fortasse
2404 4577 2523 4630 illae
2562 4593 2711 4644 quae,
2742 4580 2845 4630 nisi
2872 4580 3045 4644 potine
3078 4587 3201 4630 ante

627 4652 882 4702 Varronis
915 4665 1088 4701 nomen
1121 4653 1172 4700 in
1199 4657 1426 4700 emma
1444 4652 1632 4702 codicia
1663 4652 1857 4716 payina
1896 4649 2195 4699 eaecidenmt
2220 4649 2467 4713 quaedam
2501 4649 2565 4700 de
2596 4651 2777 4701 litter-is
2800 4649 3085 4716 duplicibus
3118 4651 3199 4699 vel

617 4735 716 4770 non
745 4721 1049 4771 necessariis
1184 4721 1252 4770 22
1287 4727 1342 4768 nt
1377 4728 1494 4770 sunt
1530 4747 1595 4756 -—
1635 4720 1952 4771 necessariae
1984 4733 2078 4770 om.
2123 4719 2191 4776 L,
2222 4717 2345 4770 add.
2387 4720 2408 4767 1
2574 4719 2641 4771 23
2676 4727 2797 4769 sunt
2834 4733 2967 4782 quae
3000 4735 3067 4768 ex
3100 4720 3197 4770 alis

621 4791 670 4840 L
807 4791 874 4840 28
904 4791 1047 4852 quasi
1076 4789 1378 4856 diptongum
1410 4805 1576 4856 qquus
1611 4789 1660 4839 L
1798 4789 1862 4841 31
1902 4789 2033 4840 labis
2059 4788 2104 4837 is
2136 4787 2185 4838 L
2220 4786 2379 4837 labris
2410 4790 2432 4838 Ι
2722 4810 2733 4816 ·
