3434 5442
926 349 1319 413 INSTITVTA
1349 350 1653 413 ARTIVM
1698 350 2036 413 766-769
2655 354 2766 417 161

286 478 329 519 p.
354 466 444 509 aas.
463 466 516 508 oo
540 464 597 507 n.
2147 512 2157 517 ,
2335 482 2382 523 p.
2408 468 2590 512 aee-02
2618 470 2674 511 v.

194 540 413 599 numeri
451 535 704 617 pluralis
748 538 973 599 utinam
1016 537 1498 619 probavissemus
1538 545 1597 602 et
1638 538 2092 618 probassemus,
2137 540 2364 603 utinam
2406 542 2777 621 probavisse-

192 643 259 701 tis
296 647 353 702 et
392 639 783 719 probassetis,
832 642 1052 702 utinam
1083 640 1495 720 probavissent
1526 649 1585 703 et
1612 641 1996 720 probassent:
2045 643 2255 705 eodem
2293 645 2471 706 modo
2508 652 2778 723 tempore

192 742 379 803 futuro
426 745 665 805 numeri
708 743 1023 822 singularis
1068 745 1291 805 utinam
1338 743 1589 823 probem
1608 790 1621 813 ,
1679 746 1904 806 utinam
1949 744 2205 823 probes,
2261 750 2486 809 utinam
2529 746 2776 827 probet:

192 847 415 907 numeri
447 843 698 927 pluralis
718 847 969 909 utinam
999 846 1345 927 probemus,
1394 848 1616 908 utinam
1646 846 1934 925 probetis,
1980 850 2206 909 utinam
2237 848 2510 929 probent.
2601 849 2780 911 modo

190 948 555 1010 coniunctivo
594 949 717 1008 sive
763 948 1019 1011 iunctivo
1052 955 1343 1029 tempore
1384 950 1681 1029 praesenti
1727 951 1848 1011 sive
1892 951 2132 1011 instanti
2190 954 2424 1013 numeri
2465 950 2780 1032 singularis
2832 974 2856 1013 s

192 1068 313 1111 eum
349 1049 445 1111 vel
486 1050 537 1111 si
580 1050 853 1127 probem,
894 1068 1028 1112 cum
1072 1050 1163 1112 vel
1204 1052 1257 1111 si
1294 1048 1532 1129 probeS‚
1580 1068 1717 1112 cum
1746 1050 1840 1113 vel
1875 1052 1925 1111 si
1969 1050 2216 1130 probet:
2258 1056 2490 1115 numeri
2533 1053 2782 1133 pluralis

192 1172 309 1213 cum
356 1150 455 1213 vel
498 1151 549 1213 si
603 1152 959 1231 probemus,
1014 1170 1149 1214 cum
1202 1150 1293 1213 vel
1336 1154 1386 1213 si
1440 1151 1738 1231 probetis,
1799 1170 1936 1213 cum
1985 1151 2075 1214 vel
2118 1155 2167 1215 si
2219 1154 2502 1233 probent:
2571 1158 2780 1218 eodem

192 1254 353 1315 modo
403 1262 683 1339 tempore
724 1256 1048 1333 praeterito
1104 1256 1301 1334 specie
1355 1255 1703 1332 imperfecta
1749 1255 1868 1317 sive
1911 1256 2108 1317 minus
2151 1274 2327 1335 quam
2381 1257 2643 1335 perfecta
2690 1257 2778 1320 vel

192 1356 513 1417 inchoativa
573 1358 808 1417 numeri
844 1356 1157 1435 singularis
1213 1374 1349 1418 cum
1404 1356 1494 1418 vel
1542 1358 1593 1418 si
1644 1356 1996 1434 probarem,
2055 1376 2190 1419 cum
2234 1356 2327 1419 vel
2369 1360 2418 1419 si
2472 1360 2780 1438 probares,

193 1478 311 1519 eum
352 1459 450 1520 vel
490 1460 541 1520 si
583 1458 897 1538 probaret:
963 1461 1197 1521 numeri
1238 1458 1483 1538 pluralis
1532 1477 1669 1519 cum
1713 1458 1804 1520 vel
1845 1460 1894 1520 si
1937 1458 2362 1540 probaremuS,
2423 1480 2558 1523 cum
2602 1461 2692 1523 vel
2727 1465 2778 1523 si
2807 1482 2858 1522 ιο

192 1561 548 1641 probaretis,
614 1579 751 1621 cum
802 1559 896 1622 vel
949 1562 999 1621 si
1052 1561 1407 1641 probarent:
1440 1558 1467 1645 ΙΙ
1500 1561 1707 1623 eodem
1757 1561 1936 1623 modo
1994 1562 2202 1623 eodem
2260 1570 2530 1643 tempore
2586 1567 2784 1644 specie

194 1663 441 1742 perfecta
487 1664 611 1725 sive
662 1662 933 1725 absoluta
985 1666 1217 1725 numeri
1257 1662 1575 1741 >siugularis
1630 1681 1766 1724 cum
1809 1661 1902 1724 vel
1947 1663 1996 1724 si
2039 1664 2416 1742 probaverim
2462 1672 2520 1727 et
2563 1666 2782 1745 proba-

194 1768 312 1835 rim,
359 1784 501 1827 cum
542 1764 634 1827 vel
668 1766 717 1825 si
762 1764 1109 1845 probaveris
1154 1773 1213 1827 et
1254 1764 1549 1845 probaris,
1596 1784 1734 1827 cum
1778 1764 1871 1827 vel
1909 1767 1958 1827 si
1999 1766 2342 1844 probaverit
2383 1774 2442 1828 et
2483 1767 2783 1847 probarit;

195 1870 415 1929 numeri
460 1866 713 1948 pluralis
766 1886 905 1930 cum
948 1867 1039 1931 vel
1081 1869 1133 1929 si
1174 1866 1625 1948 probaverimus
1671 1874 1730 1929 et
1771 1866 2178 1945 probarimus,
2235 1886 2367 1930 cnm
2412 1870 2501 1930 vel
2547 1872 2596 1931 si
2641 1888 2784 1951 pro-

195 1969 457 2032 baveritis
501 1979 563 2033 et
600 1969 951 2051 probaritiS,
1010 1990 1141 2032 cum
1186 1969 1279 2031 vel
1320 1971 1369 2031 si
1414 1968 1798 2048 probaverint
1841 1976 1901 2030 et
1939 1969 2280 2048 probarint:
2347 1972 2558 2033 eodem
2602 1974 2781 2034 modo
2813 1990 2862 2029 15

196 2074 391 2134 eodem
438 2080 715 2153 temporo
760 2075 959 2153 specie
988 2072 1569 2154 plusquamperfecta
1614 2074 1738 2132 sive
1768 2071 2134 2133 recordativa
2183 2072 2271 2134 vel
2305 2080 2508 2135 exacta
2553 2076 2784 2137 numeri

194 2174 495 2253 singularis
538 2194 675 2235 cum
720 2175 811 2237 vel
854 2178 905 2237 si
946 2173 1351 2255 probavissem
1396 2179 1454 2233 et
1488 2171 1870 2252 probassem,
1911 2192 2046 2234 cum
2088 2174 2178 2235 vel
2221 2177 2274 2236 si
2307 2176 2686 2254 probavisses
2727 2184 2788 2237 et

196 2276 533 2355 probasses,
580 2296 719 2340 cum
760 2276 851 2339 vel
887 2278 935 2337 si
982 2275 1349 2356 probavisset
1392 2280 1452 2335 et
1493 2273 1837 2352 probasset:
1901 2277 2135 2336 numeri
2178 2276 2424 2356 pluralis
2471 2297 2604 2339 cum
2645 2282 2656 2355 Ι
2695 2278 2788 2341 vel

196 2382 237 2439 si
274 2378 759 2459 probavissemus
806 2386 865 2439 et
905 2378 1357 2458 probassemus,
1420 2393 1555 2437 cum
1592 2374 1687 2437 vel
1733 2376 1782 2435 si
1831 2375 2250 2455 probavissetis
2293 2388 2353 2441 et
2397 2379 2783 2459 probassetis,

200 2500 319 2542 cum
346 2480 441 2543 vel
476 2483 531 2543 si
562 2480 975 2563 probavissent
1016 2488 1075 2542 et
1110 2478 1493 2558 probassent:
1539 2476 1754 2538 eodem
1787 2478 1960 2539 modo
2005 2486 2274 2559 tempore
2303 2482 2504 2543 futuro
2549 2486 2784 2545 numeri
2809 2500 2862 2542 ιο

196 2583 497 2661 singularis
540 2602 679 2645 cum
715 2582 806 2645 vel
850 2584 900 2643 si
938 2581 1271 2662 probavero
1318 2586 1377 2641 et
1416 2578 1709 2659 probaro,
1754 2598 1890 2642 cum
1932 2580 2023 2642 vel
2060 2584 2112 2642 si
2150 2582 2498 2661 probaveris
2541 2593 2600 2647 et
2643 2604 2782 2665 pro-

196 2686 369 2757 baris,
416 2704 561 2748 cum
596 2685 693 2746 vel
734 2686 783 2745 si
799 2661 1164 2765 'probaverit
1206 2689 1266 2745 et
1306 2680 1607 2763 probarit;
1667 2684 1901 2743 numeri
1947 2680 2190 2761 pluralis
2235 2703 2370 2747 eum
2417 2685 2507 2747 vel
2547 2690 2596 2749 si
2641 2706 2784 2767 pro-

197 2788 519 2850 baverimus
562 2795 625 2850 et
666 2786 1063 2867 probarimuS,
1111 2803 1245 2847 cum
1288 2784 1379 2845 vel
1416 2786 1469 2845 si
1512 2783 1900 2862 probaveritis
1945 2790 2003 2844 et
2043 2784 2383 2864 probaritiS,
2431 2807 2567 2850 cum
2607 2790 2695 2850 vel
2733 2792 2786 2851 si

200 2891 573 2969 probaverint
618 2897 679 2951 et
718 2888 1047 2969 probarint.
1138 2888 1315 2949 modo
1362 2884 1722 2965 inpersonali
1779 2886 2041 2945 numeris
2099 2893 2158 2946 et
2199 2891 2474 2966 personis
2519 2890 2784 2952 confusis

198 3001 451 3072 tempore
492 2992 795 3071 praesenti
842 2992 961 3053 sive
997 2990 1237 3051 instanti
1280 2987 1597 3068 probatur,
1654 2987 1862 3049 eodem
1909 2986 2086 3047 modo
2132 2994 2402 3069 tempore
2456 2994 2782 3070 praeterito
2808 3008 2860 3049 25

198 3098 379 3173 specie
434 3094 791 3174 imperfecta
852 3094 971 3155 sive
1030 3094 1227 3154 minus
1282 3109 1459 3172 quam
1514 3088 1780 3169 perfecta
1845 3085 1937 3148 vel
2001 3088 2332 3151 inchoativa
2397 3093 2781 3171 probabatur,

201 3198 393 3259 eodem
436 3196 621 3259 modo
680 3198 889 3259 eodem
936 3204 1210 3275 tempore
1266 3194 1466 3272 specie
1492 3180 1497 3185 ⁸
1519 3190 1784 3269 perfecta
1837 3190 1956 3251 sive
2011 3183 2277 3252 absoluta
2335 3194 2650 3273 probatum
2697 3205 2787 3257 est

200 3308 251 3359 et
292 3300 575 3363 ulteriore
637 3301 903 3379 perfecta
968 3298 1091 3359 sive
1145 3294 1413 3357 absoluta
1478 3291 1796 3372 probatum
1864 3291 1998 3362 fuit,
2065 3293 2273 3355 eodem
2329 3296 2505 3357 modo
2573 3285 2784 3359 eodem

201 3408 453 3481 tempore
496 3402 700 3479 specie
743 3399 1323 3480 plusquamperfeeta
1364 3396 1487 3457 sive
1528 3394 1897 3457 recordativa
1936 3393 2026 3455 vel
2059 3404 2260 3457 exacta
2302 3397 2616 3476 probatum
2659 3411 2788 3461 erat

202 3511 255 3563 et
286 3503 569 3565 ulteriore
613 3501 1189 3582 plusquamperfecta
1236 3500 1359 3560 sive
1401 3496 1766 3559 recordativa
1811 3494 1900 3556 vel
1947 3504 2150 3559 exacta
2204 3498 2521 3578 probatum
2565 3502 2777 3572 fuerat,
2809 3517 2861 3560 ao

204 3604 393 3667 eodem
452 3605 637 3667 modo
698 3611 967 3682 tempore
1012 3603 1211 3663 futuro
1275 3599 1645 3679 probabitur.
1733 3598 1986 3677 gerundi
2051 3608 2192 3661 sunt
2244 3601 2423 3673 haec,
2488 3604 2784 3683 probandi

205 3706 495 3783 probando
538 3705 917 3785 probandum
958 3704 1295 3785 probatum.
1384 3710 1649 3780 tempora
1695 3701 2144 3779 participiorum
2189 3704 2506 3766 trahuntur
2537 3724 2570 3767 a
2602 3707 2782 3768 verbo

206 3810 373 3869 activo
416 3810 569 3877 duo,
614 3824 903 3889 praesens
948 3805 1242 3886 prohanS,
1286 3804 1549 3864 futurum
1593 3801 1980 3881 probaturus,
2065 3822 2282 3866 nomen
2327 3806 2402 3868 ab
2446 3806 2560 3869 hoc
2605 3809 2784 3870 verbo

206 3912 375 3971 activo
416 3913 483 3971 fit
526 3910 836 3989 probator,
878 3907 1193 3989 appellatio
1234 3904 1525 3984 probatio.
1566 3977 1569 3981 A

354 4012 683 4075 Declinatio
746 4012 975 4091 passiva
1036 4009 1265 4088 primae
1334 4005 1782 4083 coniugationiS.
1873 4005 2099 4083 probor
2127 4003 2154 4089 ΙΙ
2184 4007 2430 4069 verbum
2485 4013 2779 4091 passivum
2807 4030 2860 4070 35

206 4114 497 4177 indicativo
546 4117 671 4176 sive
706 4113 1143 4193 pronuntiativo
1174 4108 1351 4170 modo
1393 4108 1617 4169 dictum
1653 4108 1940 4185 temporis
1980 4112 2310 4187 praesentis
2349 4112 2468 4170 sivo
2511 4113 2783 4173 instantis

208 4218 423 4279 numeri
462 4214 781 4294 singularis
826 4215 1050 4293 figurae
1090 4209 1375 4290 simplicis
1413 4226 1705 4288 personae
1751 4210 2008 4288 primae,
2053 4212 2212 4289 quod
2249 4210 2638 4274 declinabitur
2676 4214 2778 4273 sic.

210 4319 369 4379 modo
412 4320 723 4381 indicativo
768 4317 889 4379 sive
932 4314 1373 4395 pronuntiative
1414 4321 1689 4390 tempore
1743 4314 2044 4390 praesenti
2098 4314 2219 4375 sive
2265 4314 2501 4375 instanti
2553 4315 2784 4375 numeri

210 4419 503 4497 singularis
546 4419 771 4499 probor
815 4418 1093 4498 probaris
1138 4415 1459 4496 probatur,
1517 4415 1756 4475 numeri
1791 4412 2036 4493 pluralis
2075 4416 2404 4495 probamur
2448 4415 2782 4496 probamini

210 4522 549 4599 probantur:
606 4522 819 4585 eodem
860 4520 1039 4581 modo
1092 4525 1364 4598 tempore
1416 4517 1740 4595 praeterito
1784 4516 1982 4594 specie
2025 4518 2370 4598 imperfecta
2425 4519 2544 4579 sive
2589 4520 2783 4579 minus
2809 4533 2863 4576 ω

210 4640 369 4700 quam
416 4625 678 4703 perfecta
732 4622 825 4684 vel
868 4620 1198 4684 inchoativa
1256 4621 1491 4681 numeri
1534 4616 1851 4696 singularis
1903 4618 2206 4698 probahar
2251 4620 2602 4699 prohaharis
2645 4638 2784 4699 pro-

332 4834 403 4888 29
434 4838 699 4903 probatum
732 4844 841 4886 erat
872 4858 945 4871 ·-—
978 4834 1047 4886 30
1084 4842 1262 4884 exacta
1296 4847 1391 4883 om.
1429 4832 1492 4894 R,
1530 4830 1655 4885 add.
1692 4848 1722 4880 υ
1861 4830 1930 4883 37
1965 4833 2212 4897 simplicis
2245 4834 2298 4883 B
2333 4832 2649 4898 compositae
2685 4833 2732 4882 R

304 4942 623 4985 samar.
654 4942 799 4985 Lar.
835 4941 954 4982 1111.
2299 4922 2320 4981 1
2348 4924 2362 4979 1
