3434 5442
1265 322 1686 386 PRAEFATIO
1758 353 1771 365 ·
2642 342 2769 388 Lm

191 507 518 590 tribuitur3
565 509 638 572 in
685 507 832 573 aliis
875 509 1196 574 Honorati
1237 529 1472 574 nomen
1517 510 1830 592 additum,
1872 513 1942 575 in
1986 512 2132 576 aliis
2178 535 2293 598 pro
2337 513 2545 578 Mario
2589 513 2770 578 Mau·

191 633 296 676 rus
341 611 551 676 dictus
597 619 723 676 est.
770 621 836 676 et
877 611 1194 679 Honorati
1239 613 1500 699 quidem
1553 637 1789 679 nomen
1844 616 1990 679 aliis
2035 615 2247 680 Servii
2304 615 2489 681 libris
2544 617 2771 682 confir-

189 722 428 795 matur3
473 713 556 778 de
601 713 814 779 Mario
860 722 924 778 et
963 713 1194 780 Mauro
1239 716 1544 802 quoniam
1585 719 1654 781 in
1697 719 2156 804 commentario
2198 719 2572 802 Vergiliano
2617 741 2771 804 quo·-

187 837 308 901 que
353 814 580 880 eadem
623 815 943 881 librorum
983 839 1182 882 manu
1227 819 1614 904 scriptorum
1659 817 2101 904 discrepantia
2155 829 2281 900 cst,
2344 843 2553 907 neque
2612 819 2773 885 mihi

185 928 462 1001 constat,
505 929 728 984 utrum
771 941 1008 984 nomen
1050 921 1406 1005 genuinum
1449 923 1566 1001 sit,
1620 922 1849 1008 optimi
1893 922 2135 987 codicis
2180 924 2630 989 auctoritatem
2674 945 2771 987 se·

187 1023 294 1107 qui
336 1043 472 1086 non
515 1021 842 1088 dubitavi.
890 1029 1084 1108 atque
1126 1024 1299 1088 hunc
1341 1025 1558 1110 ipsum
1599 1045 1743 1088 esse
1787 1023 2087 1090 Servium
2135 1024 2349 1113 illum,
2405 1048 2599 1112 quem
2640 1031 2771 1090 Ma-

185 1123 448 1188 crobius
490 1124 860 1210 loquentem
902 1125 1080 1208 facit,
1125 1127 1384 1191 nomine
1425 1125 1686 1208 Albini,
1744 1127 1828 1192 ad
1884 1149 2077 1214 quem
2119 1127 2287 1192 liber
2328 1129 2607 1212 scriptus
2652 1137 2772 1208 est,

185 1227 460 1290 indicari
501 1237 903 1313 putaverunt
947 1227 1264 1294 Seldenus
1309 1237 1377 1294 et
1416 1228 1652 1293 Bosius
1695 1227 1739 1293 l.
1783 1252 1841 1293 c.
1887 1251 2036 1293 nam
2082 1251 2227 1294 eum
2271 1251 2400 1294 non
2444 1230 2773 1295 diversum

185 1351 320 1392 esse
365 1328 725 1394 voluerunt
765 1352 808 1395 a
851 1330 1134 1397 Caecina
1157 1331 1421 1412 Albino,
1467 1353 1660 1418 quem
1701 1331 2077 1397 Macrobius
2122 1331 2259 1397 Sat.
2305 1333 2340 1397 I
2384 1340 2453 1413 2,
2501 1341 2579 1402 15
2624 1355 2771 1397 cum

187 1431 413 1496 Servio
470 1433 848 1498 venientem
901 1443 966 1498 et
1020 1455 1388 1498 sermonum
1442 1433 1704 1498 illorum
1757 1435 2139 1519 participem
2190 1433 2464 1498 inducit.
2522 1435 2591 1498 in
2644 1457 2773 1521 quo

181 1532 338 1598 illud
381 1555 518 1598 non
575 1535 1202 1618 animadverterunt,
1261 1536 1320 1599 si
1373 1535 1562 1601 modo
1606 1545 1783 1600 recte
1828 1537 2163 1622 utriusque
2200 1536 2483 1602 rationes
2526 1535 2775 1602 Macro·-

185 1637 326 1701 bius
373 1635 746 1723 descripsit,
793 1637 874 1702 de
919 1639 1058 1724 ipso
1091 1638 1374 1703 Caecina
1404 1637 1646 1702 Albino
1691 1638 1967 1722 cogitari
2009 1659 2137 1702 non
2176 1659 2389 1724 posse,
2432 1648 2777 1725 propterea

185 1738 352 1825 quod
395 1740 458 1804 is
505 1740 716 1804 maior
757 1750 916 1806 natu
959 1741 1089 1806 fuit
1130 1763 1326 1828 quam
1372 1741 1670 1820 Servius,
1725 1762 1874 1805 cum
1916 1740 2083 1805 liber
2125 1739 2207 1803 de
2250 1749 2509 1806 centum
2550 1742 2774 1806 metris

185 1841 266 1904 ad
307 1840 633 1906 Albinum
675 1865 948 1928 puerum
993 1843 1099 1908 vel
1143 1843 1619 1909 adulescentem
1663 1843 1943 1927 scriptus
1990 1842 2094 1906 sit.
2154 1842 2271 1907 sed
2324 1843 2479 1928 quia
2520 1853 2775 1930 patrem

189 1954 249 2008 et
291 1965 492 2008 avum
537 1943 768 2009 Albini
813 1945 915 2008 sui
958 1945 1152 2010 laude
1209 1945 1541 2011 doctrinae
1597 1944 1896 2008 floruisse
1952 1942 2217 2010 Servius
2272 1944 2529 2026 scribit,
2583 1944 2777 2010 relin-

189 2047 406 2130 quitur
458 2055 541 2110 ut
585 2045 672 2110 ad
721 2045 928 2110 filium
972 2046 1079 2112 vel
1121 2057 1421 2134 nepotem
1465 2046 1785 2112 Caecinae
1828 2044 2056 2111 Albini
2100 2048 2381 2133 scriptus
2426 2069 2566 2112 esse
2610 2045 2777 2113 liber

191 2148 458 2214 dicatur.
501 2147 676 2212 alius
719 2148 800 2213 de
845 2159 984 2216 arte
1027 2150 1298 2214 metrica
1338 2148 1523 2230 liber,
1569 2153 1678 2235 qui
1724 2149 1805 2212 de
1848 2149 2069 2213 metris
2099 2147 2477 2214 Horatianis
2507 2149 2590 2214 ad
2621 2150 2777 2214 For·
2864 2227 2877 2242 ·

191 2251 603 2316 tunatianum
647 2253 926 2337 scriptus
969 2261 1087 2334 est,
1129 2253 1198 2316 in
1229 2252 1526 2316 Parisino
1571 2250 1811 2332 codice,
1858 2273 1942 2314 ex
1984 2272 2111 2337 quo
2157 2273 2305 2314 cum
2334 2250 2575 2317 librum
2604 2275 2776 2318 nunc

190 2354 464 2438 primum
511 2352 723 2434 edidi,
785 2353 1012 2419 Servio
1065 2355 1395 2422 tribuitur.
1459 2355 1523 2419 in
1583 2355 1811 2420 eodem
1864 2354 2087 2419 codice
2140 2361 2357 2418 autem
2400 2365 2549 2440 post
2589 2353 2776 2419 illum

193 2454 416 2520 librum
463 2455 738 2520 brevior
781 2455 864 2520 de
909 2456 1134 2521 eodem
1179 2467 1560 2542 argumento
1604 2458 2105 2522 commentarius
2150 2458 2518 2541 subscripto
2564 2457 2775 2522 Servii

193 2559 438 2622 nomine
483 2557 542 2621 f.
590 2565 672 2626 40
717 2557 974 2642 legitur.
1021 2559 1133 2645 qui
1175 2581 1326 2624 cum
1366 2559 1528 2624 nihil
1572 2561 1728 2625 novi
1772 2559 2100 2624 contineat
2142 2581 2355 2646 neque
2400 2561 2615 2624 omnia
2642 2559 2775 2624 Ho-

193 2661 330 2724 ratii
371 2661 676 2725 carmina
717 2659 1191 2746 conplectatur,
1247 2683 1288 2725 a
1340 2682 1444 2725 me
1499 2660 1712 2726 editus
1766 2684 1900 2726 non
1956 2669 2075 2725 est.
2134 2661 2201 2725 in
2256 2671 2531 2748 utroque
2576 2663 2777 2747 igitur

197 2762 349 2828 libro
395 2785 578 2850 quae
623 2763 709 2826 sit
750 2763 1104 2828 auctoritas
1147 2762 1423 2828 nominis
1471 2762 1714 2846 Servii,
1759 2785 1889 2828 non
1934 2764 2091 2828 satis
2137 2772 2517 2850 conpertum
2560 2773 2679 2830 est.

345 2865 910 2931 Commentarium
951 2865 1020 2929 in
1062 2865 1424 2947 Donatum,
1483 2888 1610 2953 quo
1655 2864 1921 2931 Servius
1979 2865 2227 2951 primus
2282 2868 2567 2954 omnium
2612 2866 2775 2932 cele-

191 2969 528 3032 berrimam
603 2968 984 3054 antiquioris
1049 2969 1458 3053 grammatici
1537 2979 1774 3050 artem,
1860 2979 1930 3034 ut
1993 2968 2282 3049 videtur,
2362 2979 2774 3053 exposuerat,

193 3078 249 3134 et
288 3071 674 3136 Priscianus
720 3070 1044 3156 adscripto
1089 3071 1347 3134 nomine
1393 3069 1603 3135 Servii
1649 3070 1881 3135 citavit
1920 3069 2125 3134 instit.
2172 3071 2205 3135 I
2248 3093 2313 3156 p.
2362 3079 2419 3151 8,
2480 3081 2557 3141 15
2603 3071 2771 3135 conl.

195 3172 361 3238 Serv.
405 3196 474 3258 p.
511 3177 668 3253 422,
709 3182 809 3254 15,
853 3182 919 3237 et
961 3173 1385 3258 grammatici,
1433 3174 1544 3259 qui
1586 3181 1736 3259 post
1779 3175 1929 3235 eum
1967 3173 2039 3236 in
2080 3172 2325 3235 Donati
2367 3171 2535 3237 libro
2579 3174 2773 3237 inter-

195 3275 497 3360 pretando
546 3296 818 3358 operam
863 3275 1382 3356 conlocaverunt,
1417 3297 1612 3361 saepe
1655 3273 2112 3340 adhibuerunt.
2156 3296 2309 3339 narn
2337 3273 2560 3355 multa,
2608 3297 2777 3360 quae

196 3378 270 3441 ab
307 3377 418 3442 illo
463 3377 723 3461 scripta
765 3387 966 3457 erant,
1010 3400 1160 3443 cum
1205 3387 1360 3464 apta
1402 3398 1545 3442 esse
1587 3376 1965 3442 viderentur
2008 3375 2095 3442 ad
2138 3385 2488 3462 praecepta
2529 3377 2779 3442 Donati

197 3479 576 3565 explicanda
621 3488 689 3544 et
733 3479 1110 3567 supplenda,
1156 3491 1387 3566 postea
1427 3482 1494 3544 in
1539 3478 1700 3543 alios
1745 3479 1980 3562 libros,
2036 3479 2149 3565 qui
2202 3480 2272 3543 in
2316 3479 2543 3546 eodem
2587 3501 2778 3563 argu-

197 3591 394 3646 mento
436 3581 900 3663 versabantur,
944 3581 1264 3646 translata
1307 3591 1476 3647 sunt.
1523 3603 1608 3645 ex
1650 3581 1775 3646 hoc
1817 3603 2053 3666 genere
2098 3589 2249 3646 sunt
2292 3581 2422 3646 duo
2466 3582 2619 3648 libri
2664 3605 2776 3647 ex·

199 3683 636 3768 planationum
679 3683 748 3748 in
792 3683 1124 3748 Donatum
1166 3705 1252 3748 ex
1296 3683 1661 3749 Lavantino
1703 3683 1929 3748 codice
1974 3683 2152 3765 editi,
2207 3686 2277 3749 in
2321 3686 2557 3771 quibus
2602 3693 2779 3750 utra·

201 3807 310 3872 que
347 3785 606 3851 Donati
653 3807 760 3850 ars
801 3786 895 3850 ita
939 3786 1238 3872 exposita
1277 3793 1404 3867 est,
1463 3795 1536 3850 ut
1594 3806 1820 3849 eorum
1865 3807 2033 3871 quae
2079 3785 2344 3852 Servius
2406 3789 2777 3874 scripserat,

203 3891 460 3952 maxime
503 3889 580 3953 in
627 3888 876 3952 minore
921 3897 1080 3969 arte,
1125 3889 1292 3953 ratio
1337 3887 1704 3954 haberetur.
1754 3897 1819 3953 et
1861 3910 2009 3953 cum
2052 3887 2361 3974 pleraque
2402 3911 2533 3953 non
2576 3890 2779 3954 nomi-

205 3999 335 4054 nato
375 3999 650 4055 auctore
693 3997 956 4077 recepta
999 3991 1148 4071 sint,
1193 4001 1330 4056 tum
1373 3991 1442 4054 in
1484 3991 1564 4055 iis
1611 4013 1779 4077 quae
1825 3989 2091 4055 Servius
2135 3991 2499 4077 praeceptis
2530 3990 2777 4056 Donati

210 4091 526 4157 addiderat
582 4115 654 4178 p.
703 4099 856 4172 408,
921 4099 1000 4162 36
1053 4093 1260 4180 ipsius
1317 4091 1555 4156 mentio
1611 4091 1792 4158 facta
1846 4102 1947 4157 est
1987 4115 2052 4178 p.
2100 4098 2255 4174 496,
2310 4100 2393 4161 26
2447 4097 2599 4156 haec
2641 4105 2781 4157 sunt

209 4215 346 4272 quae
385 4199 670 4260 Donatus
723 4201 782 4257 in
832 4201 1040 4274 prima
1091 4207 1274 4277 parte
1329 4201 1552 4260 artium
1610 4200 1901 4260 tractavit
1910 4218 1933 4268 ;
1998 4200 2149 4282 lqaec
2202 4201 2489 4274 magister
2530 4197 2779 4260 Servius

210 4304 560 4362 extrinsecus
619 4301 892 4361 dictavit.
963 4306 1306 4381 praeterea
1368 4297 1866 4362 commentarius
1925 4297 2006 4362 de
2060 4296 2306 4363 ultimis
2362 4293 2663 4380 syllabis,
2720 4297 2777 4361 is

213 4419 378 4481 quem
419 4397 642 4483 Sergii
695 4399 958 4463 nomine
1009 4400 1395 4486 inscriptum
1436 4401 1506 4463 in
1551 4399 1806 4463 duobus
1862 4399 2196 4464 codicibus
2253 4419 2593 4483 superesse
2638 4397 2778 4463 dixi

217 4521 267 4582 p.
293 4499 488 4582 XLV,
535 4508 846 4585 receptus
879 4510 978 4565 est
1003 4525 1070 4588 p.
1104 4510 1245 4582 512,
1294 4508 1371 4570 12
1419 4509 1484 4565 et
1513 4509 1657 4582 562,
1703 4508 1807 4568 25.
1850 4500 2003 4566 hinc
2046 4501 2305 4566 videtur
2347 4500 2595 4564 factum
2640 4523 2780 4565 esse

223 4609 278 4662 ut
311 4600 414 4667 ille
455 4603 662 4684 liber,
717 4603 1016 4689 quamvis
1062 4625 1101 4667 a
1145 4611 1364 4667 vetere
1410 4601 1622 4667 Servii
1665 4604 2124 4668 commentario
2171 4625 2434 4687 prorsus
2481 4603 2779 4668 diversus

229 4715 380 4782 esset,
419 4715 644 4770 tamen
675 4703 892 4770 Servii
935 4704 1039 4768 vel
1073 4705 1284 4789 Sergii
1326 4727 1558 4770 nomen
1603 4704 1909 4770 traheret.
1956 4705 2280 4770 enimvero
2326 4705 2407 4770 de
2438 4704 2665 4770 Servio
2716 4715 2781 4770 et

234 4801 420 4889 Sergio
460 4829 592 4872 non
636 4808 704 4872 in
732 4807 864 4874 hoo
888 4806 1054 4872 libro
1085 4815 1338 4873 tantum
1365 4807 1620 4875 codices
1652 4807 2043 4894 discrepant,
2090 4809 2205 4874 scd
2238 4808 2463 4874 eadem
2501 4809 2779 4872 nominis
