3434 5442
919 342 1309 403 INSTITVTA
1350 342 1629 403 AnTtVM
1675 340 2010 405 492-510
2189 380 2222 413 χ
2629 340 2744 404 123

278 470 319 509 p.
351 456 513 497 ami
548 456 595 498 n.
2326 471 2368 510 ῃ.
2398 458 2487 498 nai.
2510 458 2560 499 35
2591 457 2646 499 v.

182 548 213 586 o
256 528 497 589 biduum
547 528 619 587 ab
660 529 771 589 hoc
814 528 1027 590 biduo:
1104 528 1415 591 declinatio
1456 531 1665 590 tridui:
1714 530 1828 589 boe
1875 531 2128 593 triduum
2177 530 2348 590 liuius
2387 530 2560 590 tridui
2608 530 2748 589 huie

180 630 365 689 triduo
424 630 541 690 hoc
581 631 835 692 triduum
897 650 933 689 o
968 632 1226 693 triduum
1288 631 1361 691 ab
1402 631 1517 691 hoc
1557 632 1768 692 triduo.
1860 632 2170 694 declinatio
2225 630 2564 711 quadridui:
2629 631 2746 691 hoc

180 732 570 812 quadriduum
636 732 809 793 huius
850 734 1159 812 quadridui
1230 733 1367 794 huie
1403 733 1733 811 quadriduo
1807 735 1922 795 hoc
1966 734 2357 812 quadriduum
2429 752 2462 793 ο
2507 733 2743 814 quadri-

178 832 347 893 duum
406 832 483 893 ab
532 833 647 894 hoc
689 834 1034 913 quadriduo.
1140 836 1707 898 declinatiorienis:
1778 839 2012 897 numeri
2068 834 2382 912 singularis
2429 835 2576 896 haec
2618 835 2742 896 rien

180 935 341 995 huius
384 936 573 995 rienis
618 936 755 997 hnic
794 938 943 997 rieni
987 936 1139 997 hanc
1174 939 1397 998 rienem
1446 957 1483 999 o
1525 938 1651 998 rien
1698 938 1773 997 ab
1819 938 1930 998 hae
1973 940 2166 1007 riene‚
2226 940 2460 999 numeri
2504 936 2744 1016 pluralis
2795 962 2821 1001 5

178 1037 278 1097 hae
320 1024 520 1098 rienes
594 1038 803 1099 harum
845 1038 1094 1099 rienium
1159 1039 1249 1099 his
1296 1038 1560 1101 rienibus
1619 1038 1726 1101 has
1776 1041 1972 1101 rienes
2037 1058 2074 1099 o
2119 1041 2314 1100 rienes
2375 1038 2448 1099 ab
2494 1039 2584 1100 his
2631 1041 2743 1099 rie-

179 1138 357 1199 nibuS.
1687 1200 1697 1211 .
1957 1148 1980 1177 ⁴
2085 1200 2088 1205 -

334 1238 761 1320 Quaecumque
812 1244 1049 1303 nomina
1112 1241 1358 1303 ablativo
1404 1262 1543 1305 casu
1604 1244 1832 1303 numeri
1891 1242 2206 1320 singularis
2259 1260 2292 1303 a
2335 1243 2424 1303 vel
2473 1264 2510 1302 o
2555 1243 2745 1305 littera

180 1338 562 1404 terminantur
608 1351 665 1404 et
690 1362 884 1423 neque
922 1351 1113 1423 aptota
1148 1363 1339 1423 neque
1371 1344 1635 1405 anomala
1670 1362 1798 1406 esse
1835 1345 2230 1424 reperiuntur,
2272 1344 2418 1405 haee
2449 1347 2504 1405 in
2537 1346 2744 1407 eodem

180 1443 415 1505 ablativo
465 1464 611 1505 casu
656 1446 887 1507 numeri
924 1446 1235 1524 singularis
1270 1464 1399 1506 rum
1440 1446 1722 1527 syllabam
1763 1448 2056 1525 accipiunt
2091 1453 2152 1507 et
2184 1448 2512 1525 genetivum
2545 1466 2744 1509 casum
2773 1469 2824 1510 w

180 1548 396 1608 numeri
463 1546 713 1625 pluralis
774 1548 1105 1610 ostendunt.
1196 1557 1253 1609 at
1298 1567 1437 1609 vero
1480 1548 1627 1609 haec
1684 1548 1890 1610 eadem
1955 1550 2222 1616 nomina,
2288 1566 2440 1626 quae
2495 1549 2748 1609 diximus

182 1646 414 1709 ablativo
454 1668 599 1710 casu
640 1650 870 1711 numeri
900 1648 1213 1727 singularis
1250 1668 1281 1709 a
1320 1650 1407 1710 vel
1445 1669 1480 1710 o
1512 1649 1704 1710 littera
1747 1652 2048 1711 terminari
2089 1657 2146 1709 et
2187 1668 2296 1711 nec
2325 1658 2521 1729 aptota
2555 1668 2744 1732 neque

181 1750 427 1812 anomala
470 1754 757 1831 reperiri,
815 1770 884 1813 ex
932 1751 1137 1814 eodem
1182 1752 1433 1813 ablativo
1475 1768 1613 1812 casu
1658 1752 1892 1811 numeri
1933 1750 2246 1830 singularis
2290 1754 2534 1813 eandem
2584 1772 2616 1814 a
2657 1751 2744 1813 vel

184 1870 213 1909 o
250 1852 301 1911 in
344 1854 393 1912 is
432 1852 660 1914 litteras
705 1862 1055 1915 convertunt
1100 1860 1157 1915 et
1198 1854 1457 1931 dativum
1490 1854 1583 1914 vel
1626 1852 1939 1915 ablativum
1981 1872 2180 1915 casum
2231 1856 2459 1915 numeri
2505 1854 2754 1932 pluralis·

184 1954 498 2015 ostendunt.
592 1974 1001 2036 quaecumque
1036 1958 1271 2018 nomina
1316 1954 1563 2016 ablativo
1600 1972 1739 2015 casu
1783 1956 2010 2016 numeri
2040 1956 2352 2049 singularis
2381 1976 2416 2017 e
2451 1957 2742 2034 producto
2771 1976 2820 2017 ιι,

186 2056 588 2124 terminantur,
627 2057 775 2118 haee
816 2060 873 2118 in
918 2056 1125 2119 eodem
1174 2056 1423 2119 ablativo
1470 2074 1607 2117 casu
1652 2059 1884 2118 numeri
1928 2056 2242 2134 singularis
2285 2076 2418 2119 rum
2461 2056 2742 2138 syllabam

187 2157 463 2234 accipiunt
530 2165 593 2219 et
640 2162 974 2238 genetivum
1028 2178 1230 2222 casum
1297 2150 1527 2222 mimeri
1578 2158 1824 2237 pluralis
1877 2158 2207 2221 ostendunt.
2297 2171 2358 2221 at
2411 2178 2549 2221 vero
2598 2161 2746 2222 haee

188 2250 368 2317 eadem
410 2263 669 2330 nomina,
717 2280 869 2342 quae
903 2262 1155 2323 diximus
1192 2262 1441 2324 ablativo
1484 2278 1623 2322 casu
1664 2262 1896 2323 numeri
1939 2258 2270 2342 sin[}gnlaris
2307 2281 2340 2323 e
2369 2262 2562 2325 littera
2603 2278 2744 2341 pro-

189 2358 339 2419 ducta
394 2345 732 2434 terminari,
794 2366 855 2425 in
900 2364 1105 2425 eodem
1162 2363 1411 2425 ablativo
1455 2359 1593 2424 cas'u
1650 2365 1884 2424 numeri
1925 2361 2244 2440 singularis
2292 2363 2406 2424 bus
2459 2362 2738 2445 syllabam

189 2462 459 2540 accipiunt
504 2472 567 2524 et
603 2466 860 2527 datlvum
894 2466 979 2527 vel
1012 2466 1326 2527 ablativum
1373 2482 1573 2527 casum
1612 2466 1853 2526 numeri
1881 2463 2124 2543 pluralis
2167 2465 2500 2527 ostendunt.
2558 2486 2738 2547 quae-
2765 2484 2818 2527 ω

190 2578 419 2641 cumque
462 2568 701 2627 nomina
746 2567 995 2628 ablativo
1037 2586 1191 2650 casu‚
1222 2570 1454 2629 numeri
1488 2565 1802 2646 singularis
1835 2586 1876 2628 u
1909 2566 2096 2627 littera
2145 2570 2552 2637 terminantur,
2598 2568 2742 2629 baec

190 2664 238 2721 in
279 2665 475 2727 eodem
525 2666 779 2730 ablativo
825 2688 965 2730 casu
1007 2672 1241 2731 numeri
1286 2668 1599 2747 singularis
1645 2686 1744 2730 um
1787 2668 2070 2749 syllabam
2115 2671 2412 2748 accipiunt
2462 2678 2521 2731 et
2561 2688 2740 2749 gene-

190 2765 345 2826 tivum
374 2786 579 2830 casum
624 2772 856 2831 numeri
886 2770 1129 2849 pluralis
1172 2772 1506 2833 ostendunt.
1596 2772 1656 2831 a't
1692 2789 1832 2833 vero
1875 2772 2020 2832 haec
2049 2772 2253 2833 eadem
2291 2773 2545 2841 nomina,
2590 2790 2742 2851 quae

191 2864 415 2929 diximus
456 2869 712 2932 ablativo
742 2890 881 2934 casu
916 2874 1147 2935 numeri
1187 2872 1499 2952 singularis
1544 2892 1579 2934 u
1621 2872 2178 2942 litteraterminari,
2225 2892 2294 2933 ex
2329 2872 2536 2934 eodem
2581 2873 2740 2935 abla-

190 2968 287 3028 tivo
326 2988 459 3033 casu
509 2974 745 3035 numeri
788 2968 1101 3054 singularis
1146 2976 1392 3037 eandem
1438 2992 1476 3034 u
1514 2974 1770 3035 litteram
1814 2976 1875 3034 in
1919 2976 1938 3035 i
1982 2981 2332 3035 convertunt
2375 2982 2432 3036 et
2473 2975 2584 3037 bus
2627 2974 2738 3056 syl-
2765 2993 2816 3033 25

194 3066 358 3132 labam
402 3078 719 3156 accipiunt,
766 3078 923 3139 unde
956 3076 1220 3138 dativum·
1262 3077 1348 3138 vel
1394 3076 1705 3138 ablativum
1751 3094 1950 3137 casum
1997 3078 2226 3137 numeri
2270 3076 2508 3155 pluralis
2545 3085 2740 3139 osten-

194 3169 335 3232 dunt.
418 3194 833 3260 quaecumque
895 3180 1129 3239 nomina
1195 3178 1443 3240 ablativo
1510 3196 1649 3239 casu
1716 3178 1945 3239 numeri
2004 3178 2316 3256 singularis
2373 3198 2406 3239 e
2463 3188 2740 3258 correpto

196 3277 591 3349 terminantur,'
622 3279 768 3341 haee
812 3299 882 3342 ex
928 3282 1135 3343 eodem
1181 3280 1433 3342 ablativo·
1464 3298 1601 3341 casu
1645 3282 1880 3342 numeri
1922 3279 2238 3358 singularis
2281 3280 2528 3343 eandem
2569 3300 2602 3342 e
2647 3280 2741 3342 lit·
2815 3270 2822 3282 ’

198 3364 357 3437 teram
398 3382 673 3441 omittunt
708 3380 799 3443 vel
840 3384 899 3442 in
944 3385 966 3443 i
1009 3390 1357 3444 convertunt
1400 3391 1458 3444 et
1502 3400 1601 3442 um
1642 3380 1924 3462 syllabam
1969 3383 2278 3461 accipiunt,
2327 3383 2482 3443 uude
2507 3384 2740 3461 geneti-

196 3490 308 3537 vum
352 3498 547 3543 easum
594 3486 829 3545 numeri
872 3484 1116 3563 pluralis
1161 3484 1495 3547 ostendunt.
1570 3491 1628 3546 at
1664 3502 1806 3545 vero
1843 3483 1992 3545 haee
2037 3484 2242 3545 eadem
2285 3486 2544 3555 nomina,
2591 3499 2817 3564 quae-³⁰

199 3574 417 3663 diximus
469 3584 723 3646 ablativo
780 3586 935 3667 cafsu
992 3589 1223 3649 numeri
1272 3586 1586 3665 singularis
1640 3606 1673 3647 e
1733 3592 2008 3665 correpto
2068 3588 2396 3665 terminari,
2457 3586 2604 3649 haec
2667 3576 2738 3648 ex

198 3680 371 3743 eodem
415 3686 665 3748 ablativo
720 3705 859 3749 casu
913 3692 1143 3750 numeri
1170 3688 1509 3766 singularis
1562 3689 1809 3751 eandem
1857 3705 1889 3749 e
1942 3696 2276 3767 correptam
2331 3690 2449 3749 ini
2487 3688 2738 3751 litteram

200 3794 513 3849 convertunt
557 3798 616 3851 et
662 3789 775 3851 bus
818 3790 1099 3871 syllabam
1140 3793 1462 3870 accipiunt,
1524 3791 1678 3852 unde
1734 3790 1989 3853 dativum
2039 3790 2128 3853 vel
2172 3791 2486 3853 ablativum
2539 3808 2740 3853 casum

200 3890 395 3948 numeri
436 3890 679 3968 pluralis
720 3892 1057 3954 ostendunt.
1147 3910 1555 3971 quaecumque
1596 3895 1835 3954 nomina
1881 3891 2132 3953 ablativo
2175 3912 2316 3954 casu
2359 3896 2591 3955 numeri
2619 3895 2739 3956 sin-

204 3985 431 4057 gutarisi
458 3990 653 4056 littera
695 3997 1090 4057 terminantur
1134 4002 1193 4056 et
1236 4002 1431 4075 aptota
1477 4012 1605 4057 esse
1648 4012 1768 4053 non
1809 3996 2204 4073 reperiuntur,
2243 3994 2392 4057 haec
2433 3996 2492 4055 in
2529 3995 2736 4056 eodem
2765 4010 2816 4053 ³⁵

204 4082 417 4152 ablativo
478 4113 617 4157 casn
686 4099 919 4158 numeri
982 4096 1295 4175 singularis
1339 4097 1449 4158 bus
1504 4095 1786 4178 syllabam
1851 4098 2148 4175 accipiunt
2209 4104 2270 4157 et
2330 4096 2586 4157 dativum
2650 4095 2740 4157 vel

208 4184 477 4257 ablativum
520 4214 725 4260 casum
768 4200 1003 4259 numeri
1040 4198 1289 4277 'pluralis
1331 4198 1661 4259 ostendunt.

342 4290 661 4369 Quaeritur,
707 4300 781 4361 ab
812 4318 883 4361 eo
916 4301 1075 4381 quod
1106 4302 1251 4362 dixit
1278 4300 1565 4379 Vergilius
1608 4299 1896 4361 ‘vultur
1937 4299 2268 4360 obunco’
2313 4300 2490 4359 huius
2525 4297 2746 4373 vulturi,

211 4404 267 4447 an
306 4392 461 4459 huius
500 4400 743 4463 vulturis
791 4404 989 4465 facere
1018 4402 1247 4463 debeat.
1335 4400 1437 4463 sed
1484 4420 1888 4483 quaecumque
1932 4403 2166 4463 nomina
2214 4402 2568 4462 nominativo
2597 4420 2738 4462 casu

214 4498 405 4558 numeri
436 4502 747 4581 singularis
792 4524 863 4565 ur
906 4504 1117 4566 litteris
1156 4504 1535 4575 definiuntur,
1578 4504 1726 4567 haec
1769 4506 2037 4583 genetivo
2081 4522 2220 4565 casu
2261 4506 2491 4565 numeri
2539 4504 2738 4581 singu·
2763 4518 2816 4558 ιο

292 4674 351 4749 ,4
381 4676 524 4731 rienis
560 4680 607 4731 R
643 4685 781 4732 renis
816 4684 901 4735 Br
923 4701 942 4734 .-
990 4685 1103 4734 t'lem
1138 4684 1190 4733 in
1220 4684 1427 4749 reliquis
1462 4686 1681 4735 eiusdem
1714 4684 1920 4735 nominis
1955 4683 2158 4734 casibus
2355 4683 2398 4735 fi
2441 4683 2654 4734 rienium
2695 4684 2742 4731 R

218 4748 377 4791 renium
408 4764 435 4795 r
465 4764 633 4801 renum
671 4752 723 4803 B
934 4752 996 4804 13
1032 4754 1242 4804 eandem
1283 4768 1313 4803 a
1346 4770 1377 4805 v
1410 4754 1629 4805 eundem
1665 4770 1697 4804 a
1725 4754 1828 4804 RB
2026 4754 2091 4805 14
2129 4754 2206 4804 vel
2242 4750 2512 4805 ablativum
2543 4768 2636 4807 om.
2674 4752 2738 4811 R,

218 4808 314 4858 aad.
348 4814 389 4862 B
510 4820 577 4873 38
613 4820 899 4889 Vergilius]
940 4824 1072 4874 Aen.
1106 4824 1175 4874 Vl
1212 4823 1315 4874 597
