3434 5442
587 325 690 373 xn
1661 313 2081 376 PRAEFATIO

587 522 754 587 quae
795 500 864 564 in
907 500 1197 584 margine
1241 499 1482 565 codicis
1526 499 1855 584 adscripta
1890 498 1995 564 vel
2025 500 2323 564 versibus
2362 500 2749 586 interposita
2790 511 2975 567 erant
3016 503 3153 567 dili-

585 612 812 688 genter
853 599 1196 683 indicavit,
1244 609 1309 665 et
1351 623 1561 686 pauca
1603 600 1953 687 quaedam,
2011 623 2177 688 quae
2232 604 2512 686 primum
2554 604 2621 667 in
2666 604 3153 671 transcribendo

586 706 916 786 omiserat,
983 703 1206 770 codice
1269 705 1505 769 iterum
1568 704 1824 768 conlato
1898 703 2168 769 addidit.
2258 704 2341 769 ad
2408 704 2923 770 Lindemannum
2985 705 3156 771 unde

586 806 862 872 schedae
891 805 1148 872 adlatae
1179 807 1325 888 sint,
1357 806 1515 870 mihi
1545 829 1674 871 non
1703 814 1978 887 constat,
2006 805 2122 872 sed
2152 805 2213 870 N
2216 805 2510 872 iebuhrio
2540 807 2980 872 intercedente
3012 829 3156 872 eum

586 909 916 996 accepisse
979 909 1292 994 suspicor.
1379 909 1700 973 Vaticano
1764 908 2017 991 codice,
2084 911 2140 972 si
2210 907 2376 973 fides
2448 907 2750 974 habenda
2820 921 2921 976 est
2962 909 3156 990 Maio,

585 1013 869 1076 omnium
938 1011 1385 1095 antiquissimo
1441 1011 1773 1096 aliquanto
1840 1013 2157 1076 recentior
2218 1021 2318 1076 est
2372 1010 2891 1076 Vindobonensis
2950 1021 3027 1080 17
3091 1013 3157 1076 in

583 1113 879 1198 catalogo
923 1111 1302 1178 Endlicheri
1345 1135 1407 1199 p.
1455 1120 1582 1182 214
1613 1135 1753 1199 sqq.
1800 1122 1865 1177 et
1905 1114 1975 1177 in
2018 1112 2421 1200 praefatione
2464 1112 2907 1178 analectorum
2950 1133 3159 1197 gram-.

584 1217 967 1281 maticorum
1021 1211 1619 1280 Vindobonensium
1675 1237 1741 1300 p.
1787 1214 1921 1279 VII
1976 1237 2113 1302 sqq.
2170 1214 2555 1300 descriptus.
2645 1237 2725 1279 ex
2796 1214 2923 1280 hoc
2990 1215 3159 1279 enim

537 1309 558 1326 ’
583 1317 807 1385 codice
861 1313 1168 1382 adhibitis
1227 1326 1565 1403 praeterea
1619 1317 1875 1383 duobus
1932 1316 2247 1382 Parisinis
2302 1317 2468 1382 liber
2526 1319 2736 1403 magis
2780 1316 3159 1381 emendatus

585 1430 650 1485 et
692 1419 890 1485 Probi
931 1419 1190 1484 nomine
1233 1420 1582 1504 inscriptus
1625 1420 1853 1505 paucis
1898 1419 2084 1485 annis
2142 1428 2289 1504 post
2330 1420 2489 1484 Maii
2534 1419 2883 1484 editionem
2926 1419 3161 1482 iterum

585 1521 801 1587 editus
855 1531 954 1586 est
1006 1523 1073 1586 in
1130 1520 1441 1586 analectis
1494 1523 1936 1605 grammaticis
1978 1521 2404 1586 Vindobonae
2462 1544 2519 1586 a.
2571 1529 2755 1592 1837.
2829 1518 3161 1586 Vindobo-

584 1626 801 1690 nensis
844 1625 1045 1710 igitur
1087 1623 1324 1704 codex,
1373 1623 1527 1688 olim
1569 1623 1944 1705 Bobiensis,
1990 1625 2267 1709 scriptus
2313 1645 2454 1688 esse
2497 1623 2735 1689 dicitur
2778 1631 3013 1689 octavo
3056 1621 3162 1686 vel

584 1748 753 1792 nono
809 1725 1088 1791 saeculo.
1175 1727 1242 1790 in
1299 1748 1374 1791 eo
1428 1726 1626 1790 Probi
1681 1724 1877 1807 liber,
1934 1725 1988 1789 is
2045 1724 2127 1788 de
2182 1747 2308 1810 quo
2366 1747 2537 1790 nunc
2590 1725 2896 1807 dicimus,
2951 1727 3162 1811 primo

585 1830 1006 1915 quaternione
1047 1829 1570 1893 membranarum
1613 1830 1851 1893 amisso
1896 1825 2137 1912 legitur
2176 1826 2226 1891 f.
2276 1838 2353 1897 17
2398 1835 2587 1893 rimus
2626 1833 2896 1910 syllabas
2940 1834 3165 1907 accipit

587 1931 678 2017 (p.
728 1941 826 2011 71,
875 1930 982 2015 28)
1055 1965 1138 1978 -
1201 1929 1250 1994 f.
1299 1937 1378 2000 49
1447 1936 1524 1994 de
1587 1935 1770 1995 uerbo
1832 1941 2125 2010 quantum
2188 1937 2352 1994 ratio
2403 1935 2693 2010 poscebat
2759 1936 3167 1994 tractavimus

587 2037 868 2099 UTERE
907 2037 1174 2096 FELIX
1220 2037 1584 2097 LAPPADI
1641 2036 2029 2097 MERCURI
2086 2035 2493 2096 SCRIPTOR
2536 2037 2708 2098 CUM
2747 2035 3169 2096 PATRONIS

584 2139 864 2200 GAUDE
903 2135 998 2220 (p.
1047 2135 1218 2219 192).
1267 2157 1352 2200 ex
1393 2134 1706 2199 Parisinis
1750 2144 1969 2200 autem
2011 2133 2341 2200 codicibus
2388 2132 2552 2200 alter
2597 2141 2765 2205 7494
2807 2157 2979 2200 nono
3026 2155 3163 2197 sae·

581 2238 725 2302 culo
773 2237 1050 2323 scriptus
1097 2247 1226 2319 est,
1272 2237 1338 2302 in
1384 2259 1511 2324 quo
1555 2236 1755 2302 Probi
1810 2235 1977 2302 liber
2029 2247 2177 2323 post
2220 2244 2427 2300 artem
2468 2237 2965 2322 grammaticam
3008 2235 3165 2300 Dio-

579 2339 786 2404 medis
843 2337 1082 2424 legitur
1136 2339 1185 2402 f.
1236 2346 1604 2409 124—218
1659 2342 1987 2404 INCIPIT
2041 2342 2521 2410 TRACTATUS
2582 2341 2843 2403 PROBI
2902 2343 3165 2403 GRAM-

585 2446 900 2506 MATICI.
974 2440 1054 2504 de
1106 2440 1229 2506 hoc
1273 2441 1537 2506 uberius
1585 2439 1831 2506 dictum
1875 2450 1976 2506 est
2016 2441 2083 2504 in
2130 2439 2535 2526 praefatione
2578 2441 2769 2526 primi
2812 2441 3169 2506 voluminis

579 2567 645 2630 p.
691 2542 936 2607 XXIX
979 2565 1118 2630 sqq.
1165 2544 1329 2607 alter
1373 2550 1539 2613 7519
1582 2541 1965 2608 chartaceus
2010 2545 2234 2629 quinto
2279 2542 2529 2608 decimo
2574 2543 2835 2607 saeculo
2882 2545 3167 2628 scriptus

583 2643 790 2710 solum
855 2644 1053 2710 Probi
1126 2644 1364 2710 librum
1429 2646 1742 2727 continet,
1822 2649 2009 2710 Probi
2072 2651 2471 2709 Grammatiei
2531 2650 2607 2708 de
2670 2655 2803 2711 octo
2872 2651 3172 2710 orationis

581 2752 856 2811 membris
910 2769 1015 2810 ars
1071 2751 1282 2812 Minor
1338 2749 1436 2812 Ae
1491 2753 1666 2813 Voce.
1757 2753 1891 2812 Vox
1944 2753 2070 2812 siue
2120 2769 2305 2812 sonus
2367 2785 2436 2795 ——
2503 2753 2579 2811 de
2638 2753 2825 2812 uerbo
2870 2760 3170 2827 quantum

581 2856 744 2914 ratio
795 2855 1084 2930 poscebat
1139 2857 1551 2916 tractavimus.
1603 2858 1765 2928 finis.
1851 2851 2187 2935 utriusque
2242 2860 2461 2915 autem
2518 2849 2761 2915 codicis
2818 2849 3169 2936 scriptura,

581 2973 775 3039 quam
833 2951 1029 3017 editio
1075 2951 1594 3017 vindobonensis
1650 2951 1976 3032 exhibuit,
2034 2974 2181 3016 cum
2225 2951 2545 3016 Vaticano
2601 2951 2825 3017 codice
2880 2953 2979 3016 ita
3020 2973 3169 3017 con-

583 3054 806 3135 sentit,
865 3063 941 3117 ut
995 3055 1112 3119 vix
1167 3053 1453 3119 dubitari
1505 3055 1712 3140 possit
1766 3056 1922 3140 quin
1983 3075 2067 3118 ex
2110 3053 2230 3119 hoc
2271 3056 2413 3140 ipso
2458 3054 2637 3119 ducti
2680 3055 2811 3118 sint
2857 3053 3166 3119 Parisini.

582 3155 756 3242 quod
811 3177 1203 3242 quamquam
1258 3158 1390 3221 scio
1446 3157 1572 3220 nisi
1624 3158 1799 3220 omni
1853 3155 2173 3221 librorum
2210 3157 2533 3242 scriptura
2575 3157 2745 3221 inter
2788 3177 2861 3220 se
2904 3158 3173 3222 conlata

581 3268 757 3324 certo
824 3257 1250 3323 demonstrari
1315 3280 1443 3324 non
1509 3281 1728 3344 posse,
1796 3269 2013 3323 tamen
2078 3279 2290 3344 pauca
2356 3257 2686 3344 exempla,
2753 3279 2927 3343 quae
2994 3257 3173 3322 infra

583 3360 842 3446 scripsi,
899 3360 982 3424 ad
1037 3383 1174 3424 rem
1231 3360 1635 3446 probandam
1689 3358 1927 3424 idonea
1986 3382 2127 3424 esse
2172 3359 2459 3441 confido,
2505 3361 2571 3424 in
2617 3360 2856 3445 quibus
2906 3360 3174 3425 Vatica-

581 3483 738 3526 num
767 3462 844 3543 R,
890 3462 1258 3526 Parisinum
1300 3471 1588 3527 veterem
1617 3461 1700 3542 P,
1748 3470 2071 3526 recentem
2116 3463 2179 3526 A
2222 3460 2455 3526 litteris
2502 3461 2904 3544 significavi:
2958 3472 3105 3542 141,
3138 3470 3177 3529 2

583 3569 794 3626 debent
857 3583 984 3627 esse
1041 3562 1313 3649 potiora]
1385 3569 1672 3627 debenese
1728 3570 2035 3643 potiorum
2091 3563 2150 3627 R
2206 3569 2283 3626 de
2340 3567 2488 3626 bene
2538 3583 2602 3626 se
2655 3571 2965 3642 potiorem
3020 3563 3175 3645 PA;

586 3674 737 3745 144,
786 3672 866 3734 30
920 3677 978 3729 et
1020 3669 1395 3731 subiunctam
1444 3671 1684 3746 pondus
1724 3687 1900 3746 posse
1940 3672 2076 3730 soni
2111 3663 2429 3750 sustinere]
2488 3675 2547 3728 et
2588 3671 2969 3730 subiunctam
3014 3688 3176 3746 pon-

584 3773 700 3831 dus
750 3773 1119 3847 possessioni
1178 3774 1470 3832 sustinere
1527 3767 1641 3832 RP
1697 3773 1991 3832 subiicere
2044 3778 2101 3831 et
2153 3771 2477 3831 subiectam
2533 3777 2591 3831 et
2650 3774 2826 3847 ponis
2880 3777 3179 3848 passonis

581 3875 877 3934 sustinere
922 3870 1017 3952 A3
1083 3877 1228 3951 149,
1275 3878 1358 3939 24
1415 3876 1502 3934 ad
1553 3891 1759 3934 casum
1812 3868 2009 3957 suum]
2059 3876 2146 3933 ad
2184 3890 2355 3934 suum
2398 3891 2565 3933 usum
2610 3868 2819 3951 RPA3
2881 3881 3041 3954 158,
3098 3881 3176 3940 16

583 3970 894 4057 deficiunt}
955 3978 1248 4048 definiunt
1302 3971 1360 4035 R
1416 3977 1784 4048 definiuntur
1837 3971 1975 4036 PA.
2039 3980 2191 4051 144,
2240 3979 2277 4039 4
2334 3978 2663 4050 quinetiam
2718 3957 3061 4051 composita
3103 3975 3175 4036 in

583 4085 877 4140 extrema
928 4076 1170 4161 pagina
1223 4073 1462 4139 codicis
1509 4073 1567 4136 R
1624 4072 1929 4138 librarius
1986 4074 2228 4154 omisit,
2285 4073 2457 4138 unde
2511 4071 2685 4137 idem
2742 4073 3043 4139 defectus
3090 4076 3177 4140 ad

583 4176 699 4241 PA
745 4185 1140 4282 propagatus
1190 4185 1306 4239 est.
1396 4186 1591 4262 atque
1635 4177 1700 4240 in
1748 4176 1849 4239 his
1892 4175 2155 4261 quidem
2210 4174 2508 4240 omnibus
2565 4175 2909 4241 Bobiensis
2958 4177 3179 4241 codex

581 4301 805 4342 veram
851 4279 1234 4362 scripturam
1281 4279 1586 4342 servavit.
1646 4279 1714 4341 in
1762 4277 1903 4342 aliis
1949 4277 2109 4342 locis
2153 4275 2505 4363 quaedam,
2552 4299 2719 4363 quae
2760 4279 2829 4341 in
2872 4281 3179 4361 margine

583 4380 824 4445 codicis
881 4381 940 4445 R
995 4379 1325 4465 adscripta
1369 4391 1550 4460 sunt,
1608 4379 1887 4443 Parisini
1944 4380 2009 4444 in
2066 4379 2555 4444 continuitatem
2600 4380 2948 4444 verborum
2996 4401 3179 4445 rece·
3268 4437 3273 4440 .

582 4491 846 4569 perunt:
907 4489 1056 4562 118,
1105 4489 1184 4552 38
1243 4503 1402 4562 quae
1449 4489 1725 4561 plerosin
1778 4479 2123 4566 patiantur]
2185 4502 2342 4560 quae
2387 4488 2649 4561 plerosis
2682 4489 3017 4562 patiantur
3064 4483 3181 4546 ad-

585 4585 827 4668 scripta
880 4584 948 4647 in
1003 4585 1295 4669 margine
1347 4585 1878 4670 interpretatione
1923 4589 2361 4662 plenitudinem
2407 4583 2465 4647 R
2519 4603 2675 4662 quae
2720 4591 3179 4664 plenitudinem

575 4694 906 4768 patiantur
960 4686 1022 4750 A
1085 4707 1244 4765 quae
1297 4693 1553 4766 leprosis
1606 4693 1937 4766 patiantur
1979 4684 2053 4748 P.
2116 4694 2226 4766 74,
2274 4692 2352 4753 22
2398 4692 2667 4765 pluralis
2710 4697 2767 4750 et
2808 4695 3179 4752 communis:

581 4787 934 4874 sinqularis]
989 4793 1250 4868 pluralis
1291 4801 1349 4852 et
1393 4795 1723 4854 communis
1778 4793 1853 4851 de
1896 4794 2160 4851 numeris
2214 4792 2403 4852 tribus
2446 4795 2795 4854 necessaria
2838 4793 3005 4851 ratio
3052 4795 3179 4853 sin-
