3434 5442
926 310 1319 376 INSTITV'I'A
1356 310 1637 375 ARTIVM
1682 311 1962 375 208—21
1979 309 2020 375 9
2679 304 2755 374 81

305 444 347 486 p.
374 430 523 477 1⁹2.oe
548 430 603 476 a.
2343 441 2388 483 p.
2415 428 2576 471 mun
2603 426 2659 468 v.

222 506 481 583 quoniam,
517 504 599 563 sic
636 503 723 563 uti
762 520 941 581 supra
970 501 1296 571 docuimus,
1340 501 1499 581 quod
1542 519 1946 582 quaecumque
1981 502 2222 563 nomina
2268 502 2502 579 generis
2533 512 2774 562 mascu-'

218 604 304 665 lini
354 606 670 666 accusativo
728 620 871 666 casu
924 604 1156 665 numeri
1212 602 1523 681 singularis
1582 622 1658 665 an
1713 603 1924 665 litteris
1988 603 2378 676 definiuntur,
2443 603 2589 665 haec
2651 621 2763 682 per

218 714 421 767 ceteros
460 724 629 768 casus
668 705 743 767 ad
782 705 1037 768 formam
1070 707 1303 769 Aeneae
1343 706 1730 768 declinantur.
1817 707 1956 769 item
2001 708 2322 787 quaeritur,
2369 704 2558 791 abeo
2603 704 2762 785 quod

218 808 341 869 dixit
374 808 661 888 Vergilius

1396 928 1852 990 segnemque
1892 910 2280 973 Menoeten
2541 936 2546 941 ·
2816 934 2840 973 s

217 1021 265 1073 et
1397 1012 1571 1091 fuge
1612 1031 1814 1085 saxa,
1859 1014 2193 1075 Menoete

216 1114 275 1175 ad
310 1132 477 1193 quam
514 1114 765 1177 formam
805 1119 1076 1192 oporteat
1112 1113 1407 1176 declinare
1450 1116 1782 1178 Menoeten.
1848 1118 2050 1196 utique
2093 1116 2166 1177 ad
2197 1114 2502 1183 Anchisae,
2545 1112 2768 1174 scilicet

216 1218 465 1293 quoniam
486 1265 501 1286 ,
550 1218 636 1277 sic
670 1218 756 1277 uti
792 1233 971 1295 supra
1017 1215 1351 1285 docuimus,
1398 1219 1557 1297 quod
1600 1236 2004 1299 quaecumque
2051 1220 2288 1280 nomina
2343 1216 2579 1295 generis
2613 1232 2768 1275 mas·

216 1316 370 1379 culini
422 1320 751 1379 accusativo
797 1336 935 1379 casu
990 1321 1223 1379 numeri
1260 1319 1571 1398 singularis
1617 1339 1691 1381 en
1732 1319 1942 1383 litteris
1995 1320 2352 1383 definiuntur
2409 1326 2467 1380 et
2508 1316 2766 1379 vocativo

216 1436 335 1480 casu
388 1422 618 1482 numeri
670 1420 985 1499 singularis
1043 1439 1075 1481 e
1125 1419 1317 1483 littera
1367 1424 1790 1494 terminantur,
1850 1423 2000 1485 haec
2052 1422 2126 1485 ad
2183 1422 2434 1483 formam
2477 1418 2766 1481 Anchisae
2795 1440 2845 1483 ιο

214 1534 306 1600 per
348 1529 575 1584 ceteros
614 1540 787 1583 casus
830 1520 1215 1583 declinantur.
1302 1523 1443 1585 item
1490 1521 1814 1603 quaeritur,
1861 1526 1935 1587 ab
1981 1545 2050 1587 eo
2093 1526 2251 1607 quod
2295 1524 2440 1585 dixit
2478 1521 2771 1601 Vergilius

490 1627 628 1686 iam
664 1622 977 1686 validam
1014 1622 1289 1686 Ilionei
1333 1644 1611 1697 navem,
1656 1626 1796 1687 iam
1841 1628 2064 1689 fortis
2107 1627 2428 1689 Achatae
2467 1622 2478 1710 Ι

214 1724 472 1787 ablativus
514 1744 691 1787 casus
745 1728 979 1787 numeri
1018 1724 1331 1803 singularis
1386 1746 1501 1809 qua
1554 1728 1747 1790 littera
1803 1728 2016 1791 debeat
2066 1728 2389 1791 terminari.
2477 1727 2681 1807 utique
2713 1744 2768 1797 a,

213 1827 405 1889 scilicet
437 1830 736 1908 quoniam,
784 1830 868 1891 sic
900 1828 985 1889 uti
1016 1845 1195 1906 supra
1230 1828 1555 1902 docuimuS,
1602 1849 2012 1911 quaecumque
2051 1832 2290 1914 nomina
2331 1831 2598 1908 genetivo
2631 1846 2770 1890 casu

214 1932 421 1993 numeri
462 1928 779 2009 singularis
822 1949 893 1992 ae
928 1930 1139 1991 litteris
1180 1930 1568 2005 definiuntur,
1625 1934 1774 1995 haec
1816 1932 2066 1995 ablativo
2109 1950 2250 1995 casu
2291 1934 2525 1994 numeri
2569 1931 2767 2009 singu·
2795 1952 2848 1995 ιε»

218 2031 339 2094 laris
379 2052 411 2094 a
452 2033 649 2095 littera
691 2036 1098 2117 terminantur.
1187 2034 1324 2095 item
1370 2036 1688 2115 quaeritur,
1737 2035 1810 2098 ab
1855 2054 1926 2097 eo
1970 2036 2127 2118 quod
2174 2034 2317 2097 dixit
2355 2034 2648 2113 Vergilius

1000 2136 1163 2215 quis
1192 2134 1384 2215 {iiam
1426 2135 1669 2208 locuS,
1714 2138 1990 2218 iuquit,
2036 2136 2310 2200 Achate

212 2236 273 2297 ad
309 2256 475 2317 quam
520 2238 775 2299 formam
824 2236 1102 2299 declinari
1144 2236 1429 2317 opo’rteat.
1516 2240 1720 2320 utique
1765 2240 1836 2301 ad
1872 2240 2185 2311 Anchisae,
2231 2238 2453 2301 scilicet
2495 2238 2770 2317 quoniam

216 2354 605 2420 quaecumque
658 2341 895 2400 nomina
950 2340 1185 2417 generis
1237 2339 1543 2401 masculini
1574 2330 1857 2403 -rocativo
1914 2361 2054 2405 casu
2104 2344 2336 2403 numeri
2385 2338 2698 2419 singularis
2739 2358 2771 2400 e

212 2439 378 2503 littera
414 2444 817 2504 'terminantur
860 2448 919 2503 et
955 2445 1222 2519 genetivo
1257 2460 1395 2504 casu
1434 2445 1667 2504 numeri
1694 2442 2008 2523 singularis
2049 2464 2118 2506 ae
2153 2444 2362 2507 litteris
2391 2442 2769 2515 definiuntur,
2796 2462 2848 2503 πο

212 2540 337 2603 haec
401 2562 509 2623 per
570 2551 798 2605 ceteros
853 2562 1025 2606 casus
1088 2543 1161 2604 ad
1228 2544 1479 2606 sormam
1531 2544 1821 2607 Anchisae
1886 2545 2272 2608 declinantur.
2364 2564 2479 2628 qua
2544 2544 2770 2606 ratione

212 2644 346 2705 idem
387 2644 679 2724 Vergilius
724 2645 841 2707 hoc
880 2647 1072 2726 ipsum
1118 2646 1512 2708 corroborans
1546 2655 1902 2726 prosecutus
1948 2654 2054 2721 est,
2099 2649 2299 2711 dicens

436 2764 441 2771 ·
484 2747 839 2826 rapidum
886 2748 973 2809 ad
1017 2749 1229 2809 navis
1268 2751 1696 2828 praemittit
1739 2751 2097 2821 Achatem

210 2848 405 2910 scilicet
445 2851 749 2930 quoniam,
794 2850 879 2911 sic
924 2852 1007 2912 uti
1050 2868 1231 2930 supra
1274 2852 1632 2921 monuimus,
1680 2851 1840 2931 quod
1879 2870 2288 2934 quaecumque
2322 2852 2558 2912 nomina
2592 2868 2768 2930 gene-

208 2952 307 3010 tivo
349 2970 487 3021 casu
525 2953 767 3013 numeri
809 2950 1122 3031 singularis
1163 2972 1233 3015 ae
1274 2950 1487 3015 litteris
1537 2953 1896 3016 deliniuntur
1950 2961 2008 3015 et
2050 2955 2310 3015 vocativo
2347 2972 2486 3015 casu
2533 2954 2765 3014 numeri
2793 2970 2844 3013 πε

210 3052 501 3131 singularis
548 3074 587 3117 e
633 3052 825 3116 littera
868 3056 1275 3126 terminantur,
1320 3056 1469 3118 haec
1512 3057 1841 3118 accusativo
1885 3074 2026 3117 casu
2068 3058 2304 3119 numeri
2347 3054 2657 3133 singularis
2697 3072 2769 3116 en

208 3150 392 3217 litteris
430 3156 799 3218 definiuntur
843 3164 901 3218 et
940 3174 1048 3235 per
1089 3164 1319 3219 ceteros
1362 3176 1534 3219 casus
1576 3158 1647 3220 ad
1687 3161 1938 3221 sormam
1980 3158 2268 3220 Anchisae
2313 3157 2696 3220 declinantur.

357 3259 437 3321 De
472 3258 729 3320 ablativo
776 3277 915 3321 casu
950 3262 1183 3322 numeri
1224 3259 1562 3338 singularis,
1614 3263 1713 3341 qui
1763 3280 1834 3323 ex
1877 3278 2096 3339 genere
2139 3258 2462 3321 masculino
2504 3278 2537 3319 a
2577 3258 2770 3321 littera

210 3362 555 3433 terminatur,
606 3369 887 3442 quantum
928 3362 1077 3423 ratio
1121 3362 1419 3442 poscebat,
1467 3366 1861 3425 tractavimus,

357 3463 435 3526 De
484 3482 711 3544 genere
776 3464 1075 3526 feminino.
1166 3464 1426 3527 seminini
1482 3468 1715 3543 generis
1771 3467 2008 3527 nomina
2030 3512 2044 3534 ,
2116 3482 2268 3545 quae
2325 3463 2574 3526 ablativo
2627 3482 2766 3526 casu
2791 3464 2846 3525 'so

212 3568 415 3627 numeri
456 3564 781 3643 singularis
822 3586 855 3627 a
899 3563 1091 3635 littera
1134 3569 1551 3639 terminantur,
1596 3569 1744 3630 haec
1787 3568 2143 3629 nominativo
2188 3585 2326 3629 casu
2385 3568 2613 3629 numeri
2651 3567 2769 3627 sin·

214 3664 405 3741 gularis
439 3667 676 3729 duabus
718 3668 807 3730 his
851 3669 1056 3731 formis
1098 3669 1455 3731 deliniuntur
1496 3676 1742 3743 tantum,
1780 3690 1813 3731 a
1861 3678 1922 3733 et
1957 3670 2030 3731 ia.

356 3770 438 3832 De
477 3788 531 3831 a.
623 3788 1031 3851 quaecumque
1096 3772 1334 3832 nomina
1396 3774 1629 3851 generis
1689 3773 1956 3835 feminini
2020 3770 2270 3833 ablativo
2339 3789 2478 3833 casu
2543 3770 2774 3831 numeri

214 3872 497 3950 singularis
556 3891 591 3933 a
646 3871 838 3934 littera
895 3874 1289 3935 terminantur
1353 3882 1413 3937 et
1466 3875 1822 3936 nominativo
1875 3892 2015 3936 casu
2071 3876 2310 3936 numeri
2366 3870 2676 3951 singularis
2737 3890 2769 3933 a

214 3968 381 4035 littera
424 3974 805 4045 definiuntur,
848 3982 914 4035 ut
955 3982 1095 4054 puta
1142 3976 1213 4036 ab
1260 3976 1372 4037 hac
1408 3978 1621 4037 misera
1666 3978 1812 4038 haec
1855 3978 2087 4047 misera,
2128 3976 2276 4038 haec
2313 3974 2388 4036 ad
2424 3974 2536 4035 hoc
2573 3990 2768 4035 exem-
2795 3990 2846 4033 35

216 4071 351 4150 plum
388 4076 787 4139 declinantur:
844 4080 1077 4138 numeri
1116 4076 1430 4157 singularis
1466 4078 1613 4140 haec
1656 4080 1872 4140 misera
1915 4078 2089 4139 huius
2130 4080 2381 4138 miserae
2423 4075 2563 4137 huic
2599 4076 2771 4135 mise-

216 4192 297 4237 rae
347 4178 497 4241 hanc
536 4180 817 4241 miseram
872 4197 907 4239 o
940 4181 1155 4241 misera
1212 4179 1285 4243 ab
1329 4179 1441 4241 hac
1484 4181 1726 4252 misera,
1783 4180 2013 4243 numeri
2064 4177 2310 4260 pluralis
2364 4176 2476 4239 hae
2519 4179 2770 4239 miserae

1248 4278 1261 4295 ι
1808 4272 1826 4301 Ι

334 4382 356 4433 l
396 4384 532 4446 quod
568 4400 663 4438 om.
699 4401 756 4444 υ,
793 4384 915 4440 add.
955 4385 999 4436 R
1172 4386 1205 4437 5
1240 4384 1575 4453 segnemque]
1618 4386 1781 4453 Ver-9.
1819 4384 1953 4437 Aen.
1989 4386 2038 4433 V
2078 4384 2176 4437 173
2343 4383 2378 4434 6
2415 4380 2558 4449 fuge]
2599 4384 2768 4448 Ver-9.

220 4453 329 4500 Aen.
364 4454 407 4501 V
448 4454 554 4505 lon
722 4456 753 4505 7
804 4457 867 4505 ad
900 4454 1137 4505 anchisae
1176 4455 1225 4505 B
1268 4458 1335 4507 ad
1372 4456 1613 4507 anchisen
1650 4458 1697 4508 R
1874 4457 1936 4508 11
1979 4450 2263 4522 Vergilius]
2303 4454 2436 4513 Aen,
2479 4454 2500 4502 I
2536 4452 2634 4505 120

220 4520 272 4571 13
298 4522 542 4574 ablatiuus
567 4540 715 4575 casus
748 4526 795 4577 R
830 4524 1054 4575 ablatiuo
1081 4538 1204 4574 casu
1238 4526 1291 4577 B
1418 4528 1479 4578 14
1512 4526 1783 4578 docuimus
1820 4526 1870 4577 B
1905 4527 2194 4576 monuimus
2219 4524 2265 4574 R
2369 4522 2432 4575 16
2469 4523 2602 4573 dixit
2637 4522 2769 4573 idem

214 4592 445 4657 uei-gilius
479 4594 565 4645 B.-
601 4596 736 4645 idem
772 4610 862 4646 om.
900 4596 965 4647 R.
1003 4596 1136 4645 Aen.
1178 4594 1333 4647 1459
1448 4596 1513 4649 17
1552 4598 1667 4661 quis
1704 4598 1752 4649 R
1787 4597 1874 4661 qui
1909 4596 1963 4647 B
2065 4595 2130 4647 21
2172 4594 2388 4645 formam
2425 4592 2474 4643 R
2507 4608 2686 4643 sonum
2725 4592 2774 4643 B

337 4664 400 4713 22
434 4665 763 4717 corroborans
794 4664 839 4715 R
872 4678 997 4731 poro
1024 4666 1359 4716 corroborans
1381 4666 1435 4716 B
1468 4680 1618 4733 porro
1646 4666 1980 4717 corroborans
2018 4682 2046 4715 v
2156 4664 2331 4715 dicens
2361 4680 2455 4717 om.
2479 4664 2544 4731 R,
2576 4664 2698 4715 add.
2723 4663 2774 4713 B

218 4796 263 4845 ia
288 4732 399 4848 323
422 4732 691 4854 'mplitdumJ
741 4736 899 4801 Ver-9.
937 4734 1069 4787 Aen.
1106 4735 1127 4783 1
1164 4734 1267 4787 644
1436 4736 1505 4787 25
1543 4736 1858 4787 definiuntur
1890 4737 1944 4787 B
1981 4736 2314 4787 terminantur
2351 4736 2401 4786 R
2553 4732 2620 4784 32
2659 4748 2689 4783 a
2725 4742 2774 4782 et

360 4816 390 4851 a
420 4818 471 4853 na

312 4906 627 4951 ananum.
656 4912 801 4953 Lar.
836 4912 957 4953 1111.
1180 4888 1195 4905 '
2325 4892 2365 4952 6

2932 1120 2942 1153 i
