3434 5442
1045 340 1187 400 ARS
1233 339 1723 403 GRAMMATICA
1766 341 1845 403 111
1892 348 1948 406 5.
1997 347 2035 408 6
2704 349 2828 411 399

339 457 384 498 ρ.
413 444 484 488 32.
510 446 563 488 aa
590 444 639 488 L.
2130 453 2137 460 ·
2370 461 2416 502 p.
2451 451 2564 491 1⁷⁷4.
2596 452 2645 491 75
2677 451 2722 493 Ρ.

537 526 922 605 principio
967 528 1253 589 caelum
1299 545 1380 586 ac
1425 536 1673 586 terras
1717 545 2164 608 camposque
2208 527 2589 608 liquentes

539 627 1067 707 lucentemque
1114 626 1412 706 globum
1459 626 1680 688 lunae
1726 629 2173 708 Titaniaque
2221 639 2421 692 astra

538 728 864 805 spiritus
907 729 1110 789 intus
1155 728 1314 791 alit.

403 827 834 907 polysyndeton
881 836 970 889 est
1013 825 1214 890 multis
1258 847 1408 890 nexa
1455 829 1968 891 coniunctionibus
2013 830 2189 892 dictio
2213 880 2227 902 ‚
2276 842 2340 893 ut

1628 933 2086 1010 Acamasque
2130 931 2524 1014 Thoasque
2852 934 2905 1000 δ’

536 1029 1002 1111 Pelidesque
1045 1030 1739 1112 Neoptolemusque
1968 1031 1971 1034 ’

239 1140 294 1191 et
339 1138 557 1193 cetera.
1494 1119 1496 1122 ’

405 1231 676 1311 Dialyton
732 1233 823 1293 vel
885 1233 1210 1312 asyndeton
1267 1242 1357 1294 est
1409 1212 1594 1312 figura
1639 1235 1937 1312 superiori
1982 1236 2277 1296 contraria
2324 1254 2537 1298 carens
2582 1239 2825 1298 coniun-

238 1331 556 1404 ctionibuS,
603 1341 668 1394 ut
705 1329 733 1416 l}

233 819 256 852 O

2423 1440 2527 1498 ite
2858 1465 2905 1504 ιο

539 1535 740 1595 l'erte
784 1535 916 1595 citi
961 1535 1334 1607 flammas,
1394 1536 1562 1598 date
1607 1536 1759 1598 tela
1806 1536 2183 1616 impellite
2230 1557 2489 1600 remos

1297 1755 1418 1816 ne
1461 1717 1753 1818 moris,

407 1905 638 1987 Tropus
695 1916 786 1968 est
841 1907 1018 1968 dictio
1072 1906 1351 1970 translata
1408 1927 1439 1969 3
1485 1909 1727 1989 propria
1772 1909 2196 1988 significatione
2242 1911 2315 1971 ad
2362 1929 2481 1971 non
2526 1913 2826 1992 propriam

237 2006 678 2070 similitudinem
738 2017 980 2070 ornatus
1049 2011 1486 2070 necessitatisve
1552 2027 1745 2071 causa.
1837 2021 1975 2071 sunt
2038 2021 2233 2072 autem
2300 2014 2455 2092 tropi
2520 2013 2824 2085 tredecim,

237 2108 584 2188 metaphora
630 2110 986 2171 catachresis
1030 2110 1368 2190 metalepsis
1411 2113 1769 2190 metonymia
1815 2114 2219 2174 antonomasia
2248 2114 2566 2192 'epitheton
2612 2134 2819 2194 synec-
2849 2134 2896 2172 ιτ,

240 2210 430 2271 doche
477 2213 927 2290 onomatopoeia
959 2212 1324 2291 periphrasis
1369 2210 1740 2290 hyperbaton
1784 2212 2106 2293 hyperbole
2150 2212 2427 2293 allegoria
2474 2215 2825 2278 homoeosis,

403 2308 748 2390 Metaphora
806 2320 895 2374 est
949 2330 1152 2374 rerum
1211 2311 1644 2394 verborumque
1700 2315 2025 2377 translatio.
2114 2316 2261 2376 haec
2306 2317 2373 2375 fit
2426 2316 2616 2376 modis
2660 2327 2827 2396 quat·-
2932 2345 2965 2366 κ

236 2420 398 2482 tuor,
459 2411 533 2473 ab
589 2412 829 2474 animali
885 2413 958 2475 ad
1014 2412 1293 2484 animale,
1353 2414 1427 2475 31)
1483 2415 1787 2478 inanimali
1830 2417 1903 2478 ad
1948 2416 2293 2486 inanimale,
2351 2415 2424 2476 ab
2470 2416 2707 2479 animali
2753 2418 2822 2478 ad
2918 2449 2940 2462 ο

236 2512 586 2583 inanimale,
633 2513 707 2574 ab
751 2513 1059 2576 inanimali
1102 2515 1176 2575 ad
1220 2515 1500 2578 animale:
1547 2516 1622 2581 31)
1667 2517 1907 2579 animali
1950 2518 2022 2578 ad
2070 2517 2351 2588 animale,
2400 2528 2463 2579 ut

538 2614 832 2694 Tiphyn
877 2617 1214 2695 aurigam
1260 2615 1547 2678 celeris
1591 2619 1849 2679 fecere
1895 2621 2248 2703 carinam
2852 2657 2903 2695 20
2986 2657 3017 2674 a

235 2734 370 2777 nam
419 2724 478 2776 et
522 2719 724 2794 auriga
771 2723 830 2778 et
873 2715 1235 2795 gubernator
1280 2720 1536 2779 animam
1580 2719 1828 2792 habent:
1899 2719 1973 2780 ab
2028 2720 2332 2792 inanimali
2378 2721 2450 2781 ad
2494 2721 2826 2792 inanimale,

233 2827 298 2877 ut
350 2820 463 2877 ‘ut
517 2817 830 2897 pelagus
887 2827 1198 2880 tenuere
1255 2821 1530 2890 rates';
1587 2839 1721 2882 nam
1769 2830 1827 2882 et
1871 2841 2047 2882 naves
2104 2829 2164 2882 et
2204 2830 2365 2883 rates
2408 2824 2661 2883 animam
2711 2841 2826 2883 non

233 2917 490 2980 habent:
538 2917 614 2980 ab
659 2918 893 2980 animali
937 2920 1008 2980 ad
1055 2918 1396 2990 inanimale,
1435 2928 1510 2980 ,ut
1786 2917 1795 2926 ’

447 3019 456 3101 Ι
533 3019 868 3081 Atlantis
912 3022 1240 3084 cinctum
1285 3023 1585 3084 assidue
1630 3024 1751 3084 cui
1795 3023 2119 3086 nubibus
2164 3025 2354 3084 atris

538 3122 938 3200 piniferum
987 3133 1238 3204 caput;
1414 3132 1422 3141 ·
2808 3137 2903 3206 ‘25

235 3241 370 3284 nam
426 3230 492 3284 ut
547 3221 694 3283 haec
749 3222 1018 3284 animalis
1071 3233 1236 3296 sunt,
1294 3227 1374 3286 ita
1433 3243 1604 3286 mons
1664 3227 1919 3286 animam
1978 3244 2098 3286 non
2154 3223 2361 3294 habet,
2421 3227 2515 3284 cui
2560 3225 2827 3288 membra

233 3325 492 3386 hominis
546 3323 952 3385 ascribuntur:
1013 3324 1085 3385 ab
1129 3325 1432 3387 inanimali
1477 3326 1547 3387 ad
1594 3327 1873 3397 animale,
1929 3333 1997 3386 ut
2050 3328 2141 3387 ‘si
2190 3332 2471 3386 tantum
2518 3335 2827 3404 pectore

233 3425 466 3487 robur
512 3426 937 3505 Concipis';
985 3445 1118 3488 nam
1165 3437 1231 3488 ut
1273 3426 1458 3489 robur
1503 3430 1758 3489 animam
1804 3446 1923 3488 non
1969 3425 2175 3499 habet,
2224 3429 2307 3487 sic
2339 3428 2541 3507 utique
2571 3428 2823 3498 Turnus„
2895 3473 2927 3490 Ι

241 3529 336 3589 cui
381 3528 530 3588 haec
576 3526 883 3598 dicuntur,
933 3529 1188 3589 animam
1233 3527 1430 3590 habet.
1505 3531 1657 3590 scire
1700 3537 1900 3591 autem
1945 3528 2229 3590 debemus
2274 3547 2404 3590 esse
2447 3529 2828 3609 metaphoras

233 3629 376 3690 alias
419 3630 786 3708 reciprocaS,
833 3628 977 3690 alias
1019 3629 1206 3708 partis
1250 3631 1460 3692 unius:
2310 3671 2321 3682 -
2412 3663 2419 3670 ·
2851 3669 2902 3708 30

371 3849 398 3901 1
439 3844 712 3915 principio]
765 3851 922 3914 Very.
956 3849 1085 3899 Aen.
1127 3851 1199 3898 VI
1235 3851 1338 3899 724
1476 3852 1509 3899 2
1537 3851 1826 3914 titaneaque
1858 3851 1909 3900 L
1946 3859 2249 3916 tytaneaque
2279 3851 2332 3899 P
2469 3853 2503 3901 4
2534 3851 2828 3902 Posinteton

231 3935 368 3971 corr.
399 3919 730 3970 Poliainteton
765 3920 809 3970 S
903 3919 1074 3968 multis
1112 3920 1410 3981 quonean
1513 3920 1545 3969 5
1583 3934 1889 3983 acamasque
1927 3937 2063 3974 corr.
2104 3920 2446 3982 achamasqne
2484 3921 2535 3968 P
2565 3920 2829 3968 aehamas-

235 4005 330 4051 que
352 3989 476 4039 LS:
503 3989 664 4054 Ver-9.
691 3989 822 4040 Aen.
857 3990 900 4038 11
927 3987 1030 4038 262
1139 3987 1204 4039 10
1242 3986 1330 4055 ite]
1371 3990 1530 4052 Ver-9.
1550 3989 1682 4038 Aen.
1707 3989 1799 4037 1111
1830 3989 1932 4040 593
2043 3990 2100 4039 11
2142 3990 2269 4038 l'erte
2294 3991 2390 4039 ceti
2416 3991 2459 4039 S
2562 3990 2677 4037 date
2712 3990 2829 4038 uela

233 4059 280 4106 P
425 4057 486 4108 12
521 4073 588 4107 ne
634 4053 836 4121 raons]
879 4058 1076 4109 charis.
1113 4073 1166 4119 p.
1193 4057 1293 4108 243
1313 4073 1423 4123 sqq.
1459 4057 1623 4108 Diom.
1656 4075 1714 4122 p.
1737 4059 1841 4108 452
1870 4075 1979 4122 sqq.
2031 4058 2183 4108 Beda
2220 4060 2286 4108 de
2322 4065 2457 4120 trop.
2490 4072 2545 4119 ρ.
2576 4056 2677 4107 346
2716 4073 2824 4122 sqq.

231 4129 310 4179 ed.
349 4126 486 4179 Pida.
637 4127 700 4179 13
727 4142 828 4177 non
867 4127 934 4176 ad
969 4128 1228 4202 propriam
1264 4127 1308 4178 S
1429 4128 1495 4178 15
1531 4127 1841 4176 metalemsis
1875 4129 2018 4178 LSP
2160 4125 2225 4176 18
2252 4142 2378 4192 ergo
2419 4129 2480 4175 ab
2517 4126 2724 4174 animali
2762 4126 2828 4175 ad

234 4197 453 4246 animale
489 4214 533 4261 a,
569 4213 662 4251 om.
694 4198 738 4248 S
875 4198 944 4246 20
981 4195 1158 4262 typhin
1193 4196 1357 4247 LSPe
1404 4197 1660 4248 Varronis
1694 4196 1906 4246 Atacini
1936 4211 2130 4247 versum
2166 4211 2279 4246 ease
2324 4200 2516 4246 conieci
2550 4198 2602 4245 in
2627 4195 2825 4248 Olearia.

229 4283 282 4329 p·
299 4267 422 4328 272,
454 4267 536 4328 13,
573 4271 686 4319 item
712 4269 774 4317 R.
822 4267 1052 4332 Unqerus
1088 4268 1152 4316 cle
1183 4267 1343 4319 Varr.
1385 4265 1538 4316 Aeac.
1579 4265 1971 4330 (Fr-iedlandiae
2006 4283 2056 4318 a.
2097 4265 2257 4330 1861)
2290 4280 2347 4329 p.
2389 4264 2467 4327 13,
2509 4267 2597 4328 qui
2628 4263 2827 4330 Tiphyn

235 4345 282 4384 at
307 4337 542 4402 aurigam
580 4337 896 4387 ,scribendum
927 4351 1037 4387 ease
1075 4335 1286 4387 coniecit
1458 4337 1648 4386 celeres
1685 4336 1728 4386 S
1764 4351 1900 4388 corr.
1941 4335 2117 4385 celeris
2145 4336 2195 4384 P
2363 4347 2577 4384 catenae
2613 4333 2655 4382 S

233 4407 298 4456 22
337 4415 390 4455 ut
419 4403 656 4474 pelagus]
698 4409 855 4470 Vera.
885 4406 1016 4459 Aen.
1059 4405 1106 4454 V
1142 4403 1176 4453 8
1317 4420 1434 4455 nam
1478 4416 1528 4455 et
1563 4414 1696 4454 rates
1736 4416 1785 4455 et
1823 4405 2042 4471 pylagus
2080 4406 2301 4453 animam
2338 4417 2436 4454 non
2474 4403 2660 4453 habent
2696 4403 2749 4451 P
2780 4413 2831 4452 et

235 4475 374 4538 (unm
413 4485 463 4526 et
485 4477 540 4544 a)
574 4477 792 4542 pelagus
829 4483 878 4525 et
913 4477 1068 4526 nabes
1109 4475 1267 4539 (rates
1305 4475 1358 4536 a)
1393 4477 1614 4524 animam
1654 4489 1755 4524 non
1802 4475 1990 4524 habent
2026 4475 2069 4523 S
2100 4475 2318 4523 animam
2359 4487 2460 4521 non
2502 4473 2691 4523 habent
2738 4488 2831 4522 nec

233 4555 364 4596 rates
403 4561 496 4595 nec
531 4561 692 4595 naues
727 4547 776 4595 L
917 4547 983 4595 24
1028 4541 1268 4609 Atlantis]
1321 4547 1477 4609 Ver-9.
1520 4545 1650 4595 Aen.
1693 4547 1780 4594 1111
1813 4542 1918 4595 248
2056 4541 2125 4593 25
2164 4541 2487 4608 pinniferum‘
2518 4557 2653 4595 corr.
2698 4544 2829 4607 pini-

235 4615 396 4664 ferum
431 4617 476 4666 S
645 4623 800 4681 capnt
845 4624 894 4664 et
936 4623 1105 4664 cetera
1141 4615 1189 4662 L
1227 4625 1381 4680 caput
1419 4611 1570 4665 ue'nto
1609 4622 1883 4678 quassatur
1922 4621 1971 4664 et
2008 4613 2156 4662 imbri
2194 4612 2269 4662 P.-
2293 4618 2451 4661 nento
2483 4639 2551 4648 —
2594 4613 2741 4660 imbri
2777 4615 2831 4662 in

233 4701 388 4750 mar-9.
429 4683 554 4735 add.
593 4686 640 4734 le
777 4686 845 4734 27
877 4685 1228 4735 asscribuntur
1267 4685 1314 4733 l,
1443 4683 1509 4750 si]
1575 4687 1733 4748 Verq.
1775 4683 1907 4734 Aen.
1949 4682 2018 4731 Xl
2054 4681 2158 4732 368
2299 4680 2368 4730 28
2414 4683 2563 4732 robor
2596 4682 2646 4731 P
2678 4682 2831 4732 rubor

235 4756 273 4802 S
295 4756 454 4804 robur
491 4769 520 4803 a
630 4765 684 4802 nt
723 4755 874 4805 robor
909 4755 952 4804 S
1055 4754 1132 4802 sic
1169 4755 1345 4816 utique
1381 4753 1424 4803 S
1455 4763 1518 4814 et,
1558 4763 1612 4804 ue
1646 4755 1857 4818 videtur,
1896 4754 1947 4800 P
1979 4754 2053 4802 sie
2074 4769 2111 4817 p
2136 4753 2203 4800 ita
2232 4751 2273 4799 l,
2296 4751 2446 4801 Beda
2572 4751 2642 4801 29
2677 4761 2829 4802 meta-

237 4823 372 4873 foraa
401 4824 530 4874 alias
569 4839 684 4873 esse
729 4824 802 4873 P.-
839 4839 956 4874 esse
983 4837 1075 4875 om.
1121 4821 1169 4868 L
