3434 5442
1160 374 1391 438 COMM.
1438 376 1515 438 IN
1558 376 1810 439 DONAT
1813 377 1916 440 VM
2693 383 2817 444 429

2362 497 2406 538 p.
2435 487 2674 529 1838-40,

1307 614 1406 676 DE
1450 614 1757 677 NOMINE.

407 749 725 829 Proprium
773 768 991 812 nomen
1035 753 1097 811 in
1144 760 1424 830 quattuor
1469 752 1749 814 dividitur
1791 762 2023 831 partes,
2071 771 2430 832 praenomen
2473 772 2687 814 nomen
2720 773 2815 815 co-

202 869 497 930 gnomen
544 870 855 930 agnomen.
918 871 1281 933 praenomen
1328 863 1419 915 est
1463 854 1618 933 quod
1660 857 1724 914 in
1766 853 2062 933 loquendo
2108 859 2546 935 praeponimuS,
2592 865 2656 917 ut
2700 856 2814 918 Pu-

204 953 419 1015 hlius:
472 950 501 1038 ΙΙ
542 973 759 1016 nomen
820 963 909 1016 est
964 973 1276 1016 commune
1322 955 1603 1028 familiae,
1662 965 1728 1018 ut
1773 956 2110 1018 Cornelius:
2169 975 2495 1036 cognomen
2543 966 2631 1020 est
2677 977 2812 1038 pro-

202 1060 433 1134 prium
483 1056 857 1129 vocabulum,
904 1065 967 1117 ut
1013 1057 1240 1136 Scipio:
1300 1074 1592 1134 agnomen
1638 1063 1729 1120 est
1773 1060 1925 1138 quod
1971 1063 2340 1122 extrinsecus
2395 1063 2676 1130 sumitur,
2723 1061 2812 1120 vel
2840 1078 2866 1118 5

203 1177 241 1218 a
302 1158 665 1231 virtutibus,
714 1167 777 1220 ut
822 1159 1165 1228 Africanus,
1212 1159 1303 1219 vel
1348 1177 1380 1219 a
1426 1164 1611 1232 vitiis,
1661 1169 1726 1222 ut
1759 1161 1987 1239 Gurges
2032 1162 2264 1224 Strab0.
2357 1162 2460 1224 sed
2509 1162 2816 1224 sciendum

203 1270 317 1322 est
381 1261 545 1339 quod
598 1260 947 1341 plerumque
1004 1264 1319 1340 contingit,
1378 1271 1441 1322 ut
1494 1279 1675 1324 unum
1732 1271 1960 1325 tantum
2017 1265 2194 1326 modo
2247 1267 2607 1326 inveniatur:
2677 1283 2811 1326 nam

206 1381 375 1424 ecce
420 1363 709 1426 Romulus
755 1381 935 1425 unum
980 1371 1213 1425 tantum
1260 1362 1464 1425 habet:
1510 1363 1856 1445 plerumque
1902 1365 2018 1426 duo
2061 1369 2468 1437 inveniuntur,
2514 1374 2580 1427 ut
2623 1367 2812 1428 Numa

204 1464 599 1544 Pompilius;
646 1463 992 1545 plerumque
1037 1469 1177 1536 tria,
1224 1475 1291 1527 ut
1320 1465 1562 1528 Publius
1592 1467 1868 1546 Virgilius
1896 1467 2091 1539 Maro;
2137 1468 2485 1549 plerumque
2516 1477 2812 1549 quattuor,

202 1577 280 1628 ut
334 1566 593 1628 Publius
636 1566 945 1629 Cornelius
989 1568 1188 1648 Scipio
1234 1567 1561 1630 Africanus,
1650 1589 1790 1631 sane
1836 1572 2142 1633 sciendum
2190 1579 2280 1632 est
2324 1574 2488 1651 quia,
2537 1575 2812 1650 quotiens
2839 1589 2888 1629 ιο

202 1689 420 1732 unum
488 1672 814 1740 invenitur,
882 1687 1213 1748 cognomen
1259 1680 1381 1740 est;
1440 1690 1612 1732 nemo
1678 1675 1832 1734 enim
1887 1681 2090 1754 potest,
2144 1692 2272 1734 esse
2327 1675 2454 1734 sine
2499 1672 2812 1735 vocabulo:

204 1775 515 1852 quotiens
572 1771 714 1842 duo,
772 1771 1118 1852 plerumque
1176 1791 1539 1854 praenomen
1596 1782 1653 1836 et
1708 1760 2062 1854 cognomen,
2119 1779 2172 1838 si
2213 1775 2462 1836 libertus
2507 1782 2626 1844 est;
2674 1793 2810 1836 nam

204 1893 347 1936 non
410 1883 613 1955 potest
663 1873 914 1936 libertus
967 1874 1188 1936 habere
1243 1894 1491 1948 nomen,
1550 1877 1705 1955 quod
1757 1877 2038 1940 familiam
2097 1878 2421 1957 significat,
2493 1896 2626 1938 cum
2681 1880 2812 1958 ipse

204 1980 359 2038 sine
409 1974 633 2037 familia
678 1979 773 2038 sit.

402 2077 906 2158 Appellativorum
964 2082 1267 2142 nominum
1324 2083 1557 2160 species
1611 2091 1749 2144 sunt
1789 2085 1996 2160 viginti
2041 2091 2287 2162 septem.
2379 2091 2516 2144 sunt
2568 2086 2808 2144 nomina
2837 2100 2887 2143 15

208 2179 599 2261 corporalia,
657 2199 805 2259 quae
860 2180 1125 2244 videmus
1181 2191 1239 2244 et
1291 2186 1617 2262 tangimus,
1676 2193 1740 2246 ut
1783 2193 1944 2246 terra
1988 2182 2168 2264 lapis;
2217 2193 2354 2246 sunt
2399 2184 2810 2264 incorporalia,

208 2302 385 2363 quae
434 2301 545 2343 nec
589 2283 854 2344 videmus
907 2302 1019 2344 nec
1062 2288 1389 2363 tangimus,
1447 2294 1512 2346 ut
1555 2289 1745 2366 pietas
1787 2290 2026 2348 iustitia.
2115 2294 2252 2346 sunt
2296 2289 2522 2366 primae
2565 2289 2812 2367 positio·

206 2390 365 2458 nis,·
420 2404 572 2466 quae
616 2404 648 2446 a
704 2395 913 2448 natura
970 2387 1198 2448 firmata
1254 2396 1417 2458 sunt,
1478 2396 1541 2449 ut
1586 2407 1757 2450 mons
1801 2388 2030 2458 schola;
2090 2397 2228 2450 sunt
2271 2389 2616 2460 derivativa,
2663 2409 2812 2469 quae

208 2509 245 2550 a
298 2491 546 2569 primae
589 2491 903 2569 positionis
947 2488 1285 2550 nominibus
1329 2489 1726 2562 deducuntur,
1771 2499 1838 2552 ut
1865 2501 2177 2554 montanus
2205 2491 2608 2554 scholasticus».
2666 2492 2813 2553 haec

207 2600 433 2653 autem
485 2589 802 2652 derivativa
848 2607 965 2650 non
1012 2591 1265 2669 regulis,
1324 2592 1426 2654 sed
1482 2595 1826 2656 auctoritate
1869 2595 2198 2657 firmantur.
2275 2613 2408 2654 nam
2462 2592 2810 2674 plerumque
2836 2614 2887 2654 20

205 2693 569 2754 invenimus
614 2696 768 2753 varia
817 2691 888 2754 ab
935 2712 1053 2755 uno
1098 2712 1397 2766 sermone,
1445 2704 1510 2757 ut
1554 2713 1593 2756 a
1622 2696 1818 2758 Tuder
1864 2706 1953 2758 est
1982 2696 2344 2758 Tudertinus
2373 2695 2620 2756 TuderS.
2677 2705 2812 2756 sunt

208 2800 413 2857 etiam
464 2793 839 2865 diminutiva,
902 2815 1050 2876 quae
1108 2815 1345 2860 sensum
1398 2801 1672 2860 minuunt
1729 2807 1788 2859 et
1829 2817 1948 2860 non
1994 2816 2256 2878 semper,
2315 2797 2419 2858 sed
2464 2797 2812 2878 frequenter
2863 2843 2874 2854 .

210 2896 479 2979 syllabis
522 2906 829 2969 crescunt,
878 2906 942 2959 ut
986 2916 1172 2977 agnus
1216 2898 1503 2978 agnellus.
1592 2909 1728 2962 sunt
1771 2903 1944 2962 etiam
1990 2900 2100 2962 alia
2145 2919 2292 2962 sono
2336 2900 2697 2971 diminutiva,
2744 2908 2810 2962 ut

208 2998 433 3062 tabula
482 2998 695 3060 fabula.
783 3003 845 3061 in
888 2999 983 3061 his
1040 3004 1199 3062 enim
1244 3001 1591 3080 significatio
1634 3001 1977 3082 principalis
2023 3012 2140 3070 est.
2197 3001 2300 3063 sed
2347 3003 2674 3063 enuntiatio
2721 3001 2808 3062 di·

208 3104 539 3164 minutiva.
626 3109 771 3164 tunc
828 3105 983 3162 enim
1040 3121 1106 3164 re
1161 3123 1297 3165 vera
1342 3111 1543 3166 essent
1588 3103 1961 3175 diminutiva,
2007 3107 2058 3165 si
2101 3103 2391 3166 haberent
2435 3103 2544 3164 alia
2588 3106 2808 3185 princi·
2834 3125 2886 3166 ²5

208 3205 416 3286 palia,
466 3213 531 3265 ut
577 3203 782 3265 oculus
827 3203 1063 3266 ocellus
1126 3215 1263 3268 sunt
1309 3225 1457 3287 quae
1503 3207 1782 3268 dicuntur
1823 3215 1946 3268 tota
1979 3207 2230 3276 Graeca,
2279 3215 2344 3268 ut
2391 3205 2536 3266 Dido
2581 3207 2810 3268 Manto:

210 3309 383 3370 haec
428 3314 679 3386 possunt
708 3314 767 3369 et
797 3308 1021 3369 Graece
1067 3316 1126 3369 et
1155 3308 1363 3370 Latine
1407 3307 1715 3377 declinari,
1765 3310 2016 3379 Graece,
2062 3317 2128 3370 ut
2175 3307 2322 3369 Dido
2352 3307 2550 3378 Didus,
2584 3308 2807 3380 Latine,

209 3421 281 3472 ut
314 3409 475 3472 Dido
520 3408 791 3480 DidoniS,
838 3410 1037 3471 Manto
1080 3410 1312 3474 Mantus
1356 3421 1414 3473 et
1454 3411 1654 3474 Manto
1697 3412 2008 3473 MantoniS.
2057 3419 2194 3472 sunt
2240 3429 2388 3489 quae
2433 3419 2558 3472 tota
2603 3411 2808 3473 Latina

212 3511 641 3594 appellantur,
686 3530 838 3592 quae
883 3511 1058 3591 longe
1104 3512 1271 3574 aliter
1314 3533 1347 3574 a
1393 3514 1611 3585 Latinis
1653 3515 2038 3594 proferuntur
2083 3531 2258 3593 quam
2303 3532 2335 3572 a
2367 3513 2625 3578 Graecis„
2672 3531 2808 3574 nam

213 3635 369 3678 cum
419 3614 631 3676 Graeci
676 3614 875 3676 dicant
918 3613 1308 3694 Polydeuces,
1356 3617 1547 3678 Latini
1590 3615 1884 3697 appellant
1913 3614 2140 3676 Pollux.
2229 3615 2375 3675 haec
2419 3624 2612 3676 autem
2659 3635 2808 3697 quae
2834 3637 2884 3679 ao

212 3726 463 3779 tantum
520 3717 723 3780 Latina
778 3723 919 3778 sunt
970 3717 1175 3778 Latine
1206 3709 1611 3782 'declinamus
1699 3726 1838 3780 sunt
1891 3737 2041 3799 quae
2092 3714 2137 3801 ΙΙ’
2172 3717 2540 3796 appellantur
2606 3720 2806 3791 notha,

214 3839 383 3902 quae
440 3837 560 3880 non
603 3820 813 3899 primis
869 3817 1140 3900 syllahi3‚
1184 3820 1287 3882 sed
1343 3821 1563 3884 ultimis
1622 3841 1653 3884 a
1697 3822 1923 3883 Graeco
1977 3837 2252 3882 sermone
2309 3820 2686 3892 dissentiunt,
2745 3830 2810 3884 ut

212 3920 533 3984 Achilleus
568 3903 875 3992 ‘Achssleffi
936 3924 1339 3999 Agamemnon
1395 3928 1785 4004 Agamemn0;
1843 3934 1902 3984 et
1943 3923 2070 3985 fere
2115 3923 2312 3999 omnia
2358 3924 2610 3995 Graeca,
2657 3943 2808 4004 quae

212 4027 285 4086 in
363 4042 443 4084 on
510 4031 763 4093 exeunt,
825 4022 1087 4085 detracta
1143 4043 1182 4086 n
1225 4025 1422 4086 littera
1472 4045 1581 4106 per
1628 4024 1868 4087 brevem
1935 4045 1970 4086 o
2035 4025 2448 4104 proferuntur,
2518 4034 2583 4087 ut
2633 4025 2809 4104 Apol-

216 4127 327 4188 lon
376 4123 620 4205 Apollo,
666 4124 873 4186 Platon
919 4125 1103 4188 Plato.
1164 4137 1301 4189 sunt
1342 4145 1692 4208 synonyma,
1739 4146 1888 4208 quae
1932 4129 2122 4189 varias
2163 4127 2386 4189 habent
2429 4127 2806 4201 elocutioneS,
2834 4149 2883 4191 35

218 4230 330 4291 sed
383 4246 561 4289 unam
609 4229 1124 4306 significationem,
1172 4237 1239 4290 ut
1278 4237 1439 4292 terra
1492 4229 1707 4291 humus
1761 4228 1948 4291 solum
1993 4229 2184 4291 telluS.
2273 4238 2412 4291 sunt
2453 4231 2808 4310 homonyma

216 4329 643 4412 superioribus
700 4332 1027 4402 contraria,
1086 4339 1151 4392 ut
1205 4334 1383 4394 aries:
1453 4351 1589 4394 nam
1634 4340 1694 4394 et
1738 4333 2298 4405 machinamentum,
2346 4352 2463 4412 quo
2507 4335 2661 4393 muri
2707 4351 2806 4394 ex·

218 4442 601 4516 pugnantur,
662 4442 722 4497 et
775 4434 935 4496 sidus
986 4437 1050 4494 in
1095 4434 1255 4495 caelo
1314 4443 1373 4497 et
1414 4434 1631 4498 animal
1674 4437 1738 4496 in
1778 4444 1937 4497 terra
1983 4437 2138 4498 aries
2179 4444 2438 4496 vocatur.
2527 4442 2664 4496 sunt
2704 4455 2809 4517 pa-

374 4621 400 4674 l
445 4638 509 4674 ns
538 4635 733 4675 nomne-
757 4639 845 4674 om.
876 4625 928 4674 P
1030 4625 1061 4674 5
1092 4623 1393 4675 uocabulum
1424 4625 1473 4674 P
1573 4625 1607 4676 6
1636 4640 1665 4674 a
1700 4625 1972 4675 uirtutibus
2008 4640 2041 4682 5
2077 4640 2107 4674 a
2141 4625 2344 4674 uirtutis
2376 4624 2427 4673 P
2529 4633 2583 4673 ut
2614 4639 2806 4691 gurges

220 4704 404 4745 stt-auo
430 4694 482 4743 P
518 4703 571 4744 ut
600 4693 860 4759 iugulator
895 4707 930 4749 5
1070 4693 1135 4744 14
1167 4694 1279 4744 sine
1317 4693 1512 4745 familia
1547 4708 1582 4751 5
1616 4697 1730 4745 sine
1767 4695 1988 4746 familiae
2022 4695 2075 4743 P
2249 4695 2312 4745 19
2351 4695 2544 4745 nomini
2579 4695 2806 4746 eiusdem

221 4765 555 4816 deducuntur
579 4765 631 4814 P
656 4764 859 4814 nomine
894 4763 1121 4814 eiusdem
1159 4763 1396 4816 dicuntur
1430 4780 1465 4824 5
1639 4766 1702 4816 21
1743 4776 1799 4816 ut
1833 4781 1862 4816 a
1899 4765 2066 4816 Tuder
2100 4765 2396 4816 Panchrus.-
2422 4781 2454 4816 ει
2484 4779 2576 4817 om.
2620 4767 2702 4822 P5

223 4837 295 4887 26
326 4835 521 4885 ocellus
551 4849 584 4891 5
611 4835 824 4884 ocellum
858 4835 909 4884 P
1012 4836 1077 4885 27
1110 4832 1291 4902 Didus]
1333 4835 1516 4888 didous
1544 4849 1579 4892 5
1680 4835 1750 4886 28
1775 4845 1832 4885 ut
1857 4851 1948 4889 om.
1979 4837 2028 4886 P
2131 4835 2354 4904 Mantus]
2393 4845 2626 4886 mantous
2667 4850 2704 4894 5

222 4906 296 4958 30
330 4905 641 4972 poindeyces
667 4905 719 4954 P
857 4905 925 4956 32
949 4913 1002 4955 ut
1038 4903 1281 4971 achilleys
1316 4906 1367 4955 P
1519 4905 1589 4958 38
1614 4917 1821 4957 uocatur
1846 4921 1880 4964 5
1907 4915 2153 4957 uocantur
2192 4908 2241 4956 P
2376 4907 2722 4972 patronomica
2756 4907 2808 4958 P
