3434 5442
679 313 805 377 270
1864 313 2093 378 PROBI

679 505 904 566 Romani
937 507 974 564 f.
1008 509 1120 562 179.
1155 510 1270 562 180.
1329 505 1571 581 Exempli
1599 507 1893 564 Beruensis
1921 525 1951 564 a
1980 524 2067 564 me
2106 508 2291 566 collati
2333 508 2547 583 plenam
2576 511 2886 566 varietatem
2927 511 3121 566 rettuli
3160 511 3250 568 sub

680 601 813 652 nota
841 592 921 648 M.
981 593 1296 650 Marcanova
1336 592 1440 648 etsi
1479 601 1732 650 accurate
1773 594 1906 650 satis
1945 593 2192 651 libellum
2232 594 2477 650 exhibuit
2514 595 2737 650 omnino
2780 594 3157 670 depromptum
3196 615 3251 652 ex

681 680 1023 753 autographo
1054 678 1364 741 Kiriacano‚
1421 686 1598 734 tamen
1641 686 1696 734 et
1728 678 1979 734 traditam
2008 678 2415 754 inscriptionem
2445 680 2750 736 immutavit
2790 687 2845 734 et
2872 688 3061 736 notam
3090 688 3251 736 extre-

681 781 850 825 mam.
884 779 1022 836 quae
1051 765 1104 819 in
1135 765 1358 837 antiquo
1388 762 1577 820 codice
1605 771 1823 836 reperta
1854 771 1937 818 est
1964 764 2184 828 mutila,
2226 765 2422 820 abiecit
2451 771 2652 828 totam;
2706 764 2813 820 nisi
2841 765 2989 838 quod
3020 765 3175 821 huius
3204 766 3249 821 in

680 848 1031 904 adnotatione
1062 849 1364 920 marginali,
1396 865 1554 921 quam
1587 847 1750 904 habet
1779 847 1931 904 solus
1952 849 2257 912 Bernensis,
2288 848 2509 922 aliquod
2541 849 2827 922 vestigium
2858 865 3147 923 superesse
3170 851 3251 906 ad·

680 933 893 990 notatio
918 932 1106 990 critica
1129 933 1385 990 ostendit.
1407 963 1491 972 -
1512 933 1644 989 Post
1667 933 2039 990 Marcanovam
2062 950 2124 990 ex
2153 933 2575 1007 inscriptionum
2604 933 2995 991 collectoribus
3024 936 3249 1008 quicum-

683 1035 790 1090 que
819 1017 1055 1074 Probum
1099 1025 1447 1091 receperunt,
1501 1018 1567 1074 ab
1611 1018 1706 1074 illo
1747 1034 1869 1074 eum
1912 1027 2294 1093 sumpserunt:
2338 1021 2413 1074 ita
2440 1018 2588 1075 Felix
2628 1019 2959 1080 Felicianus,
3008 1020 3103 1092 qui
3140 1035 3247 1074 eum

683 1104 869 1176 posuit
910 1111 1019 1158 tam
1061 1103 1117 1157 in
1146 1102 1288 1159 libro
1321 1103 1586 1159 Marciano
1617 1103 1734 1158 Lat.
1765 1102 1826 1157 X.
1859 1105 1959 1158 196
1990 1121 2149 1176 quam
2182 1103 2238 1160 in
2270 1103 2393 1159 inde
2422 1103 2699 1177 descripto
2744 1103 2875 1160 bibl.
2906 1103 3072 1177 capit.
3104 1103 3249 1159 Vero-

681 1188 866 1244 nensis
897 1187 950 1242 n?
983 1182 1162 1251 269*;
1213 1187 1408 1244 Petrus
1439 1187 1672 1244 Sabinus
1699 1187 1820 1244 cod.
1852 1188 2013 1246 Marc.
2044 1187 2158 1244 Lat.
2192 1189 2251 1244 X.
2285 1191 2382 1242 195
2414 1189 2451 1244 f.
2485 1191 2577 1252 18;
2609 1188 2973 1262 Peutiiigerus
3002 1191 3058 1244 in
3086 1188 3248 1245 codice

683 1270 1042 1328 bibliothecae
1085 1272 1425 1347 municipalis
1455 1273 1805 1347 Augustanae
1836 1290 1889 1328 n.
1918 1277 2022 1327 526
2052 1273 2089 1330 l'.
2122 1276 2237 1328 110.
2270 1276 2387 1328 111.
2446 1273 2641 1329 Extant
2686 1275 2848 1330 etiarn
2890 1273 3107 1329 codices
3145 1274 3249 1346 qui-

682 1357 820 1419 dam,
852 1358 908 1412 in
938 1356 1136 1430 quibus
1165 1357 1376 1414 Probus
1407 1359 1675 1432 genuinus
1704 1358 1947 1414 refertur
1974 1375 2037 1413 ex
2066 1361 2385 1415 recensione
2416 1354 2830 1419 Marcanovana,
2864 1357 2963 1414 sed
2992 1357 3247 1414 solitarius

681 1457 858 1514 neque
888 1443 1030 1497 inter
1077 1443 1466 1516 inscriptiones
1507 1443 1837 1506 collocatus;
1893 1442 2070 1516 qualis
2112 1451 2197 1498 est
2236 1451 2454 1517 praeter
2484 1443 2599 1500 Vat.
2630 1442 2813 1498 Ottob.
2843 1461 2897 1498 n.
2928 1446 3062 1506 874,
3104 1459 3245 1515 quem

683 1543 792 1581 non
823 1527 948 1582 novi
983 1527 1088 1582 nisi
1119 1543 1183 1582 ex
1205 1527 1352 1584 brevi
1381 1527 1540 1585 amici
1571 1527 1850 1584 cuiusdam
1879 1527 2095 1589 notitia,
2126 1527 2293 1584 codex
2325 1527 2419 1602 qui
2450 1529 2555 1584 suit
2576 1527 2807 1583 Conradi
2830 1524 3000 1584 Celtis
3026 1523 3245 1598 (†150⁸'‚‚

682 1619 876 1684 postea
909 1610 1220 1683 Sebastiani
1243 1612 1581 1684 'l’engnagel‚
1613 1629 1760 1669 nunc
1788 1621 1873 1668 est
1902 1612 2267 1670 bibliothecae
2296 1613 2587 1670 Caesareae
2620 1611 3057 1668 Vindobonensis
3083 1628 3135 1666 n.
3166 1615 3247 1664 114

687 1689 761 1768 (n.
793 1699 892 1750 358
922 1694 1206 1768 Endlich.).
1266 1697 1360 1753 Cui
1392 1697 1534 1753 libro
1566 1714 1688 1754 cum
1718 1699 1953 1770 primum
1984 1697 2051 1754 ad
2080 1697 2317 1753 Probum
2359 1697 2623 1754 edendum
2668 1698 2874 1753 accessi
2918 1699 3137 1753 nimium
3164 1696 3246 1750 tri·

681 1779 796 1842 bui.
827 1780 984 1837 libris
1014 1780 1334 1838 melioribus
1363 1782 1660 1838 destitutus
1692 1789 1808 1838 tum
1838 1790 1895 1837 et
1922 1798 1987 1838 eo
2018 1785 2243 1838 maxime
2272 1782 2562 1857 deceptus,
2596 1782 2740 1856 quod
2770 1781 2935 1838 Probi
2968 1781 3176 1854 genuini
3204 1790 3251 1834 et

684 1864 750 1920 ab
784 1865 1016 1921 recentis
1047 1869 1241 1922 aetatis
1271 1866 1664 1923 adiectionibus
1694 1866 1851 1922 liberi
1884 1883 1950 1922 eo
1981 1873 2228 1941 tempore
2256 1866 2415 1940 copia
2444 1867 2574 1923 mihi
2605 1865 2754 1924 nulla
2784 1866 2893 1926 ruit
2922 1868 3028 1922 nisi
3058 1883 3119 1920 ex
3146 1864 3248 1920 solo

683 1950 824 2005 libro
859 1949 1278 2008 vindobonensi.
1337 1952 1443 2008 lam
1475 1967 1600 2007 vero
1653 1959 1944 2026 postquam
1988 1952 2191 2008 iustum
2222 1952 2467 2008 codicum
2498 1968 2783 2008 numerum
2814 1959 3071 2006 excutere
3098 1949 3249 2009 licuit,

685 2038 936 2108 apparuit
966 2043 1076 2092 'tam
1108 2035 1352 2110 reliquos
1383 2054 1528 2110 quos
1558 2038 1663 2092 hoc
1689 2037 1869 2110 capite
1900 2037 2205 2092 enumeravi
2238 2053 2397 2111 quam
2428 2037 2607 2111 ipsum
2640 2035 3108 2092 vindobonensem
3138 2051 3251 2107 pen-

686 2120 814 2176 dere
846 2136 907 2175 ex
940 2119 1283 2185 Marcanova3
1326 2139 1448 2178 nam
1491 2129 1548 2178 et
1578 2123 1989 2194 inscriptionem
2019 2120 2144 2177 libri
2188 2121 2389 2178 habent
2416 2139 2527 2178 non
2560 2137 2621 2176 ex
2652 2121 2985 2195 antiquitate
3025 2120 3251 2176 traditam

685 2203 855 2262 ‘iuris
885 2212 1138 2262 notarum
1156 2206 1198 2269 ³.
1245 2207 1339 2263 sed
1371 2205 1473 2262 ‘de
1503 2205 1651 2262 notis
1681 2204 1956 2280 antiquis’
2001 2215 2056 2261 et
2084 2216 2274 2262 carent
2302 2214 2430 2262 nota
2460 2215 2697 2262 extrema
2736 2202 2950 2262 mutila.
3010 2203 3151 2260 Unde
3179 2220 3253 2257 ex·

684 2298 844 2363 cepto
877 2291 1134 2346 Beruensi
1164 2291 1509 2348 Marcanovae
1537 2291 1784 2364 exemplo
1827 2293 1932 2348 hoc
1961 2307 2134 2364 genus
2164 2293 2477 2347 universum
2508 2291 2680 2347 abieci
2722 2307 2823 2347 nec
2852 2292 3059 2347 variam
3087 2289 3255 2344 lectio·

685 2391 808 2430 nem
842 2374 964 2429 inde
993 2375 1181 2431 rettuli
1211 2384 1429 2450 praeter
1457 2393 1729 2450 perpauca
1760 2376 1986 2432 notitiae
2016 2393 2178 2432 causa
2208 2384 2435 2432 retenta.
2476 2407 2546 2416 ——
2584 2375 2752 2431 Multo
2786 2375 2964 2447 magis
2996 2375 3255 2448 suppressi
3348 2433 3350 2440 Ι

689 2475 829 2534 quae
857 2475 922 2514 ex
943 2458 1120 2515 Probo
1151 2463 1387 2531 genuino
1418 2468 1639 2534 recepta
1669 2468 1800 2516 sunt
1828 2462 1879 2516 in
1914 2470 2267 2534 personatum
2296 2461 2637 2535 alphabetico
2668 2460 2859 2516 ordine
2890 2460 3175 2532 digestum,
3202 2458 3257 2511 de

688 2561 797 2618 quo
829 2543 970 2600 infra
999 2552 1220 2617 agetur:
1275 2554 1539 2602 venerunt
1577 2547 1718 2601 enim
1762 2547 1817 2601 in
1847 2562 1971 2602 eum
2016 2562 2114 2619 per
2155 2545 2331 2602 solum
2362 2545 2727 2602 Marcanovam
2770 2561 2955 2617 neque
2984 2544 3257 2618 quidquam

686 2629 940 2685 utilitatis
992 2629 1191 2686 habent
1247 2631 1314 2687 ad
1371 2630 1656 2688 lectionem
1708 2630 2162 2688 constituendam.
2250 2629 2437 2687 Solum
2486 2629 2754 2686 adnotabo
2805 2630 2913 2686 hoc
2960 2627 3081 2686 loco
3134 2626 3259 2700 apud

690 2713 1016 2788 posterioris
1047 2716 1241 2770 aetatis
1273 2717 1686 2788 inscriptionum
1718 2713 2046 2772 collectores
2091 2716 2215 2771 inde
2244 2733 2271 2771 a
2302 2715 2592 2771 Ferrarino
2624 2732 2747 2772 raro
2780 2715 3016 2786 reperiri
3044 2711 3257 2768 Probum

689 2799 865 2855 forma
894 2801 1145 2870 genuina,
1177 2800 1461 2873 expulsum
1493 2799 1682 2856 fictitio
1714 2799 1811 2856 illo
1844 2800 2025 2875 specie
2054 2800 2313 2863 auctiore,
2344 2816 2405 2855 re
2436 2799 2787 2873 interpolato.

859 2883 1214 2940 Einsidlensis
1244 2883 1540 2941 laterculus
1571 2883 1702 2957 (E),
1738 2901 1897 2958 quem
1928 2885 2070 2940 infra
2100 2903 2151 2940 n.
2184 2884 2267 2940 Vll
2299 2887 2575 2957 integrum
2606 2884 2901 2944 edidimus.
2952 2899 3089 2956 quae
3121 2881 3259 2937 hahet

689 2967 853 3024 Probi
885 2976 977 3025 aut
1007 2969 1286 3026 redeuntia
1317 2971 1372 3025 in
1403 2986 1468 3026 eo
1501 2968 1594 3044 qui
1627 2977 1879 3044 superest
1906 2973 2294 3026 commentario
2325 2978 2421 3026 aut
2450 2969 2733 3043 desumpta
2762 2985 2827 3024 ex
2856 2976 3018 3042 parte
3048 2975 3259 3022 extrema

693 3053 852 3110 hodie
881 3053 1176 3128 deperdita,
1211 3057 1326 3110 suis
1359 3071 1606 3128 quaeque
1637 3054 1774 3110 locis
1806 3063 1868 3110 ut
1898 3071 1998 3128 par
2026 3063 2142 3111 erat
2172 3055 2277 3110 hoc
2304 3053 2483 3128 capite
2512 3053 2873 3110 exhibuimus.

861 3139 932 3193 De
950 3138 1282 3196 editionibus
1304 3139 1468 3195 Probi
1499 3141 1721 3212 genuini
1744 3140 1937 3195 melius
1960 3140 2099 3196 infra
2122 3139 2377 3200 dicemus,
2408 3139 2504 3195 ubi
2526 3137 2929 3214 disputabimus
2958 3138 3027 3194 de
3047 3135 3263 3192 Pseudo-

691 3222 865 3297 probo
908 3223 1248 3296 alphabetico
1290 3224 1346 3279 in
1378 3226 1444 3279 iis
1485 3241 1608 3280 cum
1639 3240 1765 3280 vero
1814 3225 1918 3280 hoc
1957 3225 2071 3280 sere
2111 3224 2342 3280 confuso
2385 3225 2558 3298 magis
2590 3239 2749 3297 quam
2778 3224 3093 3279 coniuncto.
3150 3221 3263 3274 Pro.-

695 3310 868 3382 priam
909 3309 1200 3364 utilitatem
1259 3307 1461 3365 habent
1519 3308 1751 3372 nullam;
1813 3309 2077 3382 quaedam
2138 3317 2317 3366 tamen
2378 3316 2487 3366 tam
2538 3324 2601 3364 ex
2643 3307 2979 3364 Accursiana
3022 3323 3174 3380 quam
3210 3321 3262 3359 ex

693 3393 978 3450 Ernstiana
1008 3395 1062 3449 in
1095 3395 1236 3450 varia
1265 3392 1504 3450 lectione
1533 3393 1832 3450 attulimus,

832 3575 858 3604 ⁴¹
895 3575 1179 3624 Felicianus
1215 3578 1532 3640 transposuit
1583 3575 1697 3626 libri
1735 3575 1978 3625 Marciani
2028 3575 2183 3636 folia,
2238 3577 2291 3626 in
2324 3576 2509 3639 quibus
2539 3575 2757 3625 Probum
2804 3575 3173 3639 descripserat,
3208 3573 3265 3618 ita

697 3653 750 3694 ut
788 3647 968 3695 fierent
1008 3645 1282 3697 120—124
1333 3662 1450 3696 vere
1497 3647 1574 3696 sic
1620 3645 1930 3696 ordinanda:
1990 3646 2108 3696 121.
2148 3645 2267 3696 120.
2304 3644 2422 3697 123.
2468 3645 2585 3698 122.
2626 3645 2742 3694 124.
2817 3646 2875 3694 ln
2912 3645 3091 3694 codice
3124 3643 3265 3690 Vero-

697 3715 860 3778 nensi,
899 3715 985 3762 ubi
1025 3715 1216 3764 Probus
1252 3716 1438 3782 legitur
1474 3715 1522 3765 in
1559 3716 1740 3781 primis
1774 3716 1938 3765 tribus
1976 3715 2115 3764 l'oliis
2152 3731 2251 3764 non
2287 3717 2565 3766 numeratis
2598 3722 2778 3778 quarto
2813 3715 3113 3779 deperdito,
3148 3721 3267 3759 recte

697 3784 945 3834 ordinatis
985 3783 1122 3833 foliis
1149 3784 1302 3835 hodie
1339 3801 1365 3834 a
1397 3785 1693 3851 bibliopega
1726 3786 1948 3835 traiectis
1980 3793 2027 3834 et
2058 3786 2226 3850 quarti
2252 3786 2349 3835 iam
2380 3785 2667 3834 deficientis
2706 3785 2899 3834 ratione
2925 3783 3099 3833 habita
3114 3793 3265 3830 tiana-

695 3855 882 3921 positio
917 3855 1061 3904 adest
1092 3856 1270 3904 eadem
1307 3857 1538 3917 omnino,
1574 3857 1665 3905 sed
1699 3857 1772 3905 ita
1808 3863 2129 3920 comparata,
2174 3863 2226 3904 ut
2262 3857 2312 3904 in
2350 3855 2447 3904 hoc
2485 3855 2617 3904 libro
2654 3856 2700 3904 ei
2740 3868 2838 3902 non
2874 3855 3110 3904 medeare
3148 3850 3268 3900 foliis

697 3925 808 3975 eius
847 3926 994 3974 aliter
1029 3926 1294 3976 ordinatis.
1369 3925 1515 3984 Quod
1553 3926 1824 3984 adnotavi,
1876 3927 2113 3988 quoniam
2156 3926 2232 3974 vel
2270 3926 2391 3974 inde
2426 3933 2653 3982 constat.
2701 3923 2839 3986 quod
2880 3925 3037 3973 etiam
3074 3937 3134 3972 cx
3168 3920 3268 3970 aliis

696 3995 902 4046 indiciis
933 3995 1200 4060 permultis
1235 3995 1566 4060 deprehendi,
1607 3997 1958 4046 veronensem
1994 3996 2305 4060 descriptum
2344 4010 2459 4046 esse
2494 4011 2561 4044 ex
2597 3994 2873 4044 Marciano.
