3434 5442
917 346 1330 408 EXPLANAT.
1379 345 1452 408 ΙΝ
1498 345 1857 408 DONATVM
1903 346 2042 409 LlB.
2088 347 2113 408 1
2689 349 2807 413 521

343 453 375 495 f.
405 455 456 496 55
481 453 576 494 eod.
607 453 710 497 Lav.

239 532 398 594 tibus
441 534 760 604 sociantur,
805 533 872 595 u't
913 534 1024 596 Iris
1067 542 1128 595 et
1167 551 1322 595 unus
1365 542 1424 596 et
1466 534 1574 595 Isis
1618 542 1678 594 et
1722 553 1891 596 urna.
1978 542 2372 598 consonantes
2418 542 2611 596 autem
2654 542 2813 606 sunt,

239 653 375 698 cum
433 634 562 697 aliis
613 635 912 699 vocalibus
964 637 1026 696 in
1071 654 1189 698 una
1233 634 1450 717 syllaba
1508 645 1984 717 praeponuntur,
2029 643 2128 700 aut
2171 655 2305 698 cum
2348 638 2509 716 ipsae
2553 637 2707 698 inter
2750 653 2814 697 se

240 739 302 799 in
345 755 464 800 una
507 736 728 818 syllaba
775 739 1230 818 coniunguntur.
1303 739 1416 799 nisi
1461 741 1618 800 enim
1665 747 1726 799 et
1769 740 1932 819 prior
1975 741 2051 802 sit
2092 747 2151 800 et
2193 740 2252 800 in
2298 758 2415 801 una
2458 737 2678 820 syllaba
2722 757 2812 800 se-

241 858 377 902 cum
417 839 632 903 habeat
675 840 1052 902 coniunctam
1095 837 1385 910 vocalem,
1433 859 1554 902 non
1599 843 1713 902 erit
1757 859 2087 903 consonans
2128 843 2150 901 i
2192 839 2284 902 vel
2328 860 2387 902 ιι.
2448 858 2585 903 nam
2630 840 2813 902 lulius

239 949 302 1004 et
354 940 557 1003 Iarbas
611 959 748 1004 cum
811 941 982 1012 dicis,
1041 944 1062 1002 i
1106 959 1436 1005 consonans
1491 961 1611 1004 non
1665 950 1782 1014 est,
1842 943 1979 1005 licet
2018 943 2361 1022 praecedat,
2410 944 2545 1023 quia
2588 944 2650 1004 in
2694 961 2811 1004 una
2839 960 2863 1001 5

239 1042 461 1124 syllaba
505 1062 704 1106 secum
750 1061 868 1105 non
914 1042 1094 1105 habet
1121 1047 1496 1105 coniunctam
1528 1043 1817 1114 vocalem,
1865 1045 1969 1106 sed
2001 1051 2061 1106 in
2104 1045 2289 1106 altera
2334 1052 2815 1126 consequentem.

238 1147 323 1207 sic
380 1152 441 1207 et
495 1165 628 1208 cum
684 1146 832 1208 dicis
885 1145 1102 1207 duellio
1121 1194 1138 1218 ,
1195 1165 1234 1208 u
1292 1163 1623 1209 consonans
1677 1165 1799 1208 uon
1858 1155 1948 1208 est
2002 1147 2179 1208 simili
2235 1149 2481 1210 ratione.
2571 1146 2711 1228 quid
2766 1149 2817 1208 si

237 1248 403 1327 ipsae
431 1266 632 1310 secum
664 1248 987 1311 cohaerent
1029 1248 1260 1310 litterae
1303 1251 1325 1308 i
1367 1257 1429 1310 et
1469 1249 1543 1310 u?
1587 1247 1686 1310 illa
1720 1250 1837 1310 erit
1880 1267 2232 1322 consonanS,
2278 1268 2429 1330 quae
2472 1251 2639 1330 prior
2684 1251 2814 1320 erit,

237 1358 306 1412 ut
348 1349 494 1412 luno
540 1351 670 1412 vita.
759 1351 870 1412 bae
925 1349 1238 1431 aliquando
1303 1350 1530 1412 mediae
1585 1351 1893 1423 dicuntur,
1952 1352 2185 1432 quando
2244 1369 2363 1413 non
2420 1371 2491 1413 eo
2536 1370 2681 1413 sono
2729 1349 2815 1410 di-

237 1461 473 1522 cuntur,
519 1470 636 1532 qno
681 1450 1040 1514 scribuntur.
1131 1452 1446 1514 scribimus
1493 1454 1582 1513 vir
1626 1461 1686 1514 et
1727 1454 1941 1523 virtus;
1999 1453 2235 1533 quando
2279 1463 2475 1515 autem
2518 1454 2633 1514 hoc
2677 1465 2893 1533 pro-1⁰

238 1555 513 1626 ferimus,
571 1555 634 1616 in
688 1556 816 1635 ipso
873 1572 1020 1616 sono
1075 1572 1196 1616 non
1249 1556 1270 1614 i
1325 1562 1521 1626 sonat,
1583 1554 1686 1618 sed
1742 1557 1941 1618 nescio
1995 1555 2138 1635 quid
2204 1557 2495 1637 pinguius.
2585 1555 2819 1616 tenuius

237 1663 412 1718 sonat
465 1658 578 1718 vita
598 1705 615 1729 ,
671 1658 946 1737 pinguius
999 1657 1106 1718 vir.
1195 1657 1311 1718 hoc
1364 1659 1520 1718 circa
1576 1658 1599 1717 i
1651 1664 1949 1728 servatur,
2004 1664 2073 1720 ut
2112 1656 2305 1719 media
2348 1658 2453 1728 sit3
2512 1665 2577 1719 ut
2620 1665 2817 1718 autem

236 1757 568 1837 digammos
610 1759 712 1830 sit,
760 1759 914 1820 circa
958 1779 997 1820 u
1040 1765 1270 1820 tantum
1315 1765 1600 1820 servatur.
1691 1777 1825 1820 uam
1874 1761 2083 1822 Graeci
2138 1757 2304 1821 Aeoli
2359 1759 2520 1821 hunc
2565 1761 2817 1821 crassio-

235 1877 366 1922 rem
413 1878 652 1931 sonum,
712 1876 883 1936 quem
939 1860 1077 1922 facit
1135 1880 1170 1923 u
1229 1860 1450 1928 littera,
1509 1879 1642 1922 cum
1689 1878 2023 1922 consonans
2067 1868 2182 1932 est,
2242 1878 2363 1921 non
2405 1859 2658 1933 habent,
2713 1859 2819 1922 sed

233 1979 346 2043 pro
392 1962 630 2024 Venetis
672 1961 930 2024 Henetos
975 1963 1203 2032 dicunt;
1263 1962 1416 2024 Daos
1461 1962 1690 2034 dicunt,
1743 1981 1891 2044 quos
1936 1981 2044 2024 nos
2087 1963 2275 2025 Davos
2320 1962 2584 2025 dicimus,
2676 1982 2818 2043 ergo
2848 1977 2895 2020 15

234 2064 394 2143 apud
447 2081 558 2126 nos
601 2065 715 2127 hoc
768 2064 910 2126 facit
963 2083 997 2124 v
1050 2065 1273 2137 littera,
1330 2064 1490 2146 quod
1547 2065 1688 2127 facit
1755 2065 1906 2147 apud
1964 2065 2235 2128 Aeolicus
2298 2066 2645 2146 digammos.
2733 2064 2821 2126 illi

233 2165 507 2229 scribunt
548 2166 766 2228 Enetos
809 2175 872 2228 et
925 2169 1400 2249 superinponunt
1455 2168 1791 2247 digammon
1809 2216 1824 2239 ,
1881 2187 2033 2249 quae
2088 2176 2179 2230 est
2234 2167 2335 2230 tali
2386 2168 2605 2247 figura,
2660 2165 2819 2248 quali

235 2275 326 2329 est
381 2268 538 2349 apud
581 2285 692 2330 nos
743 2268 820 2340 F,
881 2275 942 2330 et
995 2271 1378 2348 pronuntiant
1431 2269 1713 2341 benetos,
1770 2288 1886 2350 quo
1946 2270 2122 2333 modo
2176 2277 2239 2332 et
2289 2271 2352 2332 in
2422 2269 2819 2351 adspiratione

233 2389 374 2432 cum
419 2387 530 2432 nos
573 2369 864 2432 babemus
905 2371 975 2442 h,
1021 2370 1106 2432 illi
1151 2370 1304 2434 aliud
1337 2373 1568 2451 signum
1619 2371 2121 2454 [significationis]
2152 2371 2402 2444 habent,
2436 2374 2603 2434 cuius
2633 2372 2820 2451 figura

233 2471 368 2534 talis
411 2479 528 2542 est,
570 2479 638 2534 ut
679 2479 770 2534 est
811 2471 1117 2534 dimidium
1148 2473 1221 2535 H.
1281 2482 1341 2536 et
1382 2474 1538 2554 apud
1566 2473 1806 2536 Latinos
1835 2482 1977 2537 tunc
2019 2473 2257 2554 quidem
2298 2473 2478 2535 efficit
2518 2493 2559 2534 u
2600 2471 2817 2544 littera,
2844 2489 2895 2531 ao

232 2573 396 2656 quod
440 2573 596 2652 apud
631 2577 887 2637 Graecos
931 2575 1290 2654 digammoS,
1337 2575 1571 2656 quando
1613 2574 1746 2636 loco
1791 2578 2030 2656 ponitur
2074 2577 2470 2638 consonantis.
2559 2575 2821 2637 Donatus

231 2694 416 2738 uuam
459 2695 590 2739 rem
636 2694 836 2739 veram
882 2679 1108 2759 posuit,
1157 2696 1332 2740 unam
1379 2677 1604 2740 falsam.
1667 2697 1867 2740 veram
1911 2680 2280 2759 praeposuit,
2328 2695 2464 2740 cum
2509 2677 2683 2740 huius
2724 2675 2818 2738 lit-

235 2786 398 2840 terae
441 2777 722 2840 redderet
763 2781 1090 2842 rationem:
1138 2779 1284 2841 dixit
1327 2781 1484 2842 enim
1531 2786 1708 2841 ‘tunc
1754 2789 1842 2842 est
1888 2781 2213 2860 digammos
2258 2799 2325 2850 u,
2372 2798 2507 2841 cum
2551 2777 2669 2841 illic
2711 2798 2818 2859 po-

229 2881 395 2942 nitur
421 2879 554 2943 loco
584 2883 992 2954 consonantis,
1035 2881 1140 2944 ubi
1170 2889 1298 2944 erat
1326 2882 1644 2960 adspiratio
1661 2886 1703 2954 ',
1744 2890 1803 2944 et
1836 2882 1977 2944 falsa
2007 2883 2256 2944 subiecit
2285 2881 2582 2962 exempla:
2612 2879 2821 2960 vulgus

231 2984 314 3044 ait
337 2989 402 3044 et
427 2982 669 3054 vulnus,
713 2985 880 3065 quasi
908 2986 1094 3065 possit
1123 2984 1237 3045 dici
1281 2983 1496 3064 bulgus
1527 2992 1585 3046 et
1613 2983 1847 3046 hulnus.
1909 2983 2113 3046 debuit
2140 3001 2283 3063 ergo
2314 2983 2513 3044 dicere
2545 2983 2815 3053 VenetoS,
2843 3002 2894 3043 25

231 3086 510 3165 quoniam
552 3085 812 3148 detracta
851 3105 889 3148 ιι
934 3085 1070 3148 facit
1098 3087 1389 3157 Henetos,
1435 3094 1494 3148 et
1521 3087 1731 3148 Davus.
1807 3105 1843 3147 u
1874 3085 2187 3167 aliquando
2217 3084 2366 3147 nihil
2410 3090 2528 3155 est,
2574 3091 2641 3146 ut
2682 3102 2815 3144 cum

229 3187 380 3250 dicis
409 3189 720 3269 quoniam:
765 3207 804 3249 u
835 3207 1028 3270 neque
1057 3186 1274 3250 vocalis
1304 3195 1408 3258 est,
1455 3190 1592 3268 quia
1633 3187 1815 3249 habet
1854 3195 1990 3267 post
2028 3207 2091 3249 se
2134 3206 2200 3260 o,
2242 3206 2433 3267 neque
2464 3203 2815 3256 consonans,

229 3292 370 3372 quia
399 3288 579 3354 habet
607 3298 742 3352 ante
771 3309 835 3352 se
866 3311 932 3372 q:
965 3293 1268 3353 enimvero
1299 3292 1412 3352 erit
1442 3308 1580 3370 pars
1608 3289 1767 3351 illius
1794 3288 2041 3362 litterae,
2067 3291 2125 3351 id
2157 3297 2247 3350 est
2274 3309 2331 3370 q.
2378 3297 2438 3350 et
2466 3291 2487 3351 i
2518 3290 2819 3369 quaeritur

229 3401 432 3456 utrum
461 3394 650 3474 possit
677 3393 973 3471 geminata
1002 3411 1178 3454 unam
1219 3392 1502 3473 syllabam
1547 3392 1773 3466 facere,
1820 3400 1881 3454 et
1923 3391 2157 3474 quidam
2205 3399 2453 3471 negant,
2501 3389 2599 3453 alii
2643 3389 2817 3452 adfir-

229 3501 418 3556 mant.
465 3501 662 3556 utrum
691 3511 838 3573 crgo
870 3493 951 3555 dii
982 3513 1092 3574 per
1122 3494 1238 3557 duo
1267 3497 1288 3555 i
1317 3493 1628 3567 scribatur,
1660 3512 1736 3556 an
1766 3513 1875 3576 per
1903 3512 2100 3567 unam,
2135 3495 2438 3575 quaeritur
2447 3513 2465 3564 ς
2500 3500 2561 3554 et
2588 3500 2818 3555 constat
2843 3507 2895 3550 ao

229 3595 392 3677 quod
420 3614 530 3676 per
559 3615 744 3657 unum
775 3598 798 3656 i
826 3595 1126 3659 scribitur.
1175 3597 1266 3658 fac
1295 3615 1608 3660 numerum
1639 3596 1997 3676 singularem
2033 3597 2198 3668 deus,
2230 3595 2521 3678 pluralem
2553 3595 2667 3666 dei,
2699 3614 2817 3676 quo

237 3698 422 3760 modo
465 3699 556 3760 rei
599 3705 660 3758 et
702 3699 820 3759 mei
865 3697 938 3759 ab
985 3717 1056 3760 eo
1099 3698 1256 3779 quod
1303 3707 1393 3760 cst
1435 3717 1602 3762 meus
1646 3708 1707 3760 et
1747 3717 1903 3761 reuS.
1971 3717 2113 3778 ergo
2158 3717 2193 3760 e
2234 3697 2445 3769 littera,
2493 3715 2643 3778 quae
2688 3715 2818 3758 esse

236 3799 444 3862 debuit
489 3801 546 3860 in
591 3817 840 3860 numero
884 3798 1115 3880 plurali,
1167 3819 1282 3862 non
1329 3808 1551 3863 mutata
1595 3809 1714 3873 est,
1762 3801 1864 3862 sed
1896 3801 2122 3864 sublata
2166 3819 2275 3883 per
2318 3817 2640 3881 syncopen.
2716 3817 2812 3861 re·

229 3908 435 3962 manet
489 3903 646 3962 enim
705 3920 820 3962 una
876 3905 926 3971 i,
989 3901 1067 3964 di.
1129 3911 1220 3962 est
1275 3903 1479 3974 etiam,
1527 3911 1592 3964 ut
1635 3903 1917 3975 diximus,
1978 3902 2222 3984 duplex,
2267 3901 2424 3984 quod
2470 3919 2815 3963 concessum

231 4011 324 4064 est
365 4004 389 4063 i
429 4001 660 4064 litterae
707 4010 932 4076 tantum
953 4052 968 4075 ,
1017 4005 1288 4085 quotiens
1330 4002 1462 4066 loco
1507 4012 1598 4066 est
1651 4007 2049 4068 consonantis.
2140 4023 2275 4066 nam
2320 4006 2477 4065 inter
2522 4003 2666 4065 duas
2709 4022 2809 4064 vo·
2838 4021 2890 4065 as

229 4103 389 4168 cales
431 4105 618 4186 posita
661 4107 724 4166 in
768 4125 886 4168 una
927 4113 1098 4186 parte
1128 4106 1409 4168 orationis
1454 4124 1563 4184 pro
1611 4103 1832 4188 duplici
1874 4106 2155 4179 habetur,
2202 4107 2338 4188 quia
2382 4124 2517 4168 cum
2563 4114 2813 4185 utraque

376 4293 404 4343 Ι
445 4301 498 4342 ut
534 4293 625 4343 iris
655 4301 710 4343 ut
743 4307 877 4344 unus
919 4295 966 4343 L
1104 4309 1232 4344 urna
1268 4295 1470 4356 quando
1505 4308 1671 4362 equus
1708 4293 1927 4344 dicimus
1963 4295 2025 4345 ab
2061 4295 2287 4362 qquitate
2320 4294 2619 4359 dyptougon
2652 4299 2731 4344 est
2756 4308 2819 4342 ae

233 4363 478 4414 scribitur
511 4363 633 4427 quia.
666 4379 800 4430 equa
829 4363 1186 4426 aequalitatem
1225 4372 1363 4414 tenet
1387 4374 1438 4415 et
1473 4366 1608 4415 unde
1637 4366 1840 4432 equitas
1865 4365 2001 4416 dicta
2024 4372 2102 4415 est
2136 4364 2285 4428 quasi
2306 4363 2588 4427 aequalitas
2616 4363 2815 4426 (aequi—

229 4442 310 4485 tas
344 4435 384 4498 1)
425 4433 628 4496 quando
663 4448 828 4496 equus
868 4433 1156 4499 quadrupes
1182 4434 1353 4484 brebis
1379 4443 1458 4484 est
1491 4450 1536 4488 e.
1568 4434 1917 4485 Consonantes
1956 4435 2005 4484 L
2157 4436 2189 4484 2
2226 4435 2356 4484 iuter
2394 4449 2450 4485 se
2484 4433 2604 4483 inisi
2638 4447 2741 4484 uua
2770 4433 2817 4482 L

369 4503 404 4554 6
442 4505 532 4554 sed
569 4505 618 4553 in
657 4503 868 4553 alteram
899 4503 949 4552 L
1115 4504 1148 4554 9
1182 4503 1309 4554 haec
1337 4504 1607 4568 aliquando
1646 4503 1696 4552 L
1876 4505 1937 4556 11
1978 4505 2150 4554 nescio
2189 4505 2313 4568 quid
2347 4503 2561 4569 pinguis
2596 4503 2646 4553 L

232 4576 297 4625 12
334 4582 568 4624 seruatur
603 4572 774 4623 media
815 4573 860 4622 L
1001 4569 1064 4623 13
1097 4572 1388 4640 digammus
1422 4573 1468 4622 L
1617 4574 1679 4623 14
1708 4589 1857 4636 quem
1889 4589 1979 4629 om.
2015 4573 2063 4622 L
2207 4573 2273 4624 15
2308 4589 2400 4640 pro
2432 4573 2629 4624 ueuetis
2656 4572 2818 4624 henos

228 4645 402 4694 dicunt
446 4643 539 4694 das
591 4644 762 4694 dicunt
803 4658 930 4707 quos
973 4656 1066 4691 nos
1102 4643 1265 4693 danos
1302 4644 1352 4693 L
1496 4642 1562 4695 16
1598 4644 1733 4710 apud
1773 4651 1890 4696 ante
1927 4645 2165 4695 Aeolicos
2196 4659 2287 4694 om.
2315 4645 2379 4704 L,
2416 4643 2538 4693 add.
2574 4645 2593 4692 1
2728 4641 2815 4691 ille

229 4715 455 4764 scribunt
491 4714 541 4762 L
683 4713 750 4764 18
784 4720 908 4779 aput
943 4727 1056 4764 nos.
1095 4710 1200 4772 1.·>
1244 4719 1294 4763 et
1330 4711 1380 4760 L
1523 4713 1586 4764 19
1621 4714 1807 4764 habent
1835 4715 1901 4764 da
1930 4715 2135 4781 signum
2171 4714 2315 4765 cuius
2354 4713 2404 4762 L
2556 4712 2625 4764 20
2655 4712 2816 4763 (lime-

231 4784 372 4834 dium
407 4785 428 4833 i
461 4792 512 4833 et
548 4785 598 4834 L
704 4793 824 4833 tunc
846 4797 940 4837 om,
964 4783 1033 4846 L,
1070 4784 1194 4834 add.
1233 4785 1253 4833 l
1377 4783 1446 4834 25
1475 4781 1686 4851 hulnus]
1730 4785 1879 4834 ulnus
1918 4785 1967 4834 L
2000 4785 2185 4835 hulnus
2220 4787 2241 4835 l
2334 4783 2405 4836 28
2434 4799 2505 4848 .q.
2536 4782 2595 4832 Ὴ·
2630 4798 2667 4833 u
2691 4797 2815 4835 uero

233 4854 401 4905 deleta
449 4861 572 4906 nota
605 4871 652 4906 υ.
689 4855 825 4904 enim
859 4853 910 4904 L
1049 4852 1118 4906 33
1160 4869 1255 4920 per
1288 4867 1566 4921 syncopem
1599 4853 1650 4904 L
