3434 5442
1088 348 1498 413 CATfloLch
1543 348 1568 408 l
1604 348 1855 409 21-25
2672 352 2697 409 1
2722 350 2741 409 l

297 462 616 517 ,....ιιωωρ
2342 464 2650 519 „nam

205 552 438 615 sequens
479 538 674 597 iuncta
714 536 906 607 fuerit,
953 538 1104 598 sicut
1147 537 1318 598 docui
1361 539 1420 597 in
1457 536 1610 597 libro
1653 499 1865 616 primo.
1954 556 2023 597 ro
2064 539 2367 598 terminata
2412 536 2755 615 producun-

205 648 290 699 tur
339 640 395 699 in
445 633 745 715 genetivo,
805 640 1012 700 Cicero
1049 641 1373 709 Ciceronis,
1433 640 1617 699 Varro
1663 637 1969 709 Varronis,
2028 642 2139 700 tiro
2182 641 2405 703 tironis.
2496 658 2677 701 unum
2718 658 2753 699 o

199 740 432 801 litteram
477 742 535 801 in
571 743 838 819 genetivo
893 750 952 804 et
999 744 1059 803 in
1099 742 1373 803 omnibus
1420 741 1654 803 casibus
1704 744 2009 823 utriusque
2055 743 2287 804 numeri
2332 742 2554 820 perdit,
2606 743 2755 803 baec

201 860 324 902 caro
377 842 552 904 buius
605 846 830 913 carniS,
889 851 1134 925 excepto
1188 846 1448 904 vocativo
1505 843 1821 922 singulari,
1878 864 1913 903 o
1960 862 2115 905 caro.
2206 864 2273 905 so
2324 845 2751 923 producuntur,

201 944 338 1005 Naso
379 942 644 1013 Nasonis,
691 946 829 1007 Piso
867 942 1114 1007 Pisonis,
1201 954 1293 1007 to:
1340 947 1540 1007 Latina
1583 946 1821 1025 quidem
1862 948 2097 1007 nomina
2139 946 2249 1007 hac
2293 946 2512 1027 syllaba
2552 948 2754 1009 termi-
2806 969 2833 1009 ⁵

199 1054 314 1105 nata
371 1046 428 1105 in
489 1050 762 1124 genetivo
823 1050 1244 1127 corripientur,
1310 1046 1494 1111 Britto
1540 1049 1819 1110 Brittonis
1888 1048 2099 1130 [Santo
2142 1050 2447 1110 Santonis:
2518 1050 2753 1109 nomina

195 1156 318 1208 sunt
353 1148 635 1227 gentium.
721 1150 958 1211 nomina
995 1149 1308 1213 mulierum
1355 1153 1716 1214 Graecarum
1760 1158 1863 1211 aut
1906 1151 2313 1241 producuntur
2352 1157 2453 1212 aut
2493 1170 2533 1211 u
2574 1150 2755 1212 babe-

198 1249 330 1309 bunt
383 1250 442 1310 in
500 1252 803 1327 genetivo,
840 1250 1064 1333 *Manto
1105 1253 1397 1313 Mantonis
1449 1253 1536 1313 vel
1591 1228 1850 1322 Mantus,
1918 1253 2063 1313 Leto
2104 1252 2345 1313 Letonis
2402 1252 2488 1313 vel
2528 1250 2755 1335 Letus].

197 1370 286 1412 vo:
325 1370 440 1412 non
477 1354 673 1414 inveni
713 1354 822 1413 hac
856 1354 1072 1434 syllaba
1115 1372 1328 1415 nomen
1361 1354 1596 1434 aliquod
1629 1357 2025 1415 terminatum.
2100 1372 2207 1416 xo:
2252 1354 2503 1419 necbac
2538 1352 2753 1435 syllaba

194 1454 370 1513 inveni
413 1454 642 1517 finitum
691 1473 905 1517 nomen
941 1457 1050 1517 nisi
1091 1455 1436 1525 barbarum,
1483 1457 1642 1537 quod
1685 1456 1881 1517 audivi
1922 1456 2101 1517 Brixa
2132 1458 2420 1517 Brixonis.
2500 1476 2601 1516 zo:
2646 1453 2757 1518 ba'c
2784 1477 2834 1519 ιο

196 1573 410 1635 quoque
468 1556 690 1636 syllaba
757 1556 982 1619 nullum
1037 1576 1252 1621 nomen
1322 1560 1560 1639 repperi
1619 1559 1997 1619 terminatum
2059 1560 2169 1637 nisi
2222 1576 2404 1620 unum
2470 1558 2757 1619 barbarae

197 1658 418 1718 civitatis
459 1658 680 1719 lectum
722 1661 780 1759 iq
825 1658 1118 1730 Sallustio,
1165 1661 1336 1721 Vizzo
1381 1652 1663 1721 Viz'zoniS.

341 1760 418 1820 P:
475 1760 590 1821 hac
634 1761 826 1823 littera
883 1760 1108 1823 nullum
1155 1780 1369 1823 nomen
1425 1763 1654 1823 finitum
1710 1763 1899 1842 potuit
1953 1763 2231 1841 reperiri,
2290 1764 2427 1842 quia
2480 1780 2591 1824 nec
2646 1763 2757 1823 bac

193 1858 366 1921 littera
406 1880 624 1926 nomen
669 1863 900 1942 aliquod
947 1860 1294 1925 terminatur
1338 1866 1566 1925 ratione
1609 1882 1789 1942 supra
1830 1872 2169 1925 monstrata.

341 1963 388 2023 R
438 1963 638 2026 littera
685 1968 920 2027 nomina
979 1968 1284 2029 terminata
1338 1966 1520 2027 multa
1581 1976 1736 2028 sunt.
1826 1966 1939 2026 hoc
1994 1975 2189 2027 tamen
2240 1966 2395 2028 scire
2448 1966 2749 2038 debemus,
2778 1986 2827 2028 ιι,

193 2065 329 2143 quod
371 2068 607 2143 generis
650 2070 841 2129 omnis
869 2070 1121 2129 nomina
1167 2088 1200 2130 r
1228 2069 1418 2130 littera
1454 2069 1763 2130 terminata
1810 2076 1869 2137 et
1910 2070 2103 2129 neutri
2146 2067 2325 2131 solius
2366 2070 2575 2129 tertiae
2618 2076 2753 2129 sunt

193 2166 600 2230 declinationis.
693 2188 828 2231 nam
889 2173 938 2231 is
993 2170 1212 2251 syllaba
1265 2172 1469 2231 finient
1518 2172 1882 2247 genetivum,
1945 2171 2043 2231 hic
2092 2179 2151 2233 et
2190 2172 2339 2232 baec
2388 2177 2447 2231 et
2484 2171 2601 2231 boc
2644 2187 2751 2249 par

193 2266 348 2329 huius
389 2271 568 2349 pariS,
625 2273 818 2351 impar
857 2272 1158 2355 impaflris,
1200 2274 1448 2333 cadaver
1483 2273 1802 2343 cadaveris,
1847 2268 2013 2334 iectir
2051 2274 2280 2343 iecoris,
2326 2279 2575 2351 excepto
2610 2290 2751 2343 uno,

193 2372 328 2447 quod
373 2381 784 2452 monoptotum
826 2382 941 2444 est,
991 2375 1102 2435 boc
1141 2376 1227 2445 ir,
1279 2375 1616 2451 significans
1657 2375 2031 2436 medietatem
2073 2374 2332 2454 palmae,
2380 2392 2532 2454 qnae
2576 2376 2748 2436 etiam

195 2471 300 2532 vola
353 2474 598 2545 dicitur,
655 2478 879 2538 Graece
933 2472 1166 2556 θέναρ.
1255 2480 1492 2553 generis
1558 2484 1698 2538 vero
1760 2476 2069 2539 masculini
2122 2484 2183 2537 et
2236 2477 2499 2538 feminini
2556 2476 2747 2539 solum
2774 2496 2827 2537 eo

192 2572 388 2636 incerta
427 2584 594 2648 sunt,
645 2596 722 2639 an
763 2578 1058 2640 secundae
1100 2580 1216 2638 sint
1259 2578 1661 2641 declinationis
1703 2586 1763 2640 et
1806 2580 2075 2657 genetivo
2116 2580 2133 2638 i
2176 2580 2469 2650 liniantur,
2514 2598 2587 2641 an
2630 2589 2749 2642 ter-

193 2676 290 2736 tiae
327 2676 750 2751 declinationis,
791 2689 856 2742 ut
895 2684 944 2741 is
979 2681 1196 2761 syllaba
1243 2682 1636 2743 terminentur
1674 2682 1977 2759 genetivo;
2036 2681 2289 2760 ideoque
2342 2700 2451 2760 per
2494 2682 2750 2760 singulm

193 2794 304 2837 rum
355 2779 682 2843 litterarum
741 2801 772 2843 r
819 2782 1070 2844 litteram
1136 2784 1602 2845 antecedentium
1657 2783 1909 2865 syllabas
1964 2784 2351 2845 decurrentes
2414 2783 2749 2855 doceamus,

150 2926 168 2935 -
193 2898 321 2958 quae
357 2884 470 2944 sint
513 2882 925 2945 declinationis
968 2887 1281 2960 secundae,
1327 2904 1478 2965 quae
1513 2888 1739 2947 tertiae.

335 2985 412 3044 Αι·
456 3004 612 3065 pura
656 2986 880 3048 nullum
921 3006 1138 3049 nomen
1185 2989 1424 3067 repperi
1465 2990 1859 3052 terminatum.
1936 3006 2003 3048 er
2045 3006 2192 3066 pura
2237 2990 2549 3049 terminata
2594 3006 2746 3049 mas·
2774 3006 2826 3047 aa

191 3082 360 3147 culina
403 3088 705 3149 secundae
745 3098 882 3149 sunt
923 3089 1346 3158 declinationis
1387 3108 1536 3168 puer
1578 3092 1779 3169 pneri;
1832 3090 2109 3150 feminina
2148 3091 2355 3151 tertiae
2390 3098 2531 3151 sunt
2571 3090 2747 3152 decli-

189 3188 428 3257 nationis,
479 3187 698 3251 mulier
729 3190 1008 3262 mulieris,
1053 3197 1112 3251 et
1141 3193 1308 3270 siqua
1333 3191 1512 3261 ‘talia;
1560 3195 1755 3253 omnia
1788 3201 1985 3253 tamen
2030 3193 2447 3269 corripientur.
2517 3193 2569 3252 ir
2598 3210 2745 3271 pura

191 3290 801 3354 onum-indeclinabile
845 3292 934 3353 vel
979 3300 1388 3373 monoptotum
1433 3296 1702 3374 repperi,
1747 3294 1865 3355 hoc
1908 3296 1989 3363 ir,
2036 3301 2241 3355 contra
2282 3295 2569 3356 rationem
2606 3312 2745 3355 neu-

189 3394 390 3453 trorum
443 3396 754 3456 nominum
801 3414 832 3455 r
883 3394 1078 3458 littera
1132 3398 1608 3467 terminatorum,
1665 3416 1815 3476 quae
1876 3398 2101 3472 omnia,
2157 3398 2310 3456 sicut
2365 3402 2501 3457 ante
2556 3397 2748 3467 docui,

191 3496 374 3555 tertiae
409 3503 554 3557 sunt
595 3494 1018 3567 declinationis,
1063 3500 1122 3559 id
1170 3505 1259 3561 est
1301 3501 1570 3577 genetivo
1613 3500 1664 3559 is
1707 3496 1926 3578 syllaba
1974 3499 2379 3560 terminantur.
2468 3497 2553 3559 Or
2598 3516 2747 3578 pura
2772 3516 2823 3557 ao

191 3593 392 3657 inventa
448 3600 690 3675 generis
742 3601 1050 3662 masculini
1093 3608 1152 3661 et
1205 3602 1472 3663 seminini
1528 3604 1733 3663 tertiae
1781 3608 1917 3662 sunt
1970 3599 2373 3662 declinationis
2414 3602 2495 3663 ris
2544 3603 2749 3663 termi-

193 3700 360 3759 nantia
403 3700 770 3777 genetivum,
821 3721 858 3762 ο
897 3706 956 3762 in
1002 3704 1363 3765 nominativo
1407 3712 1710 3785 correpta,
1758 3706 1817 3765 in
1865 3705 2133 3781 genetivo
2176 3704 2491 3783 producta,
2549 3704 2647 3765 hic
2690 3712 2749 3766 et

193 3794 316 3859 baec
351 3802 564 3865 melior
613 3803 792 3865 huius
835 3805 1112 3866 melioris.
1201 3822 1274 3866 ur
1309 3824 1460 3885 pura
1521 3806 1747 3869 nullum
1792 3824 2007 3867 nomen
2064 3808 2301 3885 repperi
2348 3808 2743 3869 terminatum.

195 3896 282 3959 bar
317 3908 628 3967 terminata
673 3908 876 3967 tertiae
920 3914 1059 3969 sunt
1113 3908 1550 3976 declinationis:
1607 3910 1690 3968 ris
1735 3909 1956 3969 faciunt
1995 3909 2359 3985 genetivum,
2418 3909 2533 3969 hoc
2575 3908 2747 3971 iubar

195 3998 410 4076 iubaris;
464 4006 840 4088 splendorem
891 4008 1004 4071 diei
1049 4010 1362 4089 significat,
1417 4010 1706 4089 Vergilius
1766 4010 2058 4071 ‘iubare
2116 4016 2435 4081 exorto’,
2494 4028 2820 4073 nnmeroas

197 4118 398 4185 semper
439 4110 744 4189 singulari.

337 4208 448 4273 Ber
493 4214 804 4275 terminata
855 4216 1048 4273 omnia
1110 4219 1168 4275 et
1211 4196 1610 4295 corripiuntur
1654 4222 1712 4276 et
1754 4214 2049 4276 secundae
2094 4222 2230 4275 sunt
2270 4213 2693 4276 declinationis.
2730 4214 2740 4299 Ι

201 4324 308 4371 nam
354 4322 450 4375 aut
503 4314 601 4377 bri
655 4316 870 4377 facient
922 4318 1285 4395 genetivum,
1355 4327 1418 4379 ut
1475 4317 1722 4379 coluber
1777 4316 2038 4386 colubri,
2105 4316 2397 4378 Cantaber
2447 4316 2740 4389 Cantabri,

307 4484 338 4533 6
370 4484 616 4537 brittonis.
655 4500 720 4537 no
757 4502 857 4537 non
883 4488 1056 4538 inueni
1091 4490 1450 4553 superscriptis
1481 4492 1548 4540 iia
1593 4504 1723 4553 quae
1758 4490 2054 4551 interposita
2078 4494 2193 4538 aunt
2216 4490 2303 4551 ita,
2340 4495 2517 4537 sancto
2542 4494 2743 4537 sancto—

203 4547 264 4597 nis
285 4555 475 4605 nomina
499 4566 616 4606 sunt
649 4559 875 4623 gentium
912 4573 1211 4625 gnae-carum
1249 4569 1336 4609 aut
1361 4560 1706 4623 producuntur
1746 4566 1832 4607 aut
1858 4575 1891 4607 ιι
1918 4557 2177 4608 habebunt
2214 4559 2262 4607 in
2296 4558 2535 4623 genetiuo
2570 4566 2742 4608 manto

205 4626 418 4675 mamonis
443 4626 524 4677 uel
554 4640 754 4677 mamus
791 4627 1004 4679 let-tonis
1031 4630 1110 4678 uel
1148 4628 1342 4678 let-tous
1368 4629 1452 4680 B.
1480 4624 1637 4678 Samo
1667 4627 1925 4679 Santonis.
1960 4631 2168 4677 nomina
2200 4628 2469 4679 mulierum
2498 4642 2681 4693 graeca
2709 4642 2745 4683 ς

311 4693 372 4744 12
407 4694 530 4745 Vizo
567 4698 779 4749 Vizonis
814 4712 902 4757 5:
938 4700 1010 4748 ad
1051 4699 1300 4749 Thraciae
1329 4699 1497 4749 urbem
1537 4700 1759 4749 Bizonen
1806 4700 1997 4749 rettulit
2028 4696 2259 4748 Kritzim
2292 4699 2343 4747 in
2378 4698 2591 4748 Sallust.
2622 4696 2743 4750 laec.

199 4754 355 4823 [709111.
382 4778 434 4828 p.
471 4764 568 4818 343
739 4770 806 4818 27
855 4768 1040 4818 mulier
1087 4768 1314 4819 mulieris
1356 4778 1474 4833 post
1521 4769 1768 4819 feminina
1810 4766 1963 4819 habet
1999 4768 2049 4818 B
2217 4769 2366 4833 siqua
2406 4767 2507 4817 alia
2554 4768 2605 4817 B

199 4823 258 4875 35
287 4830 548 4902 Vergilius]
587 4837 718 4889 Aen.
761 4838 852 4889 llll
893 4838 996 4891 130
1131 4837 1202 4889 38
1236 4846 1290 4889 nt
1319 4838 1534 4889 Calaber
1567 4837 1773 4889 Calabri
1808 4838 2059 4889 Cantaber
2094 4837 2333 4889 Cantabri
2366 4838 2655 4889 Bacchius.
2686 4846 2743 4890 ut
