3434 5442
1369 323 1789 390 PRAEFATIO
2766 337 2844 387 Χῖ

267 513 420 578 sinis
465 512 794 598 excerptis
836 512 930 577 ita
981 509 1423 592 consentiunt,
1476 518 1550 575 ut
1592 511 1879 576 dubitari
1922 518 2201 596 nequeat
2243 512 2399 597 quin
2443 510 2549 575 vel
2595 532 2679 574 ex
2720 510 2845 576 hoc

264 616 402 700 ipso
457 615 626 680 libro
671 615 776 678 vel
830 636 914 678 ex
968 635 1232 700 prorsus
1278 611 1476 678 simili
1517 614 1970 699 Bongarsiana
2010 613 2125 677 illa
2166 613 2373 698 petita
2416 613 2573 677 sint:
2642 611 2729 678 cf.
2776 636 2843 700 p.

267 727 362 791 17,
407 725 470 786 4.
519 727 577 797 7,
625 725 663 785 5
708 739 848 804 sqq.
920 714 1214 780 Putschii
1258 716 1574 780 rationem
1615 717 1879 780 retinuit
1921 714 2293 780 Fridericus
2336 714 2843 797 Lindemannus,

266 819 372 904 qui
415 829 768 906 utrumque
811 817 1050 884 librum
1091 817 1176 882 ad
1221 817 1416 882 fidem
1457 817 1698 883 codicis
1731 816 2255 882 Vindobonensis
2299 839 2341 882 a
2382 838 2452 882 se
2494 815 2733 882 conlati
2774 817 2844 883 in

263 922 468 1008 primo
523 920 854 986 volumine
907 921 1476 1006 grammaticorum
1530 920 1912 986 Latinorum
1966 918 2192 984 edidit.
2276 919 2470 985 huius
2516 927 2843 1006 excerpta,

266 1045 428 1110 quae
471 1043 624 1088 cum
675 1021 941 1109 reliquis
995 1021 1426 1088 Lindemanni
1484 1021 1740 1087 schedis
1794 1021 1878 1086 ad
1921 1042 2026 1086 me
2070 1019 2290 1087 adlata
2334 1021 2545 1104 erant,
2590 1023 2733 1108 ipse
2772 1023 2842 1087 in

267 1123 534 1192 edendis
576 1123 680 1189 his
725 1125 910 1190 libris
957 1133 1219 1190 secutus
1251 1148 1414 1190 sum.
1459 1145 1611 1189 nam
1654 1124 1873 1209 ipsum
1914 1124 2200 1190 codicem
2244 1146 2373 1188 non
2416 1121 2577 1188 vidi.
2623 1145 2845 1210 quam-

264 1248 456 1312 quam
511 1233 736 1290 autem
788 1226 982 1292 facile
1034 1228 1316 1292 concedo
1373 1226 1894 1292 Lindemannum
1944 1228 2159 1290 minus
2217 1225 2593 1312 diligenter,
2650 1249 2845 1312 quam

265 1329 404 1393 fieri
469 1329 786 1409 debebat,
853 1329 1241 1414 scripturam
1294 1350 1493 1394 manu
1547 1329 1775 1414 scripti
1832 1327 2073 1394 codicis
2136 1327 2560 1410 indicavisse,
2625 1338 2843 1393 tamen

266 1452 428 1516 quae
483 1431 568 1498 ab
621 1429 736 1494 illo
793 1431 1035 1496 omissa
1093 1441 1246 1496 sunt
1303 1451 1434 1494 non
1487 1438 1620 1496 tam
1673 1428 1907 1515 gravia
1960 1451 2102 1494 esse
2156 1429 2547 1494 videbantur
2598 1429 2671 1494 in
2718 1428 2845 1494 hoc

267 1533 645 1618 praesertim
699 1531 1015 1598 librorum
1077 1553 1346 1618 genere,
1417 1540 1492 1597 ut
1556 1532 1768 1598 denuo
1833 1530 2124 1598 codicem
2180 1531 2642 1596 excutiendum
2701 1553 2845 1596 esse

267 1633 726 1700 existimarem.
814 1633 934 1699 sed
985 1634 1503 1700 Lindemannum
1555 1635 1625 1700 in
1681 1634 1963 1699 editione
2017 1633 2341 1697 interdum
2397 1635 2531 1698 suis
2586 1632 2844 1699 schedis

265 1735 712 1822 neglegentius
757 1758 949 1800 usum
991 1758 1133 1800 esse
1175 1737 1417 1802 inveni.
1505 1759 1633 1822 quo
1677 1736 1927 1800 factum
1969 1743 2073 1800 est
2126 1743 2199 1800 ut
2240 1757 2369 1800 non
2412 1735 2593 1800 nulla
2636 1734 2841 1816 aliter,

268 1847 458 1924 atque
501 1837 586 1904 ab
627 1837 742 1904 illo
784 1837 1034 1904 factum
1079 1847 1246 1920 erat,
1293 1861 1332 1902 a
1373 1861 1477 1904 me
1520 1838 1982 1904 indicarent-ur.
2042 1847 2379 1923 praeterea
2421 1859 2503 1902 ex
2546 1836 2845 1901 Parisino

271 1939 494 2006 codiee
536 1960 750 2025 pauca
793 1941 1134 2028 adscripsi.
1219 1962 1373 2005 nam
1417 1963 1585 2028 quae
1629 1963 1704 2006 eo
1748 1941 2159 2006 continentur
2200 1961 2329 2004 non
2374 1939 2581 2005 solum
2626 1937 2843 2022 negle-

267 2043 641 2126 gentissime
669 2043 756 2108 ab
797 2044 1057 2108 homine
1099 2044 1378 2130 inperito
1423 2065 1510 2108 ex
1537 2043 1739 2108 Probi
1782 2041 1947 2107 libro
1993 2051 2303 2128 excerpta
2346 2051 2413 2106 et
2453 2042 2523 2106 in
2564 2061 2845 2126 conpen-

267 2144 444 2208 dium
487 2143 773 2228 redacta‚
820 2145 936 2210 sed
965 2145 1162 2210 etiam
1189 2155 1324 2212 tam
1353 2145 1585 2210 vitiose
1630 2146 1875 2230 scripta
1918 2155 2097 2224 sunt,
2142 2152 2217 2209 ut
2248 2145 2551 2228 exiguam
2584 2143 2842 2207 omnino

265 2246 614 2314 utilitatem
657 2248 1034 2334 praebeant.
1101 2247 1381 2335 denique
1424 2270 1507 2314 ex
1553 2247 1744 2314 editis
1790 2244 2299 2332 exemplaribus,
2345 2265 2618 2332 quorum
2664 2242 2846 2309 nulla

267 2359 362 2414 est
407 2351 762 2416 auctoritas
807 2348 891 2416 ad
923 2350 1327 2438 scripturam·
1357 2349 1907 2431 constituendam,
1954 2371 2031 2414 ea
2073 2369 2241 2434 quae
2285 2347 2486 2433 digna
2526 2369 2673 2414 esse
2714 2367 2845 2412 me

261 2452 469 2516 moria
510 2451 906 2517 videbantur
948 2452 1249 2539 adposita
1290 2461 1460 2518 sunt.

431 2553 592 2618 Post
633 2554 957 2620 catholiea
997 2553 1198 2620 Probi
1238 2554 1430 2640 posui
1471 2553 1860 2618 instituta
1916 2553 2205 2618 artium
2249 2553 2356 2618 vel
2398 2562 2603 2617 artem
2645 2553 2845 2618 mino-

261 2676 427 2735 rem,
473 2664 552 2720 ut
595 2665 788 2720 antea
831 2654 1191 2721 dicebatur.
1281 2676 1473 2744 quem
1525 2655 1765 2720 librum
1810 2654 2105 2740 Angelus
2148 2654 2363 2721 Maius
2418 2653 2608 2720 class.
2669 2662 2842 2720 auct.

261 2755 390 2821 vol.
424 2756 488 2820 V
531 2780 598 2842 p.
633 2765 754 2828 153
787 2779 928 2844 sqq.
973 2777 1144 2822 anno
1189 2765 1350 2829 1833
1396 2779 1482 2822 ex
1523 2757 1746 2822 codice
1784 2757 2103 2824 Vaticano
2148 2777 2277 2822 non
2320 2756 2543 2822 addito
2586 2757 2847 2823 nomine

261 2859 550 2924 auctoris
617 2859 866 2942 primus
933 2858 1156 2924 edidit.
1247 2859 1328 2925 de
1390 2860 1611 2925 codice
1681 2868 1930 2940 autem,
1997 2881 2189 2947 quem
2256 2859 2608 2945 expressit,
2682 2858 2847 2926 haec

260 2963 528 3047 scripsit
580 2962 650 3025 in
707 2959 1111 3046 praefatione
1165 2984 1228 3048 p.
1285 2961 1612 3044 XXXIV,
1670 2970 1690 2997 ‘
1706 2982 2099 3049 quamquam
2160 2961 2347 3026 multi
2410 2961 2479 3026 in
2542 2963 2849 3026 vaticana

259 3061 662 3129 bibliotheca
705 3071 858 3127 sunt
899 3062 1092 3128 valde
1132 3065 1330 3149 prisci
1371 3066 1942 3150 grammaticorum
1983 3062 2333 3130 latinorum
2376 3061 2661 3144 codices,
2705 3064 2847 3128 nul-

261 3165 360 3229 lus
405 3175 628 3231 tamen
673 3164 758 3229 ad
799 3165 984 3228 illum
1013 3165 1295 3248 accedit,
1341 3187 1426 3230 ex
1455 3187 1582 3253 quo
1615 3161 2007 3253 anonymum
2034 3166 2531 3251 grammaticum
2574 3168 2845 3252 sumpsi-

261 3288 436 3331 mus:
488 3274 592 3331 est
636 3267 810 3330 enim
851 3264 1116 3332 ultimae
1158 3289 1426 3353 prorsus
1471 3269 1877 3356 antiquitatis
1924 3265 2287 3351 κειμήλιον,
2332 3265 2563 3332 litteris
2608 3268 2847 3353 partim

261 3368 601 3455 quadratis
647 3369 964 3455 scriptum
1005 3370 1079 3432 in'
1115 3369 1496 3435 membrana
1545 3371 1844 3456 pertenui
1888 3393 1965 3436 ac
2007 3369 2364 3454 laevigata,
2421 3391 2569 3434 cum
2612 3369 2843 3455 priscis

263 3471 832 3538 emendationibus
857 3517 874 3550 ,
921 3493 1088 3556 quae
1131 3471 1370 3556 partim
1411 3473 1478 3536 in
1523 3474 1652 3538 oris
1699 3472 1968 3554 codicis,
2013 3474 2350 3559 partimin
2392 3493 2660 3558 corpore
2702 3472 2845 3558 ipso

261 3573 456 3656 fiunt3
517 3593 650 3638 non
703 3573 1027 3638 mediocre
1084 3594 1243 3636 sane
1296 3572 1598 3638 volumen
1651 3577 1718 3639 in
1790 3585 1882 3656 4.,
1939 3575 2117 3640 foliis
2160 3583 2463 3640 constans
2522 3581 2675 3655 289,
2730 3595 2849 3638 seu

257 3676 522 3761 paginis
577 3682 724 3745 577.
775 3711 845 3722 --
895 3675 1108 3740 codex
1163 3676 1334 3738 enim
1389 3675 1472 3740 ad
1527 3686 1784 3742 sextum
1842 3677 2272 3760 septimumve
2326 3675 2569 3741 Christi
2626 3698 2846 3741 saecu-

259 3777 388 3840 lum
455 3776 693 3840 referri
757 3775 1000 3842 debet.’
1087 3775 1260 3842 hunc
1324 3776 1614 3842 codicem
1677 3779 1883 3863 igitur
1934 3778 2029 3842 ita
2084 3778 2408 3864 expressit
2469 3778 2707 3860 editor,
2772 3789 2849 3844 ut

258 3901 504 3964 pauca,
552 3900 722 3964 quae
761 3879 831 3942 in
873 3877 1096 3943 codice
1138 3887 1446 3965 corrupta
1489 3887 1733 3961 essent,
1779 3880 2159 3963 corrigeret,
2203 3877 2393 3964 plura
2434 3880 2849 3965 neglegentia

259 3979 743 4046 transcribendi
786 3990 1248 4067 corrumperet.
1335 4001 1485 4045 nam
1541 3982 2009 4046 accuratiorem
2066 3980 2352 4046 eiusdem
2397 3980 2639 4046 codicis
2682 3983 2847 4046 noti-

260 4084 414 4148 tiam
467 4081 638 4146 mihi
691 4083 994 4168 praebuit
1049 4081 1496 4168 apographum
1547 4084 1618 4147 in
1678 4082 1935 4149 schedis
1993 4082 2423 4148 Lindemanni
2484 4083 2845 4147 inventum.

261 4185 324 4248 in
361 4207 498 4272 quo
541 4185 846 4270 quamvis
890 4185 1051 4249 nihil
1105 4184 1465 4249 indicatum
1519 4187 1606 4250 sit
1657 4185 1740 4250 de
1794 4185 1962 4251 libro
2024 4207 2220 4250 manu
2265 4185 2533 4271 scripto,
2588 4206 2673 4248 ex
2716 4207 2844 4270 quo

265 4287 506 4353 factum
551 4295 656 4351 est
699 4287 1176 4373 apographum,
1223 4295 1440 4352 tamen
1483 4309 1612 4351 non
1657 4287 1887 4353 dubito
1934 4288 2090 4374 quin
2134 4308 2217 4352 ex
2260 4280 2587 4352 Vaticano’
2623 4285 2847 4352 codice

267 4387 658 4476 descriptum
725 4389 832 4452 sit.
919 4409 1068 4453 nam
1133 4409 1264 4452 non
1327 4389 1536 4454 solum
1601 4391 1922 4475 scriptura
1987 4411 2133 4454 eum
2201 4389 2494 4453 Romana
2564 4386 2849 4453 editione

269 4492 584 4557 consentit
603 4537 621 4570 ‚
669 4490 788 4555 sed
831 4491 1026 4555 etiam
1056 4512 1362 4555 numerus
1405 4491 1793 4577 paginarum
1807 4538 1826 4572 ,
1870 4493 2134 4578 quaein
2163 4491 2455 4576 margine
2487 4489 2847 4577 apographi

271 4591 586 4659 indicatae
629 4601 818 4674 sunt,
864 4590 1037 4656 idem
1082 4604 1213 4672 est,
1259 4614 1453 4679 quem
1495 4594 1563 4658 in
1608 4593 1835 4658 codice
1880 4615 2021 4658 esse
2064 4593 2279 4659 Maius
2324 4592 2499 4658 dicit.
2590 4600 2692 4657 est
2733 4614 2847 4656 au·

275 4706 386 4757 tem
440 4695 530 4760 ab
588 4693 761 4760 Italo
818 4694 1106 4774 homine,
1164 4695 1380 4781 siquid
1435 4717 1520 4760 ex
1574 4696 1787 4761 forma
1841 4696 2201 4761 litterarum
2244 4693 2629 4761 concludere
2671 4694 2845 4774 licet,

279 4796 414 4860 satis
459 4805 770 4862 accurate
789 4843 808 4878 ,
853 4807 930 4862 ut
972 4797 1258 4878 videtur,
1308 4819 1392 4864 ex
1435 4806 1656 4864 vetere
1699 4797 1919 4864 codice
1964 4797 2379 4885 descriptum.
2465 4818 2616 4862 nam
2660 4805 2724 4861 et
2766 4820 2847 4863 ea
