3434 5442
897 360 1315 423 EXPLANAT.
1359 361 1438 422 IN
1484 359 1841 422 DONATVM
1883 356 2023 420 LIB.
2070 357 2093 418 1
2640 359 2763 422 507

2351 477 2395 516 p.
2422 463 2513 505 51⁴.
2542 463 2591 504 15
2618 461 2663 504 L.

203 549 462 612 clamabo
518 547 748 611 videbo.
837 555 976 610 sunt
1027 555 1218 611 autem
1275 546 1468 628 aliqua
1526 546 1698 608 verba
1756 547 2118 626 usurpativa,
2177 547 2250 605 de
2306 541 2518 624 quibus
2562 549 2762 624 postea

203 653 569 714 disseremus.

361 755 640 834 Sequitur
705 753 778 814 de
844 771 1062 832 genere
1131 751 1469 812 verborum.
1558 749 1810 811 diximus
1897 748 2051 829 qnod
2117 749 2313 808 omnia
2368 746 2574 818 verba,
2644 748 2765 807 sive

202 857 376 916 activa
421 857 541 915 sint
583 856 704 915 sive
747 856 974 934 passiva
1018 857 1138 915 sive
1183 851 1472 914 neutralia
1517 854 1636 914 sive
1682 853 2013 912 eommunia
2060 852 2181 910 sive
2212 849 2585 928 deponentia,
2619 850 2764 910 duas

204 957 654 1036 significationes
695 956 940 1028 habent,
989 957 1232 1016 activam
1280 963 1338 1016 et
1379 955 1685 1034 passivam.
1778 971 1913 1014 nam
1961 960 2017 1014 et
2058 954 2109 1012 si
2154 959 2426 1012 neutrum
2472 954 2574 1023 sit,
2622 953 2781 1012 acti-.
2816 969 2840 1006 5

201 1077 322 1121 vam
366 1057 547 1120 habet
587 1059 1069 1137 significationem
1117 1067 1216 1120 aut
1258 1058 1577 1138 passivam;
1624 1063 1682 1116 et
1724 1057 1775 1116 si
1819 1073 2131 1117 commune
2161 1056 2253 1124 sit,
2300 1057 2501 1134 utique
2547 1062 2763 1115 utram·

202 1179 308 1240 que
354 1161 842 1240 significationem
887 1159 1096 1229 habet;
1157 1167 1216 1220 et
1271 1162 1320 1220 si
1363 1158 1668 1239 deponens
1711 1158 1814 1225 sit,
1873 1159 2159 1236 passivam
2208 1155 2386 1217 habet
2428 1155 2765 1218 declinatio-

203 1280 362 1334 nem,
411 1262 514 1324 sed
559 1264 780 1322 activae
825 1263 1266 1341 significationis
1311 1269 1431 1331 est,
1477 1269 1544 1322 ut
1591 1259 1804 1340 loquor
1848 1261 2165 1321 convicier.
2242 1276 2377 1318 nam
2426 1258 2568 1320 nihil
2614 1257 2764 1318 diffi-

202 1363 360 1425 cilius
425 1381 600 1444 quam
667 1361 1007 1425 discernere
1073 1381 1386 1425 commune
1448 1361 1692 1424 verbum
1758 1381 1789 1423 a
1850 1361 2187 1442 deponenti.
2276 1359 2545 1442 plerique
2607 1361 2763 1422 enim

201 1458 362 1526 κατὰ
421 1455 835 1548 ἅντίφρασιν
888 1473 1096 1546 putant
1150 1465 1370 1527 dictum
1431 1483 1560 1526 esse
1617 1464 1920 1544 deponens
1963 1463 2037 1524 ab
2083 1482 2184 1533 eo,
2230 1461 2385 1544 quod
2433 1481 2465 1523 r
2508 1461 2760 1523 litteram
2792 1475 2841 1515 1⁰

201 1586 316 1628 non
360 1567 648 1648 deponat;
693 1566 800 1628 sed
843 1567 1054 1630 falsum
1100 1577 1208 1630 est.
1271 1585 1406 1628 nam
1452 1574 1512 1628 et
1540 1569 1873 1629 communia
1918 1586 1949 1628 r
1994 1565 2247 1628 litteram
2281 1583 2401 1627 non
2433 1564 2763 1644 deponunt;

203 1687 338 1748 ergo
385 1679 443 1730 et
489 1671 614 1749 ipsa
659 1669 1012 1750 deponentia
1058 1670 1174 1732 dici
1219 1669 1564 1730 debuerant.
1642 1687 1785 1748 ergo
1828 1670 1909 1731 ita
1955 1667 2338 1730 discernitur:
2384 1666 2485 1728 ubi
2526 1667 2763 1727 invene-

200 1774 276 1832 ris
318 1772 605 1851 passivam
652 1770 1102 1834 declinationem
1149 1781 1208 1834 et
1251 1773 1493 1832 activam
1539 1777 1766 1832 tantum
1825 1771 2344 1850 significationem,
2392 1787 2635 1830 necesse
2679 1777 2768 1829 est

201 1873 498 1952 deponens
549 1873 796 1934 verbum
851 1875 954 1946 sit,
1013 1883 1078 1936 ut
1135 1881 1224 1936 est
1275 1873 1486 1953 loquor
1539 1872 1771 1943 luctor;
1828 1874 2100 1954 quotiens
2160 1880 2353 1934 autem
2409 1872 2635 1952 passiva
2681 1879 2769 1932 est

201 1973 530 2046 declinatio,
596 1975 944 2054 significatio
1001 1985 1194 2039 autem
1241 1983 1300 2038 et
1342 1977 1525 2036 activa
1571 1983 1630 2036 et
1671 1977 1929 2056 passiva,
1977 1993 2288 2036 commune
2333 1973 2576 2034 verbum
2622 1973 2840 2034 diei-1⁵

201 2085 315 2145 tur,
363 2083 427 2136 ut
471 2078 754 2138 criminor
797 2077 1048 2140 osculor.
1137 2078 1371 2160 quando
1419 2077 1549 2138 dico
1595 2075 1814 2147 luctor,
1863 2077 2175 2139 declinatio
2220 2075 2341 2138 sola
2390 2077 2616 2156 pass1va
2660 2082 2765 2146 est,

202 2186 460 2240 ceterum
507 2179 852 2258 significatio
897 2182 1115 2242 activa:
1162 2196 1272 2257 ego
1319 2181 1476 2240 enim
1520 2179 1732 2252 luctor.
1822 2178 2057 2259 quando
2112 2179 2244 2240 dico
2300 2177 2562 2250 osculor,
2608 2177 2769 2239 vides

202 2279 354 2359 quod
399 2288 460 2341 et
503 2280 738 2362 quando
781 2299 892 2361 ago
937 2290 996 2343 et
1039 2281 1272 2362 quando
1329 2282 1522 2362 patior
1567 2280 1801 2343 osculor
1845 2281 1995 2343 dico.
2084 2281 2217 2342 ideo
2262 2299 2403 2361 ergo
2449 2279 2545 2342 illa
2590 2280 2769 2343 verba

198 2381 548 2461 deponentia
604 2383 908 2454 dicuntur,
967 2382 1125 2464 quod
1185 2402 1257 2444 ex
1313 2385 1550 2462 gemina
1607 2383 2032 2464 significatione
2086 2401 2264 2444 unam
2324 2382 2652 2463 deponunt,
2710 2382 2765 2442 id

201 2492 284 2545 est
325 2486 634 2564 passivam.
724 2487 880 2546 cauti
937 2503 1079 2564 ergo
1135 2505 1262 2548 esse
1315 2485 1600 2546 debemus
1655 2487 1728 2547 ad
1785 2488 1942 2566 ipsas
1984 2486 2465 2565 significationeS,
2512 2493 2579 2547 ut
2618 2486 2767 2546 scia·
2793 2496 2845 2537 ²⁰

201 2605 356 2656 muS‚
403 2587 640 2667 quando
685 2603 1002 2649 commune
1045 2588 1150 2660 sit,
1198 2588 1431 2668 quando
1477 2588 1799 2667 deponens.
1859 2589 1975 2650 iam
2006 2589 2217 2668 incipit
2244 2588 2471 2658 dicere,
2518 2589 2767 2649 activum

201 2695 282 2748 est
323 2687 482 2768 quod
531 2708 566 2749 o
609 2687 803 2751 littera
848 2690 1201 2751 terminatur
1245 2698 1306 2751 et
1359 2697 1598 2772 accepta
1644 2708 1675 2749 r
1717 2688 1911 2751 littera
1968 2689 2109 2751 facit
2164 2709 2236 2750 ex
2280 2709 2343 2752 se
2386 2691 2707 2769 passivum,
2756 2687 2767 2768 Ι

199 2797 259 2851 ιιι
300 2790 432 2870 lego
478 2789 664 2870 legor.
725 2792 866 2853 item
911 2793 1207 2872 passivum
1253 2799 1342 2854 est
1383 2791 1538 2873 quod
1585 2811 1616 2852 r
1659 2791 1851 2852 littera
1900 2793 2249 2853 terminatur
2294 2800 2352 2853 et
2396 2811 2463 2852 ea
2508 2791 2767 2853 detracta

199 2892 328 2952 facit
383 2911 457 2953 ex
513 2911 580 2952 se
643 2895 928 2965 activum,
987 2901 1054 2955 ut
1107 2894 1322 2956 caedor
1377 2893 1578 2956 caedo.
1669 2911 1803 2954 nam
1851 2912 2043 2973 neque
2087 2895 2335 2954 activum
2384 2911 2513 2956 esse
2558 2899 2766 2972 potest,

197 2995 304 3054 nisi
347 2993 557 3055 lecerit
611 3014 684 3055 ex
737 3013 802 3056 se
857 2997 1180 3074 passivum,
1237 3013 1428 3077 neque
1483 2996 1806 3074 passivum,
1866 2996 1979 3056 nisi
2021 2996 2231 3056 fecerit
2274 3015 2345 3056 ex
2388 3013 2453 3055 se
2496 2995 2767 3055 activum.
2795 3009 2846 3048 25

199 3113 326 3158 nam
371 3099 422 3157 si
469 3115 506 3156 o
547 3095 746 3158 littera
797 3099 1157 3160 terminetur
1211 3105 1271 3160 et
1327 3099 1620 3178 passivum
1673 3116 1793 3158 non
1840 3117 1911 3158 ex
1954 3116 2019 3158 se
2065 3097 2300 3167 fecerit,
2348 3094 2615 3157 neutrale
2662 3103 2767 3165 est,

197 3205 258 3258 ut
301 3216 511 3260 curro:
571 3216 690 3259 non
749 3200 909 3260 enim
965 3199 1212 3261 dicimus
1269 3218 1499 3261 curror.
1568 3200 1652 3259 sic
1711 3200 1867 3259 enim
1926 3198 2154 3260 videtur
2211 3216 2339 3259 esse
2384 3217 2560 3258 curro
2606 3199 2769 3277 quasi

196 3297 340 3379 lego.
431 3299 536 3361 sed
593 3299 737 3361 illud
793 3300 934 3362 facit
987 3301 1310 3380 passivum,
1368 3310 1431 3361 ut
1482 3300 1678 3379 legor:
1739 3301 1853 3361 hoc
1897 3309 2135 3379 accepta
2182 3319 2213 3360 r
2258 3298 2449 3360 littera
2494 3299 2766 3360 Latinum

199 3419 308 3462 non
354 3409 472 3472 est,
521 3419 751 3463 curror.
838 3404 980 3464 item
1026 3402 1260 3484 qnando
1305 3401 1483 3464 habet
1537 3421 1568 3461 r
1613 3401 1899 3474 litteram,
1958 3405 2008 3465 si
2064 3421 2131 3464 ea
2189 3402 2453 3481 deposita
2496 3402 2767 3464 Latinum

196 3503 394 3574 suerit,
453 3504 746 3583 passivum
805 3512 920 3576 est,
979 3513 1045 3566 ut
1102 3503 1326 3566 clamor
1383 3504 1605 3574 clamo;
1661 3506 1712 3564 si
1770 3513 1963 3566 autem
2010 3506 2255 3567 eandem
2304 3504 2605 3585 deponere
2648 3521 2766 3564 non
2794 3517 2844 3560 ³0

199 3607 479 3684 potuerit,
526 3613 628 3666 aut
669 3623 982 3668 commune
1027 3609 1141 3668 erit
1182 3616 1285 3668 aut
1328 3606 1665 3687 deponens,
1713 3617 1779 3668 ut
1822 3608 2105 3668 criminor
2149 3606 2376 3688 loquor.

355 3707 604 3768 Numeri
661 3707 855 3768 verbis
906 3709 1062 3770 idem
1121 3709 1423 3780 accidunt,
1484 3712 1584 3790 qui
1638 3721 1698 3772 et
1742 3709 2102 3781 nominibus,
2150 3709 2464 3788 singularis
2508 3715 2572 3770 ut
2615 3706 2766 3786 lego,

198 3807 434 3888 pluralis
477 3816 545 3870 ut
588 3808 836 3889 legimus
885 3809 1138 3891 [addunt
1181 3811 1416 3891 quidam
1463 3829 1871 3884 communem,
1918 3821 1985 3873 ut
2029 3811 2277 3892 legere]
2340 3811 2563 3889 figurae
2608 3811 2769 3871 simi-

197 3909 322 3970 liter
377 3911 657 3973 accidunt
711 3910 887 3984 duae,
947 3911 1227 3992 simplex,
1285 3921 1350 3974 ut
1402 3912 1562 3992 lego,
1621 3915 1953 3993 conposita,
2014 3921 2077 3975 ut
2120 3913 2388 3993 neglego.
2478 3931 2769 3992 personae
2846 3974 2875 3990 x

199 4021 312 4073 tres
354 4021 512 4084 sunt,
559 4015 750 4094 prima
796 4032 945 4094 quae
991 4012 1148 4086 dicit,
1197 4014 1348 4095 lego,
1395 4015 1652 4077 secunda
1697 4019 1794 4078 cui
1838 4017 2079 4088 dicitur,
2127 4015 2298 4096 legis,
2347 4016 2515 4076 tertia
2546 4015 2620 4075 de
2651 4031 2765 4095 qua
2791 4029 2841 4070 35

198 4113 432 4186 dicitur,
478 4113 640 4195 legit.

357 4216 652 4297 Tempora
695 4219 806 4279 tria
855 4226 1021 4288 sunt,
1066 4235 1348 4298 praesens
1391 4221 1774 4299 praeteritum
1832 4228 1891 4281 et
1932 4220 2213 4280 futurum.
2303 4219 2407 4280 sed
2463 4219 2767 4298 praeteriti

196 4321 418 4398 species
483 4326 623 4381 sunt
688 4327 844 4390 treS,
912 4320 1240 4399 inperfecta
1304 4321 1566 4401 perfecta
1631 4320 2223 4402 plusquamperfecta.
2312 4339 2595 4399 praesens
2660 4329 2764 4391 est,

196 4439 322 4482 eum
367 4423 581 4502 agitur.
656 4421 1026 4483 advertamus
1071 4421 1244 4482 haec:
1303 4423 1362 4482 in
1409 4422 1568 4485 nulla
1613 4425 1769 4484 enim
1819 4443 1883 4484 re
1926 4425 2012 4483 sic
2057 4423 2121 4482 fit
2164 4423 2546 4485 soloecismus
2591 4423 2765 4484 etiam

197 4539 228 4580 a
279 4522 483 4585 doctis
572 4541 855 4604 praesens
911 4531 1028 4594 est,
1091 4523 1232 4585 dum
1287 4525 1508 4603 agitur:
1584 4534 1846 4586 ceterum
1912 4527 1963 4585 si
2018 4543 2138 4585 non
2196 4532 2434 4604 agatur,
2500 4543 2620 4598 non
2678 4532 2768 4585 est

331 4726 354 4776 1
395 4727 580 4778 uidebo
617 4735 734 4776 sunt
760 4728 849 4779 FS
883 4727 1067 4778 uidebo
1093 4730 1244 4778 tertia
1281 4730 1330 4778 in
1361 4745 1442 4779 am
1477 4739 1533 4780 ut
1571 4729 1684 4796 lego
1726 4729 1893 4794 legam
1924 4737 2041 4778 sunt
2078 4729 2127 4777 L
2300 4731 2364 4781 12
2400 4731 2677 4780 debuerant
2716 4731 2765 4780 L

197 4795 444 4845 debebunt
483 4795 532 4844 fi·
557 4796 742 4848 debent
778 4799 821 4850 S
955 4797 1024 4848 20
1047 4807 1101 4847 ut
1131 4800 1354 4849 sciamus
1390 4825 1456 4838 -·
1491 4802 1658 4851 dicere
1689 4814 1782 4854 om.
1822 4801 1887 4860 L,
1915 4799 2037 4852 add.
2070 4800 2185 4850 FS:
2220 4809 2274 4850 ut
2311 4803 2532 4850 sciamus
2561 4801 2763 4864 quando

197 4880 455 4916 commune
489 4867 554 4918 sit
591 4867 791 4931 quando
829 4867 1090 4934 deponens
1122 4869 1294 4922 adde
1431 4867 1500 4921 33
1538 4871 1729 4921 addunt
1762 4897 1827 4908 —
1862 4871 2033 4938 legere
2066 4885 2159 4922 om.
2197 4871 2289 4921 FS
2423 4885 2681 4920 commone
2716 4870 2764 4918 L
