3434 5442
663 321 789 384 352
1095 323 1193 385 DE
1239 323 1761 386 PSEVDOPROBI
1818 323 2261 386 LATERCVLO
2300 325 2821 391 ALPHABETICO

665 515 814 570 sauri
837 513 1250 571 Meermanniani
1269 513 1542 570 volumine
1571 516 1769 587 primo,
1798 532 1923 572 cum
1944 533 2081 572 usus
2104 517 2175 572 sit
2198 515 2527 574 editionibus
2548 520 2789 591 antiquis
2814 519 3002 574 tribus
3026 518 3263 576 Romana

667 599 868 655 Veneta
896 600 1226 656 Accursiana
1269 599 1533 673 librisque
1563 601 1787 674 scriptis
1816 600 2029 656 duobus
2059 599 2233 657 altero
2262 601 2539 658 Laurentii
2569 602 2883 674 Pignoriae,
2916 612 3121 677 postea
3148 605 3261 659 Ale-

664 685 850 740 xandri
880 684 1014 740 Estii
1045 686 1258 758 patricii
1287 684 1546 746 Patavini,
1577 684 1752 740 altero
1783 702 1961 758 eoque
1999 693 2062 741 ut
2091 686 2169 742 ait
2196 686 2571 744 vetustissimo.
2593 687 2819 745 Antonii
2848 688 3143 762 Seripandi
3170 689 3261 745 ali·

667 770 901 843 quando,
934 776 1126 842 postea
1155 768 1223 825 ab
1255 771 1374 842 ipso
1406 768 1623 825 Ernstio
1655 769 1881 843 Neapoli
1910 772 2107 844 empti,
2140 772 2223 826 his
2256 761 2583 828 molimentis
2613 772 2773 844 plane
2802 772 3095 846 indignum
3130 791 3259 847 opus

665 853 848 910 effecit
869 861 924 910 et
949 854 1023 910 ita
1046 856 1174 926 egit,
1199 862 1262 910 ut
1281 853 1440 909 fidem
1464 853 1698 910 hominis
1722 871 1791 910 ne
1808 871 2047 916 accuses,
2072 872 2313 910 summae
2336 856 2600 912 stultitiae
2622 873 2745 912 eum
2766 873 3005 930 arguere
3030 860 3259 930 cogaris.

665 939 794 994 Nam
825 947 888 994 ut
916 941 1124 994 mittam
1154 938 1540 1011 Pignorianum
1570 938 1797 1002 librum,
1822 941 1929 996 .cui
1958 942 2076 1013 ipse
2105 939 2359 996 Ernstius
2389 958 2499 997 non
2530 941 2763 998 multum
2792 942 3022 1004 tribuit,
3068 943 3261 999 descri-

664 1031 818 1096 ptum
850 1023 1072 1080 omnino
1103 1040 1168 1080 ex
1188 1024 1535 1081 Marcanovae
1563 1023 1811 1098 exemplo
1844 1024 2009 1080 hodie
2038 1025 2345 1088 Mutinensi,
2378 1026 2525 1099 quod
2554 1035 2771 1083 constat
2799 1027 2947 1102 apud
2978 1027 3259 1082 Pinellium

665 1108 864 1165 vidisse
893 1116 950 1164 et
979 1111 1286 1166 excussisse
1314 1108 1622 1182 Pignoriam
1641 1151 1654 1172 ,
1686 1110 2089 1165 vetustissimus
2132 1108 2223 1166 ille
2257 1111 2303 1165 si
2333 1111 2437 1166 diis
2468 1109 2647 1186 placet
2676 1111 3109 1185 Seripandianus
3138 1130 3259 1168 sane

667 1211 778 1249 non
833 1194 938 1249 l'uit
985 1194 1252 1268 particula
1299 1211 1428 1250 casu
1479 1193 1665 1267 aliquo
1698 1194 1881 1248 soluta
1930 1210 1993 1250 ex
2024 1195 2361 1266 grammatici
2413 1198 2719 1268 argumenti
2770 1197 2967 1253 codice
3022 1213 3257 1252 summae

665 1280 952 1335 vetustatis
985 1278 1112 1334 olim
1127 1278 1395 1340 Bobiensi,
1420 1287 1612 1352 postea
1625 1277 1997 1351 Neapolitano,
2021 1279 2181 1335 hodie
2198 1279 2599 1336 Vindobonensi
2622 1279 2697 1352 (n.
2720 1282 2784 1335 16
2806 1277 3009 1356 Euat),
3042 1282 3098 1336 id
3121 1282 3255 1356 quod

670 1363 932 1437 suspicati
977 1370 1107 1420 sunt
1133 1363 1534 1420 Eichenfeldius
1577 1371 1634 1420 et
1672 1362 2027 1420 Endlicherus
2072 1360 2229 1438 (anal.
2262 1381 2487 1435 gramm.
2519 1383 2573 1438 p.
2606 1363 2767 1436 XVI),
2810 1366 2905 1422 sed
2950 1369 3003 1422 si
3050 1368 3257 1439 quidem

669 1448 866 1509 extitit,
900 1448 1139 1522 scriptus
1171 1452 1244 1504 sit
1271 1464 1497 1504 necesse
1529 1457 1614 1504 est
1643 1457 1773 1520 post
1802 1449 2149 1504 Ferrarinum
2180 1448 2397 1506 saeculo
2429 1449 2517 1504 XV
2540 1450 2627 1505 vel
2660 1449 2785 1505 XVl.
2844 1450 2983 1506 Nam
3014 1459 3257 1506 notarum

668 1533 1020 1596 laterculum,
1065 1549 1226 1607 quem
1267 1533 1392 1590 inde
1421 1532 1502 1588 vel
1533 1535 1760 1609 maxime
1800 1533 2045 1589 exhibuit
2073 1533 2351 1596 Ernstius,
2396 1537 2451 1589 in
2480 1551 2689 1590 summa
2735 1551 2797 1590 re
2836 1552 2949 1592 non
2990 1535 3255 1592 diversum

669 1634 790 1673 esse
834 1636 863 1674 a
893 1618 1274 1674 Ferrariniano
1316 1618 1652 1691 comparatio
1683 1618 1935 1674 instituta
1976 1618 2189 1682 docuit;
2230 1618 2461 1692 exempli
2501 1637 2663 1676 causa
2702 1627 2890 1676 notam
2920 1620 3257 1676 DOMICius

675 1701 916 1758 COnSul
941 1702 1171 1758 LVDos
1199 1701 1437 1758 SACros
1458 1703 1818 1758 Faciundum
1852 1703 2107 1770 Curavit,
2140 1720 2307 1776 quam
2334 1703 2573 1760 adfuisse
2604 1706 2659 1760 in
2689 1723 2791 1761 suo
2822 1713 3051 1761 vetusto
3082 1705 3255 1762 codice

669 1787 920 1844 Ernstius
951 1796 1186 1844 testatur
1207 1788 1409 1843 diserte
1436 1781 1508 1860 (p.
1525 1784 1662 1862 127),
1693 1789 1923 1861 petitam
1946 1803 2063 1844 eam
2084 1803 2147 1843 ex
2166 1787 2455 1844 Domitiani
2483 1789 2770 1845 notissimo
2796 1807 3027 1846 nummo
3054 1790 3255 1853 iisdem-

673 1889 780 1946 que
819 1871 998 1929 verbis
1039 1872 1263 1928 relatam
1297 1881 1402 1928 tam
1435 1873 1574 1946 apud
1607 1871 1903 1929 Iucundum
1948 1889 2109 1946 quam
2138 1874 2281 1947 apud
2310 1873 2672 1930 Ferrarinium
2703 1873 2772 1946 (v.
2804 1893 2860 1948 p.
2892 1879 3004 1930 349
3032 1877 3115 1948 n.)
3142 1877 3256 1948 quis

669 1957 860 2014 credet
887 1958 945 2014 in
975 1957 1240 2014 eiusmodi
1271 1957 1507 2014 tabulam
1537 1959 1706 2030 recipi
1736 1959 1985 2031 potuisse
2016 1967 2140 2013 ante
2170 1957 2447 2014 saeculum
2476 1957 2739 2014 decimum
2770 1961 3069 2032 quintum?
3112 1961 3259 2014 Deni-

672 2059 778 2117 que
807 2043 863 2098 in
894 2043 1094 2118 quihus
1126 2042 1354 2100 discedit
1385 2059 1413 2098 a
1443 2043 1734 2098 Ferrarino
1778 2043 1945 2098 codex
1974 2041 2291 2098 Ernstianus
2309 2085 2323 2104 ,
2366 2050 2428 2098 ut
2458 2043 2604 2116 quod
2644 2041 2973 2100 laterculum
3006 2045 3063 2100 in
3092 2045 3255 2118 capita

670 2127 857 2183 dividit
885 2145 998 2185 nou
1027 2128 1195 2183 editio
1228 2128 1344 2184 sola
1375 2126 1677 2188 Ernstiana,
1709 2127 1805 2184 sed
1834 2130 1958 2200 ipse
1981 2126 2073 2182 ille
2104 2127 2169 2184 de
2200 2145 2309 2200 quo
2340 2131 2553 2200 agimus
2582 2127 2721 2184 liber
2748 2130 3014 2202 scriptus,
3048 2145 3175 2186 sane
3200 2147 3257 2184 ea

670 2229 798 2287 prae
823 2229 882 2268 se
903 2214 1087 2269 serunt
1109 2229 1218 2268 non
1249 2229 1406 2269 verae
1434 2213 1779 2285 antiquitatis
1807 2209 2044 2267 indolem
2069 2212 2376 2285 genuinam,
2406 2213 2503 2266 sed
2525 2213 2931 2270 recentissimae
2966 2212 3259 2287 interpola·

671 2299 837 2353 tionis
859 2315 971 2355 non
998 2297 1158 2354 dubia
1181 2297 1397 2354 indicia.
1421 2327 1494 2336 —
1522 2296 1718 2353 Totum
1744 2303 1924 2352 autem
1943 2296 2179 2353 Probum
2204 2313 2365 2370 quem
2386 2297 2574 2353 dicunt
2594 2296 3001 2371 alphabeticum
3034 2299 3257 2354 abicien-

669 2383 798 2438 dum
819 2399 937 2440 esse
955 2399 1058 2456 ego
1084 2384 1450 2440 demonstravi
1483 2383 1537 2437 in
1560 2383 1951 2438 commentario
1984 2381 2119 2438 actis
2144 2383 2422 2438 societatis
2438 2381 2733 2440 saxonicae
2758 2379 2983 2459 (a.1853
3006 2402 3065 2458 p.
3080 2386 3141 2436 91
3162 2387 3257 2456 sq.)

667 2468 894 2524 inserto.
953 2468 1068 2523 Hoc
1097 2475 1276 2525 autem
1309 2468 1432 2525 loco
1463 2483 1789 2540 quamquam
1818 2474 2148 2541 personatus
2179 2466 2269 2522 ille
2297 2465 2511 2522 Probus
2540 2471 2723 2540 potuit
2752 2468 3085 2542 simpliciter
3111 2485 3258 2542 prae·

670 2553 899 2608 termitti
930 2551 1128 2625 (neque
1159 2553 1302 2608 enim
1330 2555 1436 2609 iam
1467 2541 1759 2608 verendum
1781 2559 1881 2614 est,
1914 2567 1982 2606 ne
2012 2568 2123 2607 non
2154 2559 2411 2623 spernant
2440 2552 2693 2625 deinceps
2724 2561 3103 2610 commentum
3132 2553 3257 2608 illud

671 2637 768 2692 viri
799 2636 995 2708 docti),
1042 2644 1218 2692 tamen
1247 2638 1423 2710 magis
1451 2630 1628 2693 'visum
1657 2645 1746 2693 est
1774 2653 1887 2692 rem
1918 2636 2093 2692 denuo
2126 2644 2455 2697 retractare,
2497 2637 2730 2710 primum
2764 2637 2891 2710 quia
2922 2638 3141 2693 erroris
3168 2653 3259 2711 per

669 2729 932 2795 quattuor
976 2721 1192 2779 saecula
1229 2724 1517 2797 propagati
1557 2723 1751 2778 notitia
1780 2721 1964 2794 aliqua
2004 2721 2179 2778 adhuc
2218 2738 2329 2777 non
2360 2729 2509 2777 recte
2536 2721 2841 2784 carebitur.
2886 2723 3089 2778 deinde
3118 2723 3255 2795 quod

667 2815 919 2862 notarum
953 2806 1032 2862 illi
1063 2805 1311 2864 laterculi
1344 2807 1543 2864 saeculi
1586 2806 1777 2862 decimi
1810 2807 1983 2880 quinti
2022 2807 2127 2862 etsi
2169 2823 2271 2879 per
2298 2822 2357 2862 se
2398 2805 2617 2862 inutiles
2656 2815 2814 2868 sunt,
2862 2814 3051 2863 tamen
3082 2807 3151 2864 ab
3178 2809 3255 2866 iis.

668 2894 762 2964 qui
793 2893 846 2946 iu
875 2892 994 2948 eius
1026 2891 1226 2948 saeculi
1255 2892 1678 2966 inscriptionum
1711 2891 1953 2965 syllogas
1998 2890 2320 2948 ordinandas
2362 2891 2675 2964 inquirunt,
2716 2892 2785 2948 ad
2816 2900 3075 2966 tempora
3118 2900 3255 2948 recte

667 2976 1049 3033 constituenda
1097 2979 1374 3052 crisinque
1415 2994 1600 3034 earum
1643 2976 1993 3033 exercendam
2036 2993 2146 3032 non
2178 2978 2295 3032 sine
2326 2977 2509 3032 fructu
2550 2975 2735 3050 aliquo
2778 2973 3255 3033 adhibebuntur.*

672 3091 744 3104 —
780 3053 1255 3119 Gothosredianam
1287 3071 1468 3118 autem
1521 3060 1811 3118 ‘notarum
1842 3068 1899 3116 et
1924 3059 2235 3117 litterarum
2268 3061 2623 3135 singularium
2659 3091 2733 3101 —
2790 3069 2899 3117 tam
2930 3061 2991 3117 in
3023 3063 3255 3135 antiquis

667 3145 1117 3220 inscriptionibus
1149 3165 1310 3221 quam
1345 3150 1400 3203 in
1431 3149 1666 3203 nummis
1697 3143 2159 3220 explanationem'
2204 3142 2276 3221 (p.
2313 3145 2685 3217 1527—1546)
2728 3163 2921 3203 recens
2964 3148 3255 3204 concinna·

667 3239 774 3288 tam
809 3247 931 3287 esse
962 3233 1084 3288 ideo
1115 3248 1344 3294 moneo,
1392 3232 1538 3306 quod
1569 3232 1664 3305 qui
1694 3233 1794 3288 hac
1824 3238 2001 3287 aetate
2030 3240 2283 3287 notarum
2314 3231 2591 3288 laterculis
2622 3250 2651 3287 a
2681 3232 2959 3304 plerisque
2990 3231 3255 3306 neglectis

669 3332 800 3389 prae
828 3317 1030 3373 ceteris
1061 3334 1246 3375 curam
1277 3317 1540 3391 impendit
1571 3316 1917 3373 Goesclienus
1950 3316 2133 3373 nescio
2177 3333 2287 3390 quo
2320 3333 2504 3372 errore
2548 3316 2621 3392 (in
2652 3317 2823 3390 praef.
2854 3315 2922 3372 ad
2950 3317 3146 3374 Gaium
3176 3317 3253 3372 ed.

671 3405 805 3454 1842
837 3419 892 3474 p.
926 3401 1190 3472 xxxxvl)
1219 3403 1459 3476 antiquis
1489 3418 1608 3459 eam
1639 3403 2025 3459 adnumeravit.

803 3564 834 3598 *
874 3567 1060 3616 Eorum
1099 3583 1269 3629 causa,
1307 3571 1464 3632 siqui
1505 3567 1633 3618 forte
1667 3577 1839 3628 erunt,
1878 3571 1963 3630 qui
1996 3571 2049 3618 in
2074 3567 2209 3618 hanc
2244 3567 2308 3617 de
2344 3575 2573 3617 notarum
2608 3567 2863 3618 laterculis
2898 3569 3251 3632 quaestionem

667 3636 834 3686 denuo
872 3637 1142 3701 inquirent,
1183 3639 1386 3687 codices
1423 3639 1616 3702 aliquot
1653 3638 1966 3703 designabO,
2006 3653 2136 3702 quos
2173 3638 2241 3688 ad
2276 3654 2389 3688 eam
2426 3638 2595 3701 aliquo
2628 3639 2778 3688 modo
2816 3641 3079 3703 pertinere
3108 3639 3251 3689 amici

665 3705 732 3754 ud
769 3721 850 3754 me
886 3707 1209 3769 rettulerunt,
1259 3709 1426 3758 adhuc
1466 3723 1566 3757 non
1601 3710 1947 3757 examinatos:
2009 3708 2201 3757 Romae
2240 3710 2352 3760 Vnt.
2395 3705 2551 3758 2713.
2619 3707 2795 3758 Urbin.
2834 3709 2956 3761 452.
3020 3707 3250 3760 Ottobou.

655 3775 769 3844 ,874
803 3776 946 3839 (vide
983 3791 1136 3842 supra
1170 3793 1221 3842 p.
1263 3778 1411 3841 270).
1451 3777 1603 3830 3091.
1643 3779 1850 3827 Parisiis
1884 3779 2010 3844 Reg.
2046 3778 2181 3828 6117
2220 3779 2387 3843 (5985
2412 3777 2612 3842 Jesus).
2654 3777 2867 3843 Neapoli
2904 3778 3018 3828 Lat.
3061 3795 3109 3829 n.
3138 3779 3250 3828 291.

667 3845 933 3896 Accedunt
968 3848 1171 3896 codices
1209 3847 1472 3897 isidoriani
1522 3859 1756 3898 notarum
1794 3848 2038 3899 laterculo
2076 3849 2244 3909 aucti,
2296 3857 2351 3896 ut
2397 3859 2514 3897 sunt
2550 3849 2711 3896 Vatic.
2750 3847 2873 3900 623.
2930 3849 3051 3900 Vnt.
3090 3849 3248 3898 Ottob.

663 3915 786 3979 477,
825 3916 890 3966 de
924 3917 1110 3979 quibus
1147 3933 1304 3982 supra
1343 3919 1567 3968 diximus
1606 3933 1658 3982 p.
1698 3916 1822 3969 303.
