3434 5442
1103 340 1336 402 COMM.
1379 340 1458 402 IN
1502 340 1859 403 DONATVM
1962 369 1971 380 ’
2656 347 2775 408 431

2338 461 2383 502 p.
2415 448 2526 490 1841.
2553 449 2603 488 42
2630 447 2677 490 P.

197 528 303 588 lini
349 536 460 588 est.
549 547 669 588 non
717 530 910 589 omnia
959 547 1107 609 quae
1153 535 1289 590 sunt
1333 527 1627 608 qualitatis
1672 536 1731 589 et
1775 530 2113 610 quantitatis
2156 529 2453 608 recipiunt
2494 544 2781 606 conpara-

197 631 452 702 tionem,
510 628 614 689 sed
673 632 869 690 omnia
926 648 1076 710 quae
1120 632 1418 710 recipiunt
1463 632 1941 710 conparationem
1988 629 2279 710 qualitatis
2322 638 2457 691 sunt
2502 639 2560 689 et
2603 649 2783 709 quan·-

197 733 414 802 utatis,
471 732 558 790 sic
612 740 677 792 ut
732 741 871 811 puta
926 749 1048 793 nou
1101 750 1310 793 omnes
1355 734 1456 809 qui
1500 732 1738 794 student
1781 751 1986 793 causas
2030 741 2236 810 agunt,
2282 733 2545 812 quisquis
2589 741 2781 792 autem

195 851 406 894 causas
449 835 571 911 agit
614 833 812 894 studet
853 836 981 895 sine
1027 833 1222 896 dubie.
1285 842 1444 894 recta
1491 836 1837 912 conparatio
1883 842 1971 894 est
2014 853 2163 914 quae
2206 834 2457 914 primam
2503 831 2781 913 syllabam

197 938 496 1013 integram
529 953 639 1013 per
669 952 876 996 omnes
914 938 1152 1011 qradus
1180 944 1400 1006 servat,
1434 944 1500 997 ut
1530 935 1737 997 doctus
1784 936 2013 997 doctior
2056 935 2445 997 doctissimus
2494 937 2544 996 si
2590 945 2781 996 autem
2812 953 2835 990 5

195 1039 494 1114 integram
525 1056 646 1098 non
677 1045 896 1108 servat,
943 1036 1272 1117 inaequalia
1304 1037 1484 1097 efficit
1527 1041 1797 1110 nomina,
1844 1057 1995 1118 quae
2039 1047 2175 1098 sunt
2219 1045 2445 1098 tantum
2492 1039 2633 1108 tria,
2679 1038 2784 1099 bo·

199 1157 314 1198 nus
357 1138 550 1200 malus
593 1156 859 1217 magnus,
923 1157 1054 1199 cum
1105 1146 1333 1199 constet
1379 1142 1819 1218 conparativum
1852 1140 2099 1217 gradum
2132 1141 2327 1200 minus
2370 1141 2700 1218 significare
2746 1161 2782 1192 ⁵

197 1241 500 1312 videatur,
547 1250 612 1302 ut
655 1240 874 1302 clarior
919 1240 1274 1311 clarissimo,
1323 1241 1553 1303 doctior
1599 1242 1956 1302 doctissimo.
2046 1248 2355 1322 praeterea
2397 1243 2523 1319 ipse
2568 1259 2788 1320 conpa-

195 1345 424 1404 rativus
477 1361 596 1404 non
657 1361 972 1422 numquam
1032 1345 1342 1422 positivum
1401 1345 1718 1422 significat,
1777 1362 1896 1404 non
1953 1362 2273 1424 numquam
2320 1361 2430 1404 nec
2473 1345 2785 1424 positivum

195 1445 511 1524 significat.
601 1444 835 1524 quando
894 1445 1142 1506 dicimus
1201 1444 1474 1506 ‘Charon
1529 1447 1730 1506 senior
1746 1451 1785 1517 ²,
1842 1444 2029 1506 modo‘
2074 1464 2195 1506 non
2239 1445 2528 1524 significat
2571 1447 2785 1516 senior,
2816 1463 2865 1502 ιο

196 1548 494 1624 significat
537 1555 735 1607 tamen
780 1565 980 1608 senex.
1069 1555 1128 1608 at
1188 1566 1322 1608 cum
1378 1545 1665 1610 Salustius
1709 1548 1853 1609 dicit
1908 1553 2141 1609 ‘mare
2187 1549 2581 1608 Ponticum
2626 1547 2789 1610 dul·
2858 1530 2863 1534 ’

199 1651 368 1710 cius
413 1667 620 1729 quam
669 1653 974 1719 cetera',
1022 1648 1198 1710 modo
1226 1651 1524 1710 invenitur
1555 1651 1965 1731 conparativus
1994 1668 2113 1710 non
2148 1647 2336 1710 solum
2376 1652 2793 1730 conparativus

201 1769 324 1810 non
373 1768 530 1820 esse,
579 1749 680 1810 sed
714 1745 741 1834 ΙΙ
772 1768 880 1810 1100
923 1753 1229 1831 positivus:
1305 1769 1442 1813 nam
1488 1769 1652 1813 mare
1699 1771 1819 1814 non
1866 1752 2041 1813 modo
2087 1751 2313 1813 dulcius
2356 1769 2475 1811 non
2521 1759 2638 1822 est,
2684 1753 2789 1812 sed

199 1871 315 1912 nec
363 1850 537 1912 dulce
582 1851 840 1932 quidem.
929 1853 1188 1915 Donatus
1245 1855 1388 1916 dicit
1441 1856 1702 1934 quinque
1758 1853 2033 1916 adverbia
2076 1855 2323 1933 positivo
2370 1861 2595 1914 tantum
2661 1873 2789 1914 esse

195 1953 534 2030 iungenda,
581 1962 700 2016 tam
749 1953 983 2035 [quam]
1033 1957 1218 2034 magis
1259 1958 1513 2018 maxime
1541 1958 1740 2017 minus
1771 1965 1829 2017 et
1856 1957 2127 2027 minime,
2176 1973 2241 2014 ea
2274 1953 2498 2016 scilicet
2542 1956 2788 2026 ratione,
2820 1974 2865 2013 15

199 2057 486 2135 quoniam
531 2057 646 2116 vim
691 2057 754 2116 in
801 2075 863 2117 se
909 2056 1132 2117 habent
1175 2054 1568 2136 conparandi,
1630 2066 1805 2138 atque
1848 2057 1983 2118 ideo
2028 2075 2152 2117 non
2197 2056 2425 2116 debent·
2458 2059 2788 2137 conparati-

198 2160 288 2217 vis
337 2156 621 2235 gradibus
665 2158 861 2235 iungi,
911 2176 984 2218 ne
1028 2159 1292 2220 videatur
1339 2162 1682 2239 conparatio
1728 2163 2041 2238 geminata.
2100 2160 2202 2239 qui
2246 2161 2401 2219 enim
2448 2159 2589 2219 dicit
2635 2165 2787 2219 ‘tam

199 2261 441 2320 (1001101-
460 2265 496 2329 ’,
553 2277 742 2338 paene
799 2259 912 2320 hoc
969 2259 1136 2330 dicit,
1195 2262 1458 2322 ‘doctior
1514 2261 1798 2334 doctior’,
1857 2262 2014 2342 quod
2059 2261 2343 2322 Latinitas
2388 2279 2505 2321 non
2549 2263 2788 2339 patitur.

199 2361 441 2421 Probus
499 2369 693 2422 autem
751 2361 893 2422 dicit
949 2364 1144 2423 omnia
1191 2362 1498 2433 adverbia,
1558 2383 1708 2444 quae
1754 2365 1869 2425 vim
1915 2365 2182 2443 augentis
2226 2371 2325 2423 aut
2368 2365 2685 2424 minuentis
2729 2364 2791 2423 in

198 2483 262 2524 se
320 2460 572 2532 habent,
619 2481 736 2524 non
783 2462 1003 2525 debere
1049 2465 1326 2543 coniungi
1371 2482 1482 2526 nec
1529 2468 1905 2544 conparativo
1964 2485 2073 2526 nec
2117 2464 2499 2543 superlativo,
2548 2476 2613 2525 ut
2656 2473 2868 2526 sunt2o

200 2566 344 2634 ista,
399 2562 560 2624 valde
605 2565 853 2626 multum
897 2565 1217 2644 plurimum
1263 2586 1372 2646 per
1417 2576 1476 2628 et
1517 2565 1749 2629 similia.
1836 2585 1973 2628 nam
2014 2569 2129 2628 ista
2175 2569 2369 2628 omnia
2412 2572 2637 2628 tantum
2684 2585 2790 2646 po-

199 2668 403 2728 sitivis
446 2665 730 2745 gradibus
773 2665 1058 2728 dehemus
1103 2669 1442 2748 adiungere.
1533 2670 1690 2750 quod
1736 2669 2155 2751 superlativum
2209 2669 2459 2746 gradum
2507 2669 2648 2729 dicit
2691 2686 2791 2746 ge—

203 2772 408 2830 netivo
455 2767 670 2849 plurali
714 2769 1020 2850 coniungi,
1080 2787 1200 2832 non
1245 2771 1392 2832 adeo
1436 2791 1640 2833 verum
1685 2779 1793 2833 est.
1883 2791 2017 2833 nam
2061 2773 2390 2832 invenimus
2436 2790 2567 2832 eum
2616 2773 2790 2832 etiam

199 2870 498 2950 singulari
541 2872 809 2949 genetivo
865 2889 1040 2951 posse
1096 2874 1403 2952 coniungi,
1462 2881 1604 2934 tunc
1648 2873 1888 2953 quando
1929 2875 2167 2934 nomina
2212 2882 2350 2934 sunt
2393 2875 2793 2934 enuntiatione

199 2971 564 3053 singularia,
610 2971 910 3035 intellectu
954 2972 1230 3052 pluralia,
1281 2982 1344 3035 ut
1387 2983 1477 3035 est
1522 2981 1594 3035 ‘o
1625 2976 1946 3037 Danaum
1992 2975 2418 3036 fortissime
2464 2975 2759 3052 gentis'.
2817 2995 2867 3034 25

379 3075 554 3148 Quod
599 3076 739 3136 dicit
783 3078 1184 3138 enuntiatione
1214 3077 1634 3148 masculinum,
1680 3075 1983 3138 intellectu
2028 3094 2157 3136 esse
2201 3085 2475 3138 neutrum
2531 3074 2792 3155 pelaguS,

203 3196 420 3238 verum
468 3185 586 3247 est;
644 3175 849 3255 vulgus
890 3176 1100 3240 falsum
1145 3187 1259 3241 est:
1304 3185 1364 3240 et
1405 3181 1688 3241 feminino
1734 3187 1795 3240 et
1831 3187 2043 3239 neutro
2086 3195 2305 3256 genere
2345 3176 2595 3255 legimus
2640 3176 2793 3255 apud

207 3277 546 3358 Virgilium,
571 3281 856 3342 feminino
883 3283 987 3340 ‘in
1018 3280 1312 3360 vulgum
1343 3281 1807 3361 ambiguam',
1833 3289 2043 3342 neutro
2075 3279 2444 3358 ‘ignobile
2478 3278 2794 3355 vulgus'.

203 3381 496 3444 balneum
529 3385 766 3460 generis
795 3384 995 3443 neutri
1025 3390 1115 3443 est
1143 3386 1203 3444 in
1233 3403 1480 3446 numero
1511 3382 1823 3462 singulari:
1868 3387 1929 3443 in
1960 3400 2204 3443 numero
2232 3391 2427 3442 autem
2452 3385 2687 3458 plurali
2713 3381 2797 3440 fe-

203 3484 420 3545 minini
452 3484 690 3562 quidem
723 3484 1047 3546 secundum
1078 3503 1278 3556 usum,
1312 3494 1378 3547 ut
1419 3489 1747 3548 ‘occisus
1778 3485 2002 3546 estad
2035 3483 2343 3546 balneas
2374 3483 2793 3554 Pallicias';
2823 3505 2873 3545 ao

205 3597 412 3648 tamen
461 3596 522 3646 et
565 3586 912 3648 neutraliter
955 3586 1232 3666 legimuS‚
1292 3596 1356 3648 ut
1400 3587 1698 3649 ‘balnea
1747 3590 1962 3648 vitat'
2010 3589 2069 3648 in
2114 3587 2373 3650 Horatio.
2464 3585 2689 3647 caelum
2734 3587 2796 3645 in

212 3705 478 3750 numero
536 3687 819 3766 singulari
873 3692 1112 3766 generis
1173 3691 1370 3751 neutri
1425 3698 1539 3761 est,
1596 3692 1655 3750 in
1709 3708 1959 3751 numero
2025 3697 2217 3751 autem
2287 3688 2498 3770 plurali
2562 3690 2799 3765 generis

207 3789 567 3854 masculini:
629 3789 916 3852 habemus
971 3793 1130 3852 enim
1187 3793 1246 3852 in
1293 3792 1569 3853 Lucretio
1616 3793 1815 3871 ‘quis
1858 3793 2170 3853 totidem
2218 3793 2446 3852 vertit
2490 3788 2795 3851 caelos’.

204 3912 394 3972 caepe
441 3895 506 3954 in
552 3911 798 3954 numero
843 3891 1130 3971 singulari
1175 3895 1410 3971 generis
1439 3894 1635 3954 neutri
1665 3901 1781 3964 est,
1830 3901 1895 3953 ut
1939 3896 2391 3955 ‘tunicatum
2440 3911 2597 3954 cum
2644 3890 2799 3951 sale

206 3995 574 4056 mordens
630 4014 704 4056 ca
723 3995 900 4074 epe'.
992 4002 1051 4056 et
1105 3995 1220 4056 1100
1273 4012 1491 4055 nomen
1547 4003 1668 4055 tres
1724 3993 1881 4055 solos
1936 3994 2115 4056 habet
2171 4014 2367 4066 casuS,
2438 3995 2551 4055 1100
2618 4011 2877 4074 03011035

362 4215 388 4266 1
433 4211 559 4282 11011]
609 4231 722 4265 nam
759 4218 810 4266 P
947 4219 979 4266 4
1015 4216 1174 4268 studit
1207 4217 1259 4266 P
1289 4214 1481 4266 studuit
1507 4229 1542 4270 ς
1680 4215 1711 4264 5
1750 4216 1944 4280 gradus
1978 4232 2073 4268 om.
2103 4219 2186 4274 Ρς
2325 4216 2355 4265 7
2399 4219 2627 4267 lacunam
2660 4231 2803 4279 quam

203 4289 435 4338 indicavi
464 4287 539 4336 ita
567 4287 682 4349 fere
715 4287 952 4349 supplere
977 4288 1179 4349 possis,
1216 4301 1330 4334 cum
1373 4293 1571 4335 constet
1619 4286 2003 4350 cooperativum
2044 4287 2259 4352 gradum
2300 4287 2468 4335 minus
2510 4287 2803 4351 significare

207 4373 368 4423 quam
407 4356 808 4421 superlativum,
855 4365 932 4407 est
976 4369 1141 4405 13111011
1178 4355 1266 4404 ubi
1301 4355 1414 4422 plus
1452 4355 1744 4422 significare
1784 4356 2017 4405 videatur
2184 4355 2248 4406 10
2287 4355 2509 4422 Charon]
2548 4365 2698 4422 caput
2735 4357 2800 4419 P,

205 4445 300 4481 om.
344 4441 411 4484 ς.·
453 4427 524 4489 cf.
560 4427 750 4477 Donat.
788 4441 843 4489 p.
887 4427 1024 4477 1746
1056 4427 1277 4489 Pompei.
1314 4441 1368 4489 p.
1409 4424 1510 4476 134
1546 4425 1688 4480 Serv.
1728 4428 1777 4476 in
1806 4427 1963 4491 Verq.
1992 4426 2125 4476 Aen.
2149 4425 2221 4474 VI
2259 4423 2361 4476 304
2502 4426 2563 4476 11
2604 4426 2801 4476 dulcius

208 4509 288 4548 est
325 4511 488 4562 quam
514 4509 548 4553 ς
658 4496 720 4547 14
745 4496 968 4560 quinque
995 4504 1188 4546 tantum
1216 4496 1460 4545 aduerbia
1485 4497 1708 4561 positiuo
1730 4498 1914 4546 esseP
2015 4497 2079 4548 17
2114 4493 2379 4560 gradibus]
2417 4496 2619 4546 casibus
2656 4495 2706 4543 P

209 4569 276 4620 19
313 4563 542 4632 Probus]
586 4567 738 4620 instit.
779 4573 880 4616 art.
915 4581 974 4629 p.
1005 4564 1106 4615 260
1141 4567 1222 4617 ed.
1276 4565 1428 4616 Vina.
1571 4568 1636 4616 25
1674 4582 1703 4616 0
1736 4563 1986 4632 Danaum]
2030 4567 2186 4630 Ver-9.
2218 4564 2350 4618 Aen.
2388 4566 2407 4613 1
2444 4564 2513 4616 96
2650 4565 2719 4614 28
2751 4565 2803 4614 111

209 4635 454 4704 vulgum]
498 4639 652 4702 Very.
679 4637 811 4689 Aen.
848 4637 890 4685 ll
925 4637 994 4687 99
1087 4633 1334 4702 ignobile]
1376 4636 1536 4701 Verq.
1562 4637 1694 4687 Aen.
1734 4639 1753 4686 l
1784 4637 1883 4687 149
1988 4636 2058 4686 29
2092 4637 2145 4684 in
2182 4650 2389 4686 numero
2426 4644 2593 4685 autem
2617 4635 2804 4700 plurali

207 4725 300 4758 om.
341 4711 399 4759 P
537 4703 606 4758 30
637 4704 859 4771 occisus]
899 4707 1000 4757 cic.
1025 4721 1075 4768 p.
1109 4707 1263 4757 Rosc.
1296 4706 1410 4755 Am.
1440 4708 1490 4769 7,
1531 4707 1594 4757 18
1701 4717 1781 4756 est
1809 4723 1899 4758 om.
1940 4720 1974 4762 ς
2079 4706 2307 4770 pellicias
2344 4719 2378 4762 ς
2517 4705 2580 4756 31
2618 4706 2806 4755 nitatur

211 4781 258 4828 P
292 4781 532 4828 nitantur
562 4791 596 4833 ς
734 4777 786 4826 111
823 4775 1052 4842 Horatio]
1088 4779 1153 4828 de
1188 4785 1288 4828 art.
1319 4784 1451 4840 poet.
1493 4777 1598 4828 298
1739 4777 1805 4828 33
1845 4777 1896 4824 in
1926 4773 2179 4840 Lucretio]
2220 4776 2262 4824 ll
2294 4774 2425 4825 1097
2463 4775 2579 4839 quis
2614 4777 2805 4840 pariter

209 4851 385 4900 caelos
425 4848 592 4898 01111118
628 4857 921 4898 convertere
1057 4847 1126 4898 34
1161 4863 1286 4913 cepe
1320 4847 1597 4912 Picenique
1621 4847 1762 4910 infra
1900 4843 2196 4912 tunicatum]
2238 4847 2392 4899 Pers,
2416 4854 2514 4900 sat.
2545 4849 2599 4904 4,
2626 4844 2696 4896 30
