3434 5442
918 358 1317 420 ms'n'rvm
1351 356 1636 421 An‘nvn
1679 358 2017 419 755-766
2238 359 2246 367 ·
2646 338 2762 420 159

324 472 526 515 ,aas-ss
549 474 600 515 ιι.
2360 500 2372 515 .
2400 472 2577 514 εει-εει
2603 474 2659 515 ν.

207 486 418 605 (Ιιιιξιιιιιι
458 544 636 606 verba
678 543 902 606 habent
944 546 1297 623 oppositam,
1348 553 1416 605 ut
1449 551 1586 623 puta
1636 544 1853 605 rideris
1897 545 2199 605 confiteris
2240 486 2427 606 tueris
2470 553 2530 605 et
2566 542 2762 606 cetera

205 646 338 707 talia.

351 748 430 809 De
475 750 644 808 tertia
691 748 1110 824 coniugatione
1169 754 1464 825 correpta.
1553 748 1610 807 in
1658 746 2027 808 neutralibus
2072 750 2273 809 activis
2314 748 2661 810 inchoativis
2704 756 2765 810 et

206 850 621 929 frequentativis
668 848 880 917 verbis,
927 865 1080 926 quae
1119 848 1343 909 scilicet
1379 848 1694 909 indicativo
1740 851 1861 910 sive
1904 851 2341 927 pronuntiative)
2386 850 2563 912 modo
2614 858 2761 910 tem-

205 952 348 1027 poris
375 944 702 1028 praesentis
739 948 749 1034 Ι
787 953 909 1011 sive
941 952 1211 1011 instantis
1253 970 1324 1011 ex
1364 953 1552 1030 prima
1595 968 1849 1028 persona
1882 953 2114 1012 numeri
2144 950 2459 1029 singularis
2495 971 2532 1011 o
2566 950 2763 1013 littera
2814 978 2839 1016 5

203 1051 552 1122 deliniuntur,
597 1061 739 1114 tunc
765 1054 940 1113 tertia
977 1054 1316 1129 coniugatio
1348 1060 1622 1131 correpta
1654 1070 1786 1113 esse
1828 1054 2145 1130 reperitur,
2192 1053 2429 1133 quando
2460 1054 2524 1112 in
2552 1054 2762 1114 eodem

203 1171 358 1231 supra
401 1154 558 1214 dicto
603 1153 782 1214 modo
825 1171 1006 1232 supra
1053 1154 1212 1215 dicto
1257 1162 1524 1232 tempore
1585 1155 1641 1213 in
1685 1153 1945 1215 secunda
1988 1172 2244 1233 persona
2289 1156 2523 1215 numeri
2560 1156 2761 1231 singu-

203 1254 322 1315 laris
371 1265 506 1315 ante
573 1254 834 1316 ultimam
901 1264 1324 1317 consonantem
1380 1258 1400 1315 i
1455 1254 1706 1316 litteram
1768 1255 1943 1317 verba
1998 1255 2221 1317 babent
2270 1258 2646 1317 constitutam
2704 1264 2765 1317 et

203 1356 522 1433 imperativo
569 1358 748 1419 modo
791 1359 1082 1436 temporis
1118 1359 1448 1435 praesentis
1487 1359 1551 1418 in
1579 1357 1841 1419 secunda
1884 1375 2137 1437 persona
2180 1360 2415 1419 numeri
2446 1356 2762 1434 singularis

205 1476 232 1515 e
265 1456 446 1519 littera
488 1461 904 1529 terminantur,
955 1467 1022 1521 ut
1065 1466 1204 1538 puta
1251 1460 1444 1519 curris
1489 1477 1681 1527 curre,
1730 1458 1943 1519 scribis
1984 1459 2199 1529 scribe,
2252 1458 2495 1521 calescis
2536 1458 2762 1521 calesoe
2792 1482 2839 1522 w

161 1586 168 1597 -
207 1566 256 1618 et
293 1568 478 1621 cetera
538 1560 694 1621 talia.
785 1570 847 1621 at
895 1580 1038 1621 vero
1093 1562 1154 1620 in
1211 1561 1458 1639 passivis
1510 1560 1945 1638 deponentibus
2004 1570 2063 1622 et
2107 1561 2521 1622 communibus
2568 1560 2765 1621 verbis

205 1668 324 1721 tunc
359 1664 526 1724 tertia
573 1665 910 1741 coniugatio
951 1670 1230 1741 correpta
1277 1680 1406 1723 esse
1447 1666 1895 1741 pronuntiatur,
1940 1663 2175 1742 quando
2218 1664 2277 1722 in
2326 1662 2537 1725 eodem
2582 1679 2761 1742 supra

205 1762 338 1823 dicto
385 1765 562 1825 modo
609 1782 791 1843 supra
835 1764 993 1824 dicto
1043 1774 1312 1843 tempore
1362 1764 1422 1823 in
1467 1782 1648 1843 supra
1691 1765 1845 1825 dicta
1890 1782 2147 1843 persona
2204 1781 2397 1843 supra·
2430 1765 2567 1825 dicti
2598 1759 2627 1848 ΙΙ
2656 1780 2764 1823 nu-

205 1866 332 1925 meri
363 1873 498 1927 ante
541 1865 808 1928 ultimam
853 1865 1136 1946 syllabam
1180 1886 1214 1928 e
1255 1864 1511 1927 litteram
1555 1873 1891 1945 correptam
1930 1864 2108 1927 verba
2152 1865 2373 1927 habent
2410 1868 2762 1944 oppositam,

205 1974 258 2025 ut
293 1974 420 2044 puta
461 1967 748 2029 scriberis
789 1968 1172 2045 congrederis
1217 1967 1522 2029 ulcisceris
1567 1976 1626 2029 et
1665 1974 1861 2028 cetera
1900 1966 2053 2029 talia.
2794 1990 2841 2031 ιε

349 2070 430 2131 De
467 2072 644 2131 tertia
691 2071 1106 2145 coniugatione
1147 2070 1453 2148 producta.
1543 2072 1604 2129 in
1649 2067 2020 2130 neutralibus
2075 2070 2275 2130 activis
2312 2068 2663 2129 inchoativis
2707 2076 2767 2128 et

205 2169 620 2248 frequentativis
660 2171 886 2239 verbis,
933 2190 1084 2251 quae
1129 2170 1351 2231 scilicet
1390 2171 1702 2231 indicativo
1747 2171 1867 2231 sive
1904 2172 2343 2250 pronuntiative
2386 2170 2563 2231 modo
2617 2176 2764 2230 tem-

203 2274 345 2350 poris
383 2274 714 2352 praesentis
754 2274 876 2333 sive
917 2273 1188 2334 instantis
1233 2291 1306 2333 ex
1349 2276 1539 2353 prima
1574 2290 1830 2351 persona
1876 2274 2113 2333 numeri
2138 2272 2455 2351 singularis
2498 2292 2534 2332 o
2570 2272 2763 2333 littera

205 2372 570 2444 definiuntur,
621 2383 764 2435 tunc
807 2376 981 2435 tertia
1025 2376 1358 2452 coniugatio
1402 2375 1688 2452 producta
1736 2392 1865 2435 esse
1905 2376 2233 2454 reperitur,
2280 2375 2517 2454 quando
2560 2376 2621 2434 in
2666 2392 2767 2434 eo-

205 2474 318 2535 dem
359 2494 536 2555 supra
585 2475 742 2537 dicto
795 2477 974 2537 modo
1034 2494 1214 2556 supra
1255 2476 1412 2537 (licto
1469 2484 1743 2555 tempore
1798 2478 1857 2536 in
1914 2477 2175 2538 secunda
2226 2492 2479 2555 persona
2534 2476 2765 2536 numeri
2794 2498 2845 2538 ιο

205 2576 493 2655 singularis
547 2588 686 2639 ante
739 2577 1000 2639 ultimam
1053 2584 1474 2639 consonantem
1521 2579 1538 2638 i
1575 2578 1835 2639 litteram
1890 2577 2067 2641 verba
2112 2578 2334 2639 habent
2392 2579 2765 2639 constitutam

205 2686 254 2738 et
289 2681 630 2757 imperativo
673 2679 852 2741 modo
892 2682 1180 2758 temporis
1221 2682 1552 2759 praesentis
1593 2682 1654 2740 in
1697 2680 1957 2741 secunda
1998 2698 2251 2760 persona
2294 2682 2529 2743 numeri
2566 2682 2767 2756 singu·

205 2778 324 2840 laris
363 2784 385 2840 i
427 2781 624 2843 littera
660 2782 1084 2851 terminantur,
1133 2790 1197 2843 ut
1237 2790 1380 2861 puta
1422 2783 1587 2843 venis
1624 2785 1785 2853 veni,
1839 2784 2030 2843 nutris
2070 2784 2233 2843 nutri
2277 2791 2338 2843 et
2375 2792 2569 2844 cetera
2609 2780 2765 2841 talia.

207 2890 254 2941 at
289 2902 420 2944 vero
461 2885 524 2943 in
569 2884 814 2961 passivis
857 2883 1294 2963 deponentibus
1337 2891 1398 2944 et
1439 2883 1853 2945 communibus
1892 2883 2085 2945 verbis
2140 2889 2284 2943 tunc
2340 2886 2509 2945 tertia
2562 2882 2768 2943 coniu-

205 2985 342 3059 gatio
375 2986 662 3063 producta
695 2994 826 3045 esse
861 2988 1298 3064 pronuntiatur,
1347 2986 1584 3066 quando
1626 2988 1690 3046 in
1722 2986 1933 3047 eodem
1970 3002 2149 3063 supra
2178 2987 2333 3047 dicto
2368 2985 2547 3047 modo
2580 3002 2763 3064 supra
2792 3005 2843 3047 υ

207 3085 344 3146 dieto
399 3095 672 3167 tempore
723 3088 782 3147 in
839 3104 1018 3166 supra
1083 3087 1236 3147 dicta
1289 3104 1544 3165 persona
1593 3105 1773 3166 supra
1830 3087 1971 3148 dicti
2023 3089 2255 3147 numeri
2310 3094 2445 3149 ante
2504 3087 2767 3148 ultimam

207 3186 462 3266 syllabam
495 3191 520 3248 i
555 3187 817 3249 litteram
853 3187 1036 3249 verba
1065 3188 1288 3251 habent
1325 3192 1676 3269 oppositam,
1721 3198 1789 3251 ut
1820 3198 1961 3269 puta
2005 3190 2253 3251 nutriris
2290 3191 2520 3249 sortiris
2562 3190 2771 3268 potiris

207 3296 256 3348 et
285 3298 472 3353 cetera
507 3288 663 3352 talia.

355 3392 522 3453 Nunc
569 3394 746 3453 etiam
791 3392 908 3453 hoc
949 3410 1276 3462 monemuS,
1324 3394 1484 3472 quod
1523 3394 1751 3472 primae
1796 3392 2227 3472 coniugationis
2263 3391 2442 3453 verba
2484 3392 2640 3452 modi
2684 3393 2771 3451 in-

209 3490 416 3555 dicativi
468 3495 759 3573 temporis
808 3497 1140 3573 praesentis
1203 3498 1266 3555 in
1323 3498 1514 3573 prima
1570 3514 1826 3573 persona
1888 3496 2123 3556 numeri
2178 3494 2491 3571 singularis
2547 3503 2681 3554 ante
2732 3512 2769 3551 o
2796 3513 2849 3553 so

209 3594 450 3657 ultimum
497 3606 623 3658 tres
668 3596 774 3657 bas
811 3596 1046 3658 vocales
1089 3605 1316 3658 tantum
1363 3596 1586 3659 babere
1639 3599 2011 3676 reperiantur
2069 3598 2397 3675 oppositas,
2448 3614 2481 3657 e
2526 3598 2542 3656 i
2588 3612 2661 3665 u,
2708 3602 2775 3657 ut

209 3706 328 3773 puta
368 3716 500 3761 meo
545 3698 707 3759 lanio
750 3706 985 3768 aestum
1055 3700 1314 3760 secunda
1377 3716 1585 3767 unam,
1649 3700 1708 3761 id
1754 3706 1841 3761 est
1884 3718 1949 3769 e,
2018 3707 2082 3760 ιιι
2130 3706 2265 3777 puta
2314 3698 2533 3769 docem
2600 3699 2773 3759 tertia

210 3808 454 3878 correpta
501 3800 670 3869 duaS,
715 3801 737 3859 i
775 3818 834 3868 u,
882 3808 950 3860 ut
987 3808 1128 3878 puta
1175 3804 1344 3881 rapio
1384 3820 1523 3870 suo;
1579 3803 1752 3862 tertia
1794 3802 2083 3881 producta
2130 3801 2307 3870 duaS,
2352 3801 2373 3859 i
2418 3818 2479 3870 e,
2525 3806 2591 3861 ut
2632 3808 2773 3878 puta

211 3902 384 3961 nutrio
415 3922 588 3964 exeo.

355 4002 438 4065 De
479 4006 690 4083 figura.
777 4003 968 4081 figura
1011 4003 1204 4066 verbis
1251 4004 1466 4065 accidit
1513 4007 1600 4065 sic
1645 4005 1731 4064 uti
1774 4012 1833 4064 et
1876 4005 2089 4065 ceteris
2144 4002 2413 4081 partibus
2468 4002 2769 4072 orationis,
2800 4020 2851 4062 aa

213 4102 433 4181 simplex
481 4114 544 4167 et
579 4105 922 4183 composita.
1011 4104 1263 4184 simplex
1313 4106 1502 4185 figura
1557 4104 1876 4167 verborum
1932 4112 2051 4175 est,
2110 4112 2177 4165 ut
2216 4110 2359 4182 puta
2407 4102 2568 4182 lego,
2610 4120 2775 4165 com·

213 4207 378 4279 posita
417 4208 607 4287 figura
651 4207 875 4285 relego.
967 4224 1127 4268 nunc
1181 4210 1506 4287 composita
1555 4208 1743 4285 figura
1802 4206 2019 4287 quibus
2062 4206 2153 4267 vel
2194 4202 2387 4289 quot-1
2428 4206 2615 4266 modis
2656 4205 2774 4276 flat,

215 4305 264 4363 in
299 4310 528 4370 nomine
569 4311 684 4371 iam
729 4311 870 4371 satis
897 4311 1306 4371 tractavimus.

362 4410 444 4471 De
481 4414 698 4491 specie.
788 4414 1020 4489 species
1057 4411 1376 4473 verborum
1421 4417 1559 4471 sunt
1597 4419 1735 4480 tres,
1780 4410 2148 4489 imperfecta,
2194 4426 2346 4490 quae
2374 4406 2402 4495 ΙΙ
2436 4418 2525 4472 est
2568 4418 2627 4471 et
2666 4411 2776 4471 mi-

215 4524 312 4571 nus
349 4528 522 4589 quam
579 4514 840 4592 perfecta
897 4516 1020 4576 sive
1063 4513 1424 4584 inchoativa,
1479 4514 1770 4591 perfecta,
1826 4530 1980 4593 quae
2024 4519 2113 4573 est
2156 4520 2215 4573 et
2254 4511 2553 4583 absoluta,
2612 4512 2776 4592 plus·
2802 4526 2857 4571 ω

341 4755 404 4810 10
437 4758 648 4811 calescis
687 4762 883 4811 calesce
919 4762 965 4812 R
1001 4760 1204 4811 caliscis
1242 4761 1431 4811 calisce
1468 4761 1518 4811 B
1697 4761 1761 4813 15
1798 4760 2063 4809 ulcisceris
2098 4774 2191 4809 om.
2231 4758 2293 4815 R,
2332 4760 2453 4811 add.
2487 4758 2540 4810 B
2708 4762 2778 4812 27

219 4828 396 4877 sortiris
421 4830 466 4879 R
503 4831 690 4881 ordiris
729 4832 781 4881 B
918 4831 982 4883 31
1025 4832 1258 4881 ultimum
1303 4831 1356 4880 B
1387 4830 1616 4880 nltimam
1653 4830 1700 4881 Β
1844 4828 1911 4881 32
1950 4844 2101 4879 unam
2135 4846 2167 4880 r
2202 4843 2303 4879 uua
2340 4829 2441 4879 RB
