3434 5442
643 319 767 382 232
1794 318 2081 402 [raom]

644 504 724 565 sis
745 435 1464 586 ¹'22033141‘zli1l'Ji2sPlerminantur,
1512 507 1560 566 is
1605 513 1665 568 et
1705 504 1835 568 bus.
1924 510 1975 568 is
2016 503 2235 585 syllaba
2280 526 2517 587 semper
2560 509 2737 588 longa
2782 439 3061 571 83:⁵33
3088 439 3229 572 liaeo

643 607 940 668 interdum
983 625 1158 668 unam
1199 609 1218 668 i
1259 606 1511 668 litteram
1549 606 1749 678 habet,
1796 615 1863 670 ut
1900 606 1911 691 Ι

947 709 1004 768 it
1049 726 1301 769 comes
1347 715 1416 769 et
1460 708 1771 788 paribus
1821 711 2027 771 curis
2068 711 2393 789 vestigia
2433 712 2639 789 sigit;

644 808 941 869 interdum
989 808 1284 887 duplicem
1325 811 1653 873 secundum
1691 811 2009 890 singularis
2046 814 2301 890 genetivi
2348 819 2408 874 et
2450 814 2786 876 nominativi
2829 813 3079 892 pluralis
3118 815 3229 876 sor·

594 927 824 978 amam,
871 918 936 970 ut
978 911 1402 991 ‘correptis
1447 912 1698 974 subito
1742 914 2049 974 mediis'
2094 912 2219 995 [ut]
2266 921 2323 975 et

949 1029 1204 1073 saxum
1248 1015 1517 1090 ingens
1556 1014 1867 1076 volvunt
1910 1013 2044 1076 alii
2084 1017 2489 1092 radiisque
2530 1023 2891 1078 rotarum.

644 1111 743 1172 hic
779 1129 1014 1192 quoque
1058 1131 1247 1185 casus,
1293 1123 1360 1176 ut
1399 1117 1791 1178 nominativus
1834 1113 2097 1195 pluralis,
2142 1116 2559 1195 paenultimam
2600 1117 2841 1179 brevem
2883 1117 3045 1179 facit.
3130 1117 3232 1178 bus

645 1221 840 1274 autem
876 1214 1094 1293 syllaba
1137 1233 1372 1295 semper
1415 1217 1610 1278 brevis
1645 1224 1763 1278 est:
1804 1215 2163 1295 paenultima
2206 1236 2441 1297 quoque
2488 1220 2829 1298 corripitur.

819 1315 902 1376 De
959 1319 1272 1394 postremis
1328 1317 1566 1398 syllabis
1597 1314 1624 1401 ΙΙ
1651 1320 1991 1388 nominum,
2048 1321 2111 1378 in
2157 1327 2441 1399 quantum
2500 1320 2819 1390 voluimus,
2876 1320 3233 1399 disputatum

575 1435 625 1478 ιο
651 1424 756 1476 est.
847 1435 1008 1479 nunc
1051 1417 1125 1479 ad
1169 1421 1524 1498 pronomina
1562 1421 1886 1482 veniamus.

1717 1601 1787 1643 DE
1816 1601 2171 1644 PRONOMINE.

820 1723 1178 1784 Pronomina
1241 1726 1514 1802 quoniam
1581 1741 1702 1785 non
1763 1723 2013 1802 plurima
2074 1731 2213 1786 sunt
2264 1743 2459 1803 neque
2516 1724 2943 1804 multiplicibus
3004 1724 3239 1805 syllabis

649 1823 764 1885 late
808 1824 1086 1892 distenta,
1146 1825 1364 1885 idcirco
1422 1843 1538 1885 non
1596 1832 1827 1886 tantum
1887 1827 1961 1886 de
2020 1827 2338 1903 postremis
2400 1824 2641 1905 syllabis
2706 1844 2947 1896 eorum,
3010 1827 3117 1888 sed
3168 1828 3239 1890 de

651 1925 927 1986 omnibus
971 1924 1302 2003 disputabo.

572 2047 624 2088 15
819 2027 1180 2088 Pronomina
1223 2026 1554 2107 personalia
1599 2034 1739 2088 sunt
1787 2027 1965 2098 haec,
2024 2045 2133 2105 ego
2177 2033 2241 2089 tu
2286 2026 2401 2090 ille.
2492 2029 2725 2106 primae
2778 2047 3075 2108 personae
3132 2047 3243 2107 ego

648 2127 878 2190 duabus
911 2127 1188 2190 brevibus
1224 2135 1470 2198 constat,
1511 2135 1574 2190 ut
1615 2131 1737 2201 fen
1780 2147 1912 2207 ego
1957 2131 2157 2189 victa
2199 2131 2386 2190 situ’
2438 2138 2496 2191 et
2538 2131 2697 2192 ‘hic
2744 2149 2877 2210 ego
2925 2149 3247 2212 namque

647 2239 812 2291 tuas
855 2234 949 2291 s.’.
1037 2229 1352 2310 aliquando
1396 2238 1594 2292 tamen
1637 2230 1840 2291 ultima
1884 2229 2057 2308 longa
2102 2247 2231 2291 esse
2276 2237 2471 2308 potest
2511 2232 2839 2294 secundum
2886 2241 3167 2294 naturam
3208 2254 3247 2294 o

646 2330 872 2392 litterae
919 2330 1159 2401 vocalis,
1219 2351 1371 2413 quae
1420 2332 1766 2411 frequenter
1827 2333 1889 2392 in
1932 2331 2135 2393 ultimo
2192 2331 2428 2411 quidem
2486 2333 2738 2411 produci
2792 2351 2971 2412 quam
3024 2336 3253 2414 corripi

649 2439 859 2510 potest.
947 2435 1252 2510 genetivus
1305 2434 1482 2495 huius
1535 2434 1909 2512 pronominis
1960 2453 2030 2496 ex
2076 2432 2241 2494 brevi
2296 2441 2357 2496 et
2398 2433 2575 2512 longa
2628 2443 2885 2505 constat,
2944 2439 3251 2498 ‘securi

571 2533 898 2613 zopelagi
940 2542 1160 2613 atque
1217 2537 1408 2596 mei’.
1499 2535 1728 2596 dativus
1771 2535 2067 2596 interdum
2118 2553 2189 2596 ex
2246 2535 2477 2610 duabus
2519 2535 2800 2597 brevibus
2856 2546 3123 2608 constat,
3188 2547 3255 2599 ut

648 2638 800 2696 ‘est
851 2636 1028 2696 mihi
1075 2655 1389 2716 namque
1433 2637 1696 2707 domi’;
1768 2637 2065 2698 interdum
2122 2656 2191 2700 ex
2244 2636 2409 2699 brevi
2450 2643 2510 2698 et
2552 2635 2757 2715 longa,
2798 2647 2863 2698 ut
2908 2637 3068 2700 ‘dic
3112 2656 3255 2716 age

650 2754 964 2815 namque
1007 2739 1187 2800 mihi
1241 2737 1532 2800 fallax’.
1623 2739 1741 2800 hoc
1798 2745 1994 2800 autem
2046 2737 2401 2816 regulariter
2444 2739 2851 2816 accipiendum
2908 2747 3032 2808 est,
3086 2741 3253 2817 quod

651 2839 798 2902 haec
833 2843 1205 2918 pronomina,
1253 2841 1398 2901 mihi
1435 2840 1562 2918 tibi,
1609 2842 1955 2901 novissimas
2000 2839 2253 2920 syllabas
2310 2847 2369 2901 et
2410 2841 2739 2918 corripiunt
2780 2847 2839 2902 et
2880 2841 3255 2920 producunt.

651 2940 862 3019 longae
897 2950 1036 3003 sunt
1083 2945 1140 3004 iu
1173 2944 1268 3004 his
1298 2941 1598 3013 versibus,
1646 2942 1801 3003 ‘dic
1844 2958 1981 3018 age
2023 2959 2337 3021 namque
2380 2941 2593 3002 mihi'
2640 2950 2702 3003 et
2736 2941 2995 3004 ‘Aeole
3042 2961 3257 3004 nam·

573 3059 791 3121 esque
841 3044 1053 3114 tibi';
1129 3043 1342 3106 breves
1395 3046 1458 3106 in
1508 3044 1631 3120 hia,
1688 3043 1899 3105 ‘sunt
1954 3043 2131 3103 mihi
2185 3042 2299 3103 bis
2352 3048 2673 3122 septem'
2730 3051 2791 3104 et
2840 3043 3039 3104 ‘nam
3104 3044 3257 3107 tibi

651 3144 962 3224 Tymbrc
1023 3152 1301 3224 caput'.
1389 3147 1759 3207 accusativus
1818 3147 2115 3207 vocativus
2176 3143 2461 3207 ablativus
2524 3144 2763 3223 longam
2824 3144 3081 3216 habent,
3156 3165 3259 3208 me

649 3266 686 3306 o
743 3265 778 3308 a
833 3237 954 3316 me,
1023 3255 1090 3308 ut
1143 3244 1154 3330 Ι
1214 3248 1360 3308 ‘me
1424 3265 1534 3308 me
1599 3247 1857 3310 adsum
1918 3247 2039 3324 qui
2121 3245 2306 3306 feci'
2380 3253 2439 3306 et
2503 3249 2575 3306 ‘o
2642 3245 2871 3308 decus
2932 3246 3257 3310 Italiae'

651 3356 710 3409 et
766 3353 906 3410 ‘me
969 3348 1156 3410 duce
1226 3348 1698 3410 Dardanius’.
1792 3350 1931 3409 item
2003 3344 2249 3425 pluralis
2313 3347 2703 3408 nominativus
2766 3355 2826 3409 et
2878 3352 3263 3412 accusativus

649 3452 879 3529 primae
929 3456 988 3512 et
1022 3452 1318 3512 secundae
1363 3467 1658 3529 personae
1699 3448 1937 3529 syllabis
1974 3445 2163 3527 longis
2206 3454 2506 3517 constant,
2558 3465 2661 3508 vos
2704 3455 2762 3509 et
2800 3466 2929 3510 nos,
3020 3454 3259 3527 geneti-

573 3565 625 3608 ³o
653 3569 757 3612 vus
803 3553 866 3611 in
920 3551 1197 3614 omnibus
1249 3553 1520 3631 personis
1579 3569 1638 3610 m
1689 3549 1883 3609 littera
1938 3551 2286 3610 terminatus
2340 3548 2583 3610 brevem
2636 3549 2816 3612 habet
2868 3549 3179 3622 ultimam,
3239 3556 3260 3613 i

649 3650 840 3714 littera
883 3652 1080 3714 finitus
1119 3653 1377 3731 longam,
1419 3660 1486 3713 ut
1527 3649 1666 3712 ‘nil
1712 3651 1959 3710 nostri
2000 3651 2403 3712 miserere'
2450 3659 2511 3711 et

955 3762 1178 3833 atque
1223 3757 1502 3815 utinam
1548 3771 1631 3814 ex
1675 3750 1885 3812 vobis
1926 3767 2116 3812 unus
2160 3753 2547 3832 vestrique
2588 3751 2917 3814 fuissem.

651 3855 874 3917 dativus
913 3866 972 3918 et
1009 3855 1293 3918 ablativus
1338 3855 1568 3916 duabus
1623 3853 1817 3931 longis
1868 3859 2158 3915 constant.
2250 3855 2389 3916 item
2434 3854 2694 3916 secunda
2736 3872 2995 3933 persona
3058 3859 3261 3917 nomi-

649 3959 828 4018 nativi
873 3957 1188 4036 singularis
1231 3957 1470 4036 longam
1519 3956 1733 4025 habet,
1792 3963 1857 4016 ut
1912 3958 2023 4015 ‘tu
2078 3961 2425 4035 quoque’.
2509 3958 2815 4032 genetivus
2862 3975 2933 4017 ex
2978 3957 3161 4020 brevi
3206 3969 3265 4021 et

575 4071 626 4112 ³⁵
653 4059 827 4138 longa
881 4067 1124 4129 constat,
1170 4068 1237 4121 ut

793 4231 817 4280 l
858 4231 902 4279 is
931 4234 1096 4281 altero
1129 4232 1239 4282 loco
1275 4241 1366 4278 om.
1404 4228 1457 4277 B
1599 4226 1630 4278 3
1669 4224 1727 4292 it]
1778 4229 1937 4291 Ver-9.
1973 4225 2107 4276 Aen.
2147 4225 2213 4274 Vl
2260 4225 2356 4276 159
2522 4229 2555 4278 5
2592 4227 2862 4294 correptis]
2910 4229 3076 4294 Ver-9.
3118 4231 3265 4282 Aen.

646 4297 695 4348 X
727 4299 829 4350 407
969 4299 1004 4350 6
1041 4296 1246 4362 saxum]
1289 4300 1446 4362 Ver-9.
1477 4297 1609 4350 Aen.
1649 4297 1716 4347 Vl
1754 4296 1858 4347 616
1999 4294 2258 4356 radiisque
2292 4303 2515 4344 rotarum
2552 4313 2645 4346 om.
2684 4297 2735 4346 B
2846 4299 2905 4348 16
2946 4295 3035 4363 en]
3088 4301 3265 4365 Ver-9.

649 4371 778 4420 Aen.
822 4369 911 4417 Vll
947 4370 1051 4420 452
1189 4365 1295 4432 hic]
1345 4368 1505 4432 Vero.
1533 4367 1666 4420 Aen.
1709 4367 1775 4415 VI
1809 4367 1877 4416 72
2021 4363 2085 4414 18
2124 4365 2329 4427 quidem
2366 4373 2469 4416 tam
2508 4367 2719 4430 produci
2756 4381 2789 4424 ς
2937 4366 2999 4416 19
3036 4384 3269 4422 securus

649 4453 711 4495 5:
757 4439 912 4502 Vera.
949 4438 1079 4492 Aen.
1122 4438 1216 4487 Vll
1249 4437 1354 4490 304
1561 4437 1623 4486 21
1665 4434 1763 4501 est]
1808 4437 1967 4498 Ver-9.
2003 4435 2165 4485 bucol.
2199 4433 2250 4498 3,
2288 4432 2356 4486 33
2532 4435 2638 4501 dic]
2680 4437 2840 4501 Vero.
2872 4437 3004 4487 Aen.
3042 4439 3116 4487 Vl
3159 4441 3268 4490 343

786 4509 854 4557 24
895 4505 1073 4573 Aeole]
1121 4508 1280 4573 Ver-q.
1321 4508 1452 4558 Aen.
1495 4505 1510 4552 l
1547 4504 1616 4555 65
1792 4505 1859 4554 25
1894 4502 2035 4569 sunt]
2081 4505 2239 4568 Vera.
2280 4504 2412 4558 Aen.
2455 4506 2474 4553 l
2512 4507 2574 4556 ι71
2720 4505 2862 4571 nam]
2908 4507 3075 4570 Ver-9.
3118 4510 3265 4560 Aen.

650 4575 694 4624 X
725 4575 830 4627 394
972 4576 1040 4628 26
1077 4578 1354 4628 accusatib.
1397 4574 1615 4626 uocatib.
1657 4573 1815 4636 (corr.
1856 4571 2094 4638 ablatib.)
2132 4571 2333 4638 longam
2371 4573 2422 4624 B
2559 4577 2624 4626 27
2662 4591 2741 4626 me
2780 4573 2880 4639 me]
2930 4577 3099 4641 Ver-9.
3122 4581 3263 4632 Aen.

649 4645 784 4693 Vllll
819 4647 920 4695 427
1097 4662 1125 4697 ο
1164 4644 1341 4710 decus]
1390 4648 1550 4709 Verq-
1589 4645 1720 4694 Aeu.
1758 4642 1962 4692 X1508
2155 4641 2225 4694 28
2262 4653 2317 4692 ut
2356 4660 2435 4694 me
2473 4645 2551 4695 B.-
2593 4647 2749 4713 Very.
2781 4647 2910 4695 Aen.
2950 4643 3001 4694 X
3038 4646 3117 4697 92

647 4714 714 4766 31
754 4714 879 4764 nihil
919 4716 998 4774 B,-
1039 4716 1198 4781 Verq.
1221 4717 1381 4770 bucol.
1423 4716 1526 4778 2,7
1669 4712 1739 4764 32
1778 4712 2037 4774 uestrique
2072 4726 2108 4768 ς
2144 4715 2406 4776 nostrique
2440 4716 2493 4765 B
2612 4715 2681 4765 :34
2716 4725 2771 4766 tu
2809 4712 3039 4780 quoque]
3092 4718 3267 4782 Ver-9.

651 4784 784 4838 Aen.
827 4784 920 4834 Vll
954 4785 979 4835 1
2362 4797 2369 4804 ·
