<?xml version="1.0" encoding="UTF-8"?>
<!DOCTYPE html PUBLIC "-//W3C//DTD XHTML 1.0 Transitional//EN"
    "http://www.w3.org/TR/xhtml1/DTD/xhtml1-transitional.dtd">
<html xmlns="http://www.w3.org/1999/xhtml" xml:lang="en" lang="en">
 <head>
  <title>
</title>
<meta http-equiv="Content-Type" content="text/html;charset=utf-8" />
  <meta name='ocr-system' content='tesseract 3.04.00' />
  <meta name='ocr-capabilities' content='ocr_page ocr_carea ocr_par ocr_line ocrx_word'/>
</head>
<body>
  <div class='ocr_page' id='page_1' title='image "./grammaticilatin01unkngoog_0149.png"; bbox 0 0 3434 5442; ppageno 0'>
   <div class='ocr_carea' id='block_1_1' title="bbox 658 303 2062 374">
    <p class='ocr_par' dir='ltr' id='par_1_1' title="bbox 658 303 2062 374">
     <span class='ocr_line' id='line_1_1' title="bbox 658 303 2062 374; baseline -0.001 -6"><span class='ocrx_word' id='word_1_1' title='bbox 658 303 737 371; x_wconf 88' lang='lat'><strong>88</strong></span> <span class='ocrx_word' id='word_1_2' title='bbox 952 330 965 342; x_wconf 83' lang='grc'><em>·</em></span> <span class='ocrx_word' id='word_1_3' title='bbox 1835 305 2062 374; x_wconf 75' lang='grc' dir='ltr'><strong>ΡΒΟΒΙ</strong></span> 
     </span>
    </p>
   </div>
   <div class='ocr_carea' id='block_1_2' title="bbox 659 421 3212 578">
    <p class='ocr_par' dir='ltr' id='par_1_2' title="bbox 659 421 3212 578">
     <span class='ocr_line' id='line_1_2' title="bbox 762 421 3120 478; baseline 0.001 -13"><span class='ocrx_word' id='word_1_4' title='bbox 762 434 805 476; x_wconf 76' lang='grc' dir='ltr'><strong>ρ.</strong></span> <span class='ocrx_word' id='word_1_5' title='bbox 834 421 985 464; x_wconf 72' lang='lat' dir='ltr'><strong>ano-2</strong></span> <span class='ocrx_word' id='word_1_6' title='bbox 1012 421 1063 462; x_wconf 77' lang='lat' dir='ltr'><strong>n.</strong></span> <span class='ocrx_word' id='word_1_7' title='bbox 2811 437 2857 478; x_wconf 71' lang='grc' dir='ltr'><strong>ρ.</strong></span> <span class='ocrx_word' id='word_1_8' title='bbox 2883 425 3042 468; x_wconf 68' lang='lat' dir='ltr'><strong>2⁸1.oe</strong></span> <span class='ocrx_word' id='word_1_9' title='bbox 3069 424 3120 468; x_wconf 89' lang='lat' dir='ltr'><strong>v.</strong></span> 
     </span>
     <span class='ocr_line' id='line_1_3' title="bbox 659 493 3212 578; baseline 0.004 -26"><span class='ocrx_word' id='word_1_10' title='bbox 659 511 696 553; x_wconf 95' lang='lat' dir='ltr'><strong>o</strong></span> <span class='ocrx_word' id='word_1_11' title='bbox 740 495 969 571; x_wconf 89' lang='lat' dir='ltr'><strong>species</strong></span> <span class='ocrx_word' id='word_1_12' title='bbox 1030 493 1103 556; x_wconf 90' lang='lat' dir='ltr'><strong>ab</strong></span> <span class='ocrx_word' id='word_1_13' title='bbox 1150 494 1263 556; x_wconf 93' lang='lat' dir='ltr'><strong>hac</strong></span> <span class='ocrx_word' id='word_1_14' title='bbox 1308 494 1537 572; x_wconf 88' lang='lat' dir='ltr'><strong>specie,</strong></span> <span class='ocrx_word' id='word_1_15' title='bbox 1595 495 1829 556; x_wconf 88' lang='lat' dir='ltr'><strong>numeri</strong></span> <span class='ocrx_word' id='word_1_16' title='bbox 1892 493 2138 574; x_wconf 87' lang='lat' dir='ltr'><strong>pluralis</strong></span> <span class='ocrx_word' id='word_1_17' title='bbox 2202 495 2314 557; x_wconf 89' lang='lat' dir='ltr'><strong>bae</strong></span> <span class='ocrx_word' id='word_1_18' title='bbox 2359 495 2589 576; x_wconf 82' lang='lat' dir='ltr'><strong>species</strong></span> <span class='ocrx_word' id='word_1_19' title='bbox 2642 496 2856 560; x_wconf 84' lang='lat' dir='ltr'><strong>barum</strong></span> <span class='ocrx_word' id='word_1_20' title='bbox 2897 499 3212 578; x_wconf 79' lang='lat' dir='ltr'><strong>specierum</strong></span> 
     </span>
    </p>
   </div>
   <div class='ocr_carea' id='block_1_3' title="bbox 581 594 3256 4666">
    <p class='ocr_par' dir='ltr' id='par_1_3' title="bbox 581 594 3256 4666">
     <span class='ocr_line' id='line_1_4' title="bbox 658 594 3215 679; baseline 0.003 -24"><span class='ocrx_word' id='word_1_21' title='bbox 658 594 751 656; x_wconf 89' lang='lat' dir='ltr'><strong>his</strong></span> <span class='ocrx_word' id='word_1_22' title='bbox 793 595 1103 674; x_wconf 83' lang='lat' dir='ltr'><strong>speciebus</strong></span> <span class='ocrx_word' id='word_1_23' title='bbox 1168 596 1275 657; x_wconf 90' lang='lat' dir='ltr'><strong>has</strong></span> <span class='ocrx_word' id='word_1_24' title='bbox 1316 598 1547 677; x_wconf 87' lang='lat' dir='ltr'><strong>species</strong></span> <span class='ocrx_word' id='word_1_25' title='bbox 1608 615 1645 657; x_wconf 89' lang='lat' dir='ltr'><strong>o</strong></span> <span class='ocrx_word' id='word_1_26' title='bbox 1684 597 1911 676; x_wconf 88' lang='lat' dir='ltr'><strong>species</strong></span> <span class='ocrx_word' id='word_1_27' title='bbox 1973 596 2047 659; x_wconf 91' lang='lat' dir='ltr'><strong>ab</strong></span> <span class='ocrx_word' id='word_1_28' title='bbox 2091 597 2182 659; x_wconf 89' lang='lat' dir='ltr'><strong>his</strong></span> <span class='ocrx_word' id='word_1_29' title='bbox 2223 597 2553 678; x_wconf 79' lang='lat' dir='ltr'><strong>speciebus,</strong></span> <span class='ocrx_word' id='word_1_30' title='bbox 2621 600 2706 661; x_wconf 89' lang='lat' dir='ltr'><strong>sic</strong></span> <span class='ocrx_word' id='word_1_31' title='bbox 2749 605 2808 660; x_wconf 89' lang='lat' dir='ltr'><strong>et</strong></span> <span class='ocrx_word' id='word_1_32' title='bbox 2846 598 2958 662; x_wconf 90' lang='lat' dir='ltr'><strong>alia</strong></span> <span class='ocrx_word' id='word_1_33' title='bbox 2997 603 3215 679; x_wconf 86' lang='lat' dir='ltr'><strong>generis</strong></span> 
     </span>
     <span class='ocr_line' id='line_1_5' title="bbox 658 697 3214 783; baseline 0.003 -25"><span class='ocrx_word' id='word_1_34' title='bbox 658 697 925 759; x_wconf 79' lang='lat' dir='ltr'><strong>feminini</strong></span> <span class='ocrx_word' id='word_1_35' title='bbox 968 699 1229 768; x_wconf 88' lang='lat' dir='ltr'><strong>nomina,</strong></span> <span class='ocrx_word' id='word_1_36' title='bbox 1276 715 1427 779; x_wconf 89' lang='lat' dir='ltr'><strong>quae</strong></span> <span class='ocrx_word' id='word_1_37' title='bbox 1470 697 1725 760; x_wconf 89' lang='lat' dir='ltr'><strong>ablativo</strong></span> <span class='ocrx_word' id='word_1_38' title='bbox 1770 717 1908 762; x_wconf 88' lang='lat' dir='ltr'><strong>casu</strong></span> <span class='ocrx_word' id='word_1_39' title='bbox 1955 701 2189 762; x_wconf 89' lang='lat' dir='ltr'><strong>numeri</strong></span> <span class='ocrx_word' id='word_1_40' title='bbox 2229 699 2544 778; x_wconf 82' lang='lat' dir='ltr'><strong>singularis</strong></span> <span class='ocrx_word' id='word_1_41' title='bbox 2589 721 2622 764; x_wconf 92' lang='lat' dir='ltr'><strong>e</strong></span> <span class='ocrx_word' id='word_1_42' title='bbox 2663 701 2860 764; x_wconf 86' lang='lat' dir='ltr'><strong>littera</strong></span> <span class='ocrx_word' id='word_1_43' title='bbox 2894 698 2907 783; x_wconf 90' lang='grc'>1</span> <span class='ocrx_word' id='word_1_44' title='bbox 2945 703 3214 782; x_wconf 81' lang='lat' dir='ltr'><strong>producta</strong></span> 
     </span>
     <span class='ocr_line' id='line_1_6' title="bbox 658 799 3216 883; baseline 0.003 -23"><span class='ocrx_word' id='word_1_45' title='bbox 658 800 1072 870; x_wconf 80' lang='lat' dir='ltr'><strong>terminantur,</strong></span> <span class='ocrx_word' id='word_1_46' title='bbox 1120 819 1189 862; x_wconf 89' lang='lat' dir='ltr'><strong>ea</strong></span> <span class='ocrx_word' id='word_1_47' title='bbox 1234 799 1307 862; x_wconf 93' lang='lat' dir='ltr'><strong>ad</strong></span> <span class='ocrx_word' id='word_1_48' title='bbox 1345 799 1679 882; x_wconf 85' lang='lat' dir='ltr'><strong>exemplum</strong></span> <span class='ocrx_word' id='word_1_49' title='bbox 1724 803 1942 882; x_wconf 84' lang='lat' dir='ltr'><strong>speciei</strong></span> <span class='ocrx_word' id='word_1_50' title='bbox 1985 820 2094 883; x_wconf 87' lang='lat' dir='ltr'><strong>per</strong></span> <span class='ocrx_word' id='word_1_51' title='bbox 2137 820 2343 866; x_wconf 88' lang='lat' dir='ltr'><strong>omnes</strong></span> <span class='ocrx_word' id='word_1_52' title='bbox 2387 821 2560 866; x_wconf 89' lang='lat' dir='ltr'><strong>casus</strong></span> <span class='ocrx_word' id='word_1_53' title='bbox 2601 803 2988 866; x_wconf 82' lang='lat' dir='ltr'><strong>declinantur.</strong></span> <span class='ocrx_word' id='word_1_54' title='bbox 3075 823 3216 868; x_wconf 88' lang='lat' dir='ltr'><strong>nunc</strong></span> 
     </span>
     <span class='ocr_line' id='line_1_7' title="bbox 608 901 3216 985; baseline 0.002 -19"><span class='ocrx_word' id='word_1_55' title='bbox 608 927 632 966; x_wconf 79' lang='lat'><strong>5</strong></span> <span class='ocrx_word' id='word_1_56' title='bbox 660 903 720 962; x_wconf 90' lang='lat' dir='ltr'><strong>in</strong></span> <span class='ocrx_word' id='word_1_57' title='bbox 769 901 881 964; x_wconf 90' lang='lat' dir='ltr'><strong>hac</strong></span> <span class='ocrx_word' id='word_1_58' title='bbox 934 919 1113 980; x_wconf 89' lang='lat' dir='ltr'><strong>supra</strong></span> <span class='ocrx_word' id='word_1_59' title='bbox 1168 903 1323 965; x_wconf 85' lang='lat' dir='ltr'><strong>dicta</strong></span> <span class='ocrx_word' id='word_1_60' title='bbox 1378 903 1605 976; x_wconf 82' lang='lat' dir='ltr'><strong>forma,</strong></span> <span class='ocrx_word' id='word_1_61' title='bbox 1663 923 1778 984; x_wconf 89' lang='lat' dir='ltr'><strong>qua</strong></span> <span class='ocrx_word' id='word_1_62' title='bbox 1831 904 2083 966; x_wconf 80' lang='lat' dir='ltr'><strong>diximus</strong></span> <span class='ocrx_word' id='word_1_63' title='bbox 2137 904 2387 966; x_wconf 84' lang='lat' dir='ltr'><strong>ablativo</strong></span> <span class='ocrx_word' id='word_1_64' title='bbox 2441 924 2584 968; x_wconf 89' lang='lat' dir='ltr'><strong>casu</strong></span> <span class='ocrx_word' id='word_1_65' title='bbox 2637 907 2872 968; x_wconf 87' lang='lat' dir='ltr'><strong>numeri</strong></span> <span class='ocrx_word' id='word_1_66' title='bbox 2921 905 3216 985; x_wconf 81' lang='lat' dir='ltr'><strong>singularis</strong></span> 
     </span>
     <span class='ocr_line' id='line_1_8' title="bbox 658 1003 3216 1086; baseline 0.002 -22"><span class='ocrx_word' id='word_1_67' title='bbox 658 1005 897 1066; x_wconf 88' lang='lat' dir='ltr'><strong>nomina</strong></span> <span class='ocrx_word' id='word_1_68' title='bbox 930 1023 963 1066; x_wconf 99' lang='lat' dir='ltr'><strong>e</strong></span> <span class='ocrx_word' id='word_1_69' title='bbox 1004 1003 1197 1067; x_wconf 89' lang='lat' dir='ltr'><strong>littera</strong></span> <span class='ocrx_word' id='word_1_70' title='bbox 1238 1005 1527 1084; x_wconf 85' lang='lat' dir='ltr'><strong>producta</strong></span> <span class='ocrx_word' id='word_1_71' title='bbox 1574 1007 1897 1078; x_wconf 89' lang='lat' dir='ltr'><strong>terminari,</strong></span> <span class='ocrx_word' id='word_1_72' title='bbox 1942 1007 2057 1068; x_wconf 89' lang='lat' dir='ltr'><strong>boc</strong></span> <span class='ocrx_word' id='word_1_73' title='bbox 2091 1024 2420 1078; x_wconf 90' lang='lat' dir='ltr'><strong>monemus,</strong></span> <span class='ocrx_word' id='word_1_74' title='bbox 2467 1007 2626 1086; x_wconf 89' lang='lat' dir='ltr'><strong>quod</strong></span> <span class='ocrx_word' id='word_1_75' title='bbox 2657 1008 2806 1070; x_wconf 88' lang='lat' dir='ltr'><strong>haec</strong></span> <span class='ocrx_word' id='word_1_76' title='bbox 2833 1009 2948 1070; x_wconf 90' lang='lat' dir='ltr'><strong>tria</strong></span> <span class='ocrx_word' id='word_1_77' title='bbox 2977 1011 3216 1080; x_wconf 85' lang='lat' dir='ltr'><strong>nomina,</strong></span> 
     </span>
     <span class='ocr_line' id='line_1_9' title="bbox 657 1105 3220 1189; baseline 0.003 -24"><span class='ocrx_word' id='word_1_78' title='bbox 657 1105 715 1166; x_wconf 89' lang='lat' dir='ltr'><strong>id</strong></span> <span class='ocrx_word' id='word_1_79' title='bbox 759 1113 849 1168; x_wconf 87' lang='lat' dir='ltr'><strong>est</strong></span> <span class='ocrx_word' id='word_1_80' title='bbox 890 1123 988 1174; x_wconf 90' lang='lat' dir='ltr'><strong>res</strong></span> <span class='ocrx_word' id='word_1_81' title='bbox 1022 1125 1161 1186; x_wconf 87' lang='lat' dir='ltr'><strong>spes</strong></span> <span class='ocrx_word' id='word_1_82' title='bbox 1202 1107 1378 1178; x_wconf 84' lang='lat' dir='ltr'><strong>fides,</strong></span> <span class='ocrx_word' id='word_1_83' title='bbox 1440 1124 1548 1187; x_wconf 87' lang='lat' dir='ltr'><strong>per</strong></span> <span class='ocrx_word' id='word_1_84' title='bbox 1570 1107 1822 1187; x_wconf 75' lang='lat' dir='ltr'><strong>‚aliquos</strong></span> <span class='ocrx_word' id='word_1_85' title='bbox 1865 1126 2039 1171; x_wconf 90' lang='lat' dir='ltr'><strong>casus</strong></span> <span class='ocrx_word' id='word_1_86' title='bbox 2079 1108 2346 1172; x_wconf 85' lang='lat' dir='ltr'><strong>anomale</strong></span> <span class='ocrx_word' id='word_1_87' title='bbox 2394 1113 2767 1189; x_wconf 87' lang='lat' dir='ltr'><strong>reperiantur</strong></span> <span class='ocrx_word' id='word_1_88' title='bbox 2811 1109 3116 1179; x_wconf 87' lang='lat' dir='ltr'><strong>declinari;</strong></span> <span class='ocrx_word' id='word_1_89' title='bbox 3167 1117 3220 1172; x_wconf 91' lang='lat' dir='ltr'><strong>et</strong></span> 
     </span>
     <span class='ocr_line' id='line_1_10' title="bbox 656 1207 3218 1292; baseline 0.002 -24"><span class='ocrx_word' id='word_1_90' title='bbox 656 1207 787 1269; x_wconf 89' lang='lat' dir='ltr'><strong>ideo</strong></span> <span class='ocrx_word' id='word_1_91' title='bbox 834 1209 1155 1272; x_wconf 87' lang='lat' dir='ltr'><strong>eorundem</strong></span> <span class='ocrx_word' id='word_1_92' title='bbox 1204 1208 1653 1272; x_wconf 81' lang='lat' dir='ltr'><strong>declinationem</strong></span> <span class='ocrx_word' id='word_1_93' title='bbox 1696 1210 2047 1282; x_wconf 78' lang='lat' dir='ltr'><strong>subicimuS,</strong></span> <span class='ocrx_word' id='word_1_94' title='bbox 2109 1230 2226 1292; x_wconf 88' lang='lat' dir='ltr'><strong>qua</strong></span> <span class='ocrx_word' id='word_1_95' title='bbox 2277 1211 2687 1282; x_wconf 81' lang='lat' dir='ltr'><strong>dinoscantur,</strong></span> <span class='ocrx_word' id='word_1_96' title='bbox 2745 1212 2962 1292; x_wconf 89' lang='lat' dir='ltr'><strong>quibus</strong></span> <span class='ocrx_word' id='word_1_97' title='bbox 3003 1211 3218 1274; x_wconf 82' lang='lat' dir='ltr'><strong>casibus</strong></span> 
     </span>
     <span class='ocr_line' id='line_1_11' title="bbox 659 1309 3218 1392; baseline 0.002 -22"><span class='ocrx_word' id='word_1_98' title='bbox 659 1309 927 1371; x_wconf 88' lang='lat' dir='ltr'><strong>anomale</strong></span> <span class='ocrx_word' id='word_1_99' title='bbox 986 1309 1389 1374; x_wconf 80' lang='lat' dir='ltr'><strong>declinentur:</strong></span> <span class='ocrx_word' id='word_1_100' title='bbox 1453 1313 1685 1375; x_wconf 89' lang='lat' dir='ltr'><strong>numeri</strong></span> <span class='ocrx_word' id='word_1_101' title='bbox 1729 1313 2040 1392; x_wconf 82' lang='lat' dir='ltr'><strong>singularis</strong></span> <span class='ocrx_word' id='word_1_102' title='bbox 2104 1314 2252 1390; x_wconf 83' lang='lat' dir='ltr'><strong>haec</strong></span> <span class='ocrx_word' id='word_1_103' title='bbox 2293 1331 2391 1376; x_wconf 84' lang='lat' dir='ltr'><strong>res</strong></span> <span class='ocrx_word' id='word_1_104' title='bbox 2433 1313 2612 1376; x_wconf 86' lang='lat' dir='ltr'><strong>buius</strong></span> <span class='ocrx_word' id='word_1_105' title='bbox 2651 1315 2740 1376; x_wconf 87' lang='lat' dir='ltr'><strong>rei</strong></span> <span class='ocrx_word' id='word_1_106' title='bbox 2781 1315 2922 1376; x_wconf 91' lang='lat' dir='ltr'><strong>huic</strong></span> <span class='ocrx_word' id='word_1_107' title='bbox 2951 1315 3040 1375; x_wconf 88' lang='lat' dir='ltr'><strong>rei</strong></span> <span class='ocrx_word' id='word_1_108' title='bbox 3082 1312 3218 1376; x_wconf 85' lang='lat' dir='ltr'><strong>banc</strong></span> 
     </span>
     <span class='ocr_line' id='line_1_12' title="bbox 582 1413 3218 1496; baseline 0.001 -20"><span class='ocrx_word' id='word_1_109' title='bbox 582 1435 632 1476; x_wconf 72' lang='grc' dir='ltr'><strong>ιο</strong></span> <span class='ocrx_word' id='word_1_110' title='bbox 659 1430 787 1474; x_wconf 87' lang='lat' dir='ltr'><strong>rem</strong></span> <span class='ocrx_word' id='word_1_111' title='bbox 838 1431 873 1473; x_wconf 92' lang='lat' dir='ltr'><strong>o</strong></span> <span class='ocrx_word' id='word_1_112' title='bbox 916 1431 1015 1476; x_wconf 88' lang='lat' dir='ltr'><strong>res</strong></span> <span class='ocrx_word' id='word_1_113' title='bbox 1078 1413 1155 1476; x_wconf 90' lang='lat' dir='ltr'><strong>ab</strong></span> <span class='ocrx_word' id='word_1_114' title='bbox 1195 1414 1308 1477; x_wconf 92' lang='lat' dir='ltr'><strong>hac</strong></span> <span class='ocrx_word' id='word_1_115' title='bbox 1350 1432 1448 1486; x_wconf 90' lang='lat' dir='ltr'><strong>re,</strong></span> <span class='ocrx_word' id='word_1_116' title='bbox 1515 1417 1750 1478; x_wconf 89' lang='lat' dir='ltr'><strong>numeri</strong></span> <span class='ocrx_word' id='word_1_117' title='bbox 1793 1413 2036 1496; x_wconf 87' lang='lat' dir='ltr'><strong>pluralis</strong></span> <span class='ocrx_word' id='word_1_118' title='bbox 2084 1415 2198 1478; x_wconf 89' lang='lat' dir='ltr'><strong>hae</strong></span> <span class='ocrx_word' id='word_1_119' title='bbox 2241 1433 2339 1478; x_wconf 88' lang='lat' dir='ltr'><strong>res</strong></span> <span class='ocrx_word' id='word_1_120' title='bbox 2400 1415 2612 1478; x_wconf 87' lang='lat' dir='ltr'><strong>barum</strong></span> <span class='ocrx_word' id='word_1_121' title='bbox 2653 1434 2856 1478; x_wconf 90' lang='lat' dir='ltr'><strong>rerum</strong></span> <span class='ocrx_word' id='word_1_122' title='bbox 2919 1416 3014 1478; x_wconf 86' lang='lat' dir='ltr'><strong>bis</strong></span> <span class='ocrx_word' id='word_1_123' title='bbox 3052 1415 3218 1478; x_wconf 86' lang='lat' dir='ltr'><strong>rebus</strong></span> 
     </span>
     <span class='ocr_line' id='line_1_13' title="bbox 658 1513 3218 1598; baseline 0.002 -24"><span class='ocrx_word' id='word_1_124' title='bbox 658 1513 767 1578; x_wconf 87' lang='lat' dir='ltr'><strong>bas</strong></span> <span class='ocrx_word' id='word_1_125' title='bbox 829 1532 929 1576; x_wconf 88' lang='lat' dir='ltr'><strong>res</strong></span> <span class='ocrx_word' id='word_1_126' title='bbox 984 1533 1021 1576; x_wconf 94' lang='lat' dir='ltr'><strong>o</strong></span> <span class='ocrx_word' id='word_1_127' title='bbox 1064 1535 1161 1578; x_wconf 87' lang='lat' dir='ltr'><strong>res</strong></span> <span class='ocrx_word' id='word_1_128' title='bbox 1210 1517 1283 1580; x_wconf 90' lang='lat' dir='ltr'><strong>ab</strong></span> <span class='ocrx_word' id='word_1_129' title='bbox 1338 1518 1429 1580; x_wconf 91' lang='lat' dir='ltr'><strong>his</strong></span> <span class='ocrx_word' id='word_1_130' title='bbox 1470 1516 1672 1580; x_wconf 89' lang='lat' dir='ltr'><strong>rebus.</strong></span> <span class='ocrx_word' id='word_1_131' title='bbox 1761 1519 1846 1579; x_wconf 88' lang='lat' dir='ltr'><strong>sic</strong></span> <span class='ocrx_word' id='word_1_132' title='bbox 1909 1525 1970 1580; x_wconf 88' lang='lat' dir='ltr'><strong>et</strong></span> <span class='ocrx_word' id='word_1_133' title='bbox 2011 1535 2150 1598; x_wconf 89' lang='lat' dir='ltr'><strong>spes</strong></span> <span class='ocrx_word' id='word_1_134' title='bbox 2201 1524 2260 1580; x_wconf 91' lang='lat' dir='ltr'><strong>et</strong></span> <span class='ocrx_word' id='word_1_135' title='bbox 2297 1517 2461 1580; x_wconf 85' lang='lat' dir='ltr'><strong>fides.</strong></span> <span class='ocrx_word' id='word_1_136' title='bbox 2551 1519 2652 1580; x_wconf 89' lang='lat' dir='ltr'><strong>sed</strong></span> <span class='ocrx_word' id='word_1_137' title='bbox 2707 1536 2846 1598; x_wconf 86' lang='lat' dir='ltr'><strong>spes</strong></span> <span class='ocrx_word' id='word_1_138' title='bbox 2887 1537 2920 1580; x_wconf 90' lang='lat' dir='ltr'><strong>a</strong></span> <span class='ocrx_word' id='word_1_139' title='bbox 2967 1521 3218 1597; x_wconf 85' lang='lat' dir='ltr'><strong>genetivo</strong></span> 
     </span>
     <span class='ocr_line' id='line_1_14' title="bbox 659 1611 3218 1702; baseline 0.001 -24"><span class='ocrx_word' id='word_1_140' title='bbox 659 1633 797 1678; x_wconf 89' lang='lat' dir='ltr'><strong>casu</strong></span> <span class='ocrx_word' id='word_1_141' title='bbox 842 1620 1073 1680; x_wconf 87' lang='lat' dir='ltr'><strong>numeri</strong></span> <span class='ocrx_word' id='word_1_142' title='bbox 1114 1617 1357 1699; x_wconf 89' lang='lat' dir='ltr'><strong>pluralis</strong></span> <span class='ocrx_word' id='word_1_143' title='bbox 1398 1619 1755 1690; x_wconf 87' lang='lat' dir='ltr'><strong>abstinetur;</strong></span> <span class='ocrx_word' id='word_1_144' title='bbox 1800 1620 1946 1702; x_wconf 75' lang='lat' dir='ltr'><strong>{ides</strong></span> <span class='ocrx_word' id='word_1_145' title='bbox 1989 1611 2126 1682; x_wconf 80' lang='lat' dir='ltr'><strong>vero</strong></span> <span class='ocrx_word' id='word_1_146' title='bbox 2171 1619 2460 1698; x_wconf 86' lang='lat' dir='ltr'><strong>pluralem</strong></span> <span class='ocrx_word' id='word_1_147' title='bbox 2501 1637 2816 1682; x_wconf 88' lang='lat' dir='ltr'><strong>numerum</strong></span> <span class='ocrx_word' id='word_1_148' title='bbox 2861 1622 3060 1682; x_wconf 82' lang='lat' dir='ltr'><strong>facere</strong></span> <span class='ocrx_word' id='word_1_149' title='bbox 3093 1639 3218 1700; x_wconf 86' lang='lat' dir='ltr'><strong>pro·</strong></span> 
     </span>
     <span class='ocr_line' id='line_1_15' title="bbox 657 1717 3220 1812; baseline 0.002 -34"><span class='ocrx_word' id='word_1_150' title='bbox 657 1717 914 1812; x_wconf 82' lang='lat' dir='ltr'><strong>¹hibetur.</strong></span> <span class='ocrx_word' id='word_1_151' title='bbox 1004 1721 1107 1782; x_wconf 86' lang='lat' dir='ltr'><strong>sed</strong></span> <span class='ocrx_word' id='word_1_152' title='bbox 1146 1739 1261 1800; x_wconf 86' lang='lat' dir='ltr'><strong>qua</strong></span> <span class='ocrx_word' id='word_1_153' title='bbox 1306 1721 1381 1783; x_wconf 89' lang='lat' dir='ltr'><strong>de</strong></span> <span class='ocrx_word' id='word_1_154' title='bbox 1422 1740 1595 1784; x_wconf 88' lang='lat' dir='ltr'><strong>causa</strong></span> <span class='ocrx_word' id='word_1_155' title='bbox 1631 1740 1768 1801; x_wconf 87' lang='lat' dir='ltr'><strong>spes</strong></span> <span class='ocrx_word' id='word_1_156' title='bbox 1813 1723 2080 1802; x_wconf 84' lang='lat' dir='ltr'><strong>genetivo</strong></span> <span class='ocrx_word' id='word_1_157' title='bbox 2125 1740 2265 1784; x_wconf 89' lang='lat' dir='ltr'><strong>casu</strong></span> <span class='ocrx_word' id='word_1_158' title='bbox 2319 1724 2550 1784; x_wconf 87' lang='lat' dir='ltr'><strong>numeri</strong></span> <span class='ocrx_word' id='word_1_159' title='bbox 2591 1721 2831 1803; x_wconf 86' lang='lat' dir='ltr'><strong>pluralis</strong></span> <span class='ocrx_word' id='word_1_160' title='bbox 2873 1721 3220 1784; x_wconf 81' lang='lat' dir='ltr'><strong>abstineatur</strong></span> 
     </span>
     <span class='ocr_line' id='line_1_16' title="bbox 659 1821 3220 1905; baseline 0.002 -23"><span class='ocrx_word' id='word_1_161' title='bbox 659 1830 719 1882; x_wconf 89' lang='lat' dir='ltr'><strong>et</strong></span> <span class='ocrx_word' id='word_1_162' title='bbox 752 1821 899 1883; x_wconf 81' lang='lat' dir='ltr'><strong>fides</strong></span> <span class='ocrx_word' id='word_1_163' title='bbox 944 1840 1261 1886; x_wconf 89' lang='lat' dir='ltr'><strong>numerum</strong></span> <span class='ocrx_word' id='word_1_164' title='bbox 1303 1823 1594 1903; x_wconf 87' lang='lat' dir='ltr'><strong>pluralem</strong></span> <span class='ocrx_word' id='word_1_165' title='bbox 1626 1826 1824 1886; x_wconf 80' lang='lat' dir='ltr'><strong>facere</strong></span> <span class='ocrx_word' id='word_1_166' title='bbox 1863 1824 2249 1905; x_wconf 84' lang='lat' dir='ltr'><strong>prohibeatur</strong></span> <span class='ocrx_word' id='word_1_167' title='bbox 2291 1823 2384 1886; x_wconf 84' lang='lat' dir='ltr'><strong>vel</strong></span> <span class='ocrx_word' id='word_1_168' title='bbox 2429 1842 2540 1903; x_wconf 87' lang='lat' dir='ltr'><strong>per</strong></span> <span class='ocrx_word' id='word_1_169' title='bbox 2573 1842 2754 1903; x_wconf 87' lang='lat' dir='ltr'><strong>supra</strong></span> <span class='ocrx_word' id='word_1_170' title='bbox 2783 1825 3037 1904; x_wconf 87' lang='lat' dir='ltr'><strong>scriptos</strong></span> <span class='ocrx_word' id='word_1_171' title='bbox 3065 1843 3220 1886; x_wconf 86' lang='lat' dir='ltr'><strong>casus</strong></span> 
     </span>
     <span class='ocr_line' id='line_1_17' title="bbox 585 1924 3222 2008; baseline 0.001 -22"><span class='ocrx_word' id='word_1_172' title='bbox 585 1945 634 1986; x_wconf 66' lang='grc' dir='ltr'><strong>ιε</strong></span> <span class='ocrx_word' id='word_1_173' title='bbox 661 1941 837 2003; x_wconf 88' lang='lat' dir='ltr'><strong>supra</strong></span> <span class='ocrx_word' id='word_1_174' title='bbox 885 1924 1038 1987; x_wconf 90' lang='lat' dir='ltr'><strong>dicta</strong></span> <span class='ocrx_word' id='word_1_175' title='bbox 1090 1927 1199 1988; x_wconf 89' lang='lat' dir='ltr'><strong>tria</strong></span> <span class='ocrx_word' id='word_1_176' title='bbox 1254 1929 1493 1988; x_wconf 89' lang='lat' dir='ltr'><strong>nomina</strong></span> <span class='ocrx_word' id='word_1_177' title='bbox 1548 1926 1816 1989; x_wconf 89' lang='lat' dir='ltr'><strong>anomale</strong></span> <span class='ocrx_word' id='word_1_178' title='bbox 1867 1925 2264 1999; x_wconf 87' lang='lat' dir='ltr'><strong>declinentur,</strong></span> <span class='ocrx_word' id='word_1_179' title='bbox 2320 1926 2438 1988; x_wconf 90' lang='lat' dir='ltr'><strong>hoc</strong></span> <span class='ocrx_word' id='word_1_180' title='bbox 2493 1928 2557 1990; x_wconf 88' lang='lat' dir='ltr'><strong>in</strong></span> <span class='ocrx_word' id='word_1_181' title='bbox 2597 1929 2760 1990; x_wconf 89' lang='lat' dir='ltr'><strong>sonis</strong></span> <span class='ocrx_word' id='word_1_182' title='bbox 2813 1946 2949 1988; x_wconf 89' lang='lat' dir='ltr'><strong>cum</strong></span> <span class='ocrx_word' id='word_1_183' title='bbox 3005 1926 3222 2008; x_wconf 75' lang='lat' dir='ltr'><strong>syllabis</strong></span> 
     </span>
     <span class='ocr_line' id='line_1_18' title="bbox 660 2028 3220 2111; baseline 0.002 -25"><span class='ocrx_word' id='word_1_184' title='bbox 660 2033 1043 2106; x_wconf 87' lang='lat' dir='ltr'><strong>conpetenter</strong></span> <span class='ocrx_word' id='word_1_185' title='bbox 1082 2028 1483 2092; x_wconf 79' lang='lat' dir='ltr'><strong>tractabimus.</strong></span> <span class='ocrx_word' id='word_1_186' title='bbox 1570 2048 1734 2092; x_wconf 90' lang='lat' dir='ltr'><strong>nunc</strong></span> <span class='ocrx_word' id='word_1_187' title='bbox 1775 2031 1838 2092; x_wconf 87' lang='lat' dir='ltr'><strong>in</strong></span> <span class='ocrx_word' id='word_1_188' title='bbox 1885 2029 1998 2090; x_wconf 86' lang='lat' dir='ltr'><strong>bac</strong></span> <span class='ocrx_word' id='word_1_189' title='bbox 2043 2047 2222 2108; x_wconf 90' lang='lat' dir='ltr'><strong>supra</strong></span> <span class='ocrx_word' id='word_1_190' title='bbox 2267 2029 2422 2091; x_wconf 83' lang='lat' dir='ltr'><strong>dicta</strong></span> <span class='ocrx_word' id='word_1_191' title='bbox 2463 2028 2656 2090; x_wconf 84' lang='lat' dir='ltr'><strong>forma</strong></span> <span class='ocrx_word' id='word_1_192' title='bbox 2707 2030 3044 2111; x_wconf 85' lang='lat' dir='ltr'><strong>quaeritur,</strong></span> <span class='ocrx_word' id='word_1_193' title='bbox 3099 2047 3220 2091; x_wconf 89' lang='lat' dir='ltr'><strong>cum</strong></span> 
     </span>
     <span class='ocr_line' id='line_1_19' title="bbox 658 2122 3220 2210; baseline 0.001 -21"><span class='ocrx_word' id='word_1_194' title='bbox 658 2128 805 2190; x_wconf 86' lang='lat' dir='ltr'><strong>haec</strong></span> <span class='ocrx_word' id='word_1_195' title='bbox 848 2130 961 2190; x_wconf 88' lang='lat' dir='ltr'><strong>tria</strong></span> <span class='ocrx_word' id='word_1_196' title='bbox 1002 2147 1181 2210; x_wconf 88' lang='lat' dir='ltr'><strong>supra</strong></span> <span class='ocrx_word' id='word_1_197' title='bbox 1224 2133 1445 2210; x_wconf 88' lang='lat' dir='ltr'><strong>scripta</strong></span> <span class='ocrx_word' id='word_1_198' title='bbox 1488 2134 1729 2194; x_wconf 87' lang='lat' dir='ltr'><strong>nomina</strong></span> <span class='ocrx_word' id='word_1_199' title='bbox 1773 2133 1832 2194; x_wconf 92' lang='lat' dir='ltr'><strong>in</strong></span> <span class='ocrx_word' id='word_1_200' title='bbox 1877 2133 2146 2209; x_wconf 85' lang='lat' dir='ltr'><strong>genetivo</strong></span> <span class='ocrx_word' id='word_1_201' title='bbox 2191 2139 2250 2194; x_wconf 91' lang='lat' dir='ltr'><strong>et</strong></span> <span class='ocrx_word' id='word_1_202' title='bbox 2291 2131 2483 2194; x_wconf 88' lang='lat' dir='ltr'><strong>dativo</strong></span> <span class='ocrx_word' id='word_1_203' title='bbox 2525 2149 2668 2194; x_wconf 87' lang='lat' dir='ltr'><strong>casu</strong></span> <span class='ocrx_word' id='word_1_204' title='bbox 2703 2122 2960 2194; x_wconf 73' lang='lat' dir='ltr'><strong>numeri&#39;</strong></span> <span class='ocrx_word' id='word_1_205' title='bbox 2981 2131 3220 2208; x_wconf 77' lang='lat' dir='ltr'><strong>singula-</strong></span> 
     </span>
     <span class='ocr_line' id='line_1_20' title="bbox 658 2229 3222 2314; baseline 0.001 -22"><span class='ocrx_word' id='word_1_206' title='bbox 658 2232 741 2292; x_wconf 90' lang='lat' dir='ltr'><strong>ris</strong></span> <span class='ocrx_word' id='word_1_207' title='bbox 776 2229 869 2293; x_wconf 76' lang='lat' dir='ltr'><strong>vel</strong></span> <span class='ocrx_word' id='word_1_208' title='bbox 930 2233 989 2293; x_wconf 91' lang='lat' dir='ltr'><strong>in</strong></span> <span class='ocrx_word' id='word_1_209' title='bbox 1028 2235 1298 2311; x_wconf 81' lang='lat' dir='ltr'><strong>genetivo</strong></span> <span class='ocrx_word' id='word_1_210' title='bbox 1340 2233 1533 2296; x_wconf 84' lang='lat' dir='ltr'><strong>dativo</strong></span> <span class='ocrx_word' id='word_1_211' title='bbox 1572 2241 1633 2296; x_wconf 86' lang='lat' dir='ltr'><strong>et</strong></span> <span class='ocrx_word' id='word_1_212' title='bbox 1672 2233 1922 2296; x_wconf 88' lang='lat' dir='ltr'><strong>ablativo</strong></span> <span class='ocrx_word' id='word_1_213' title='bbox 1963 2251 2104 2300; x_wconf 89' lang='lat' dir='ltr'><strong>casu</strong></span> <span class='ocrx_word' id='word_1_214' title='bbox 2147 2234 2379 2296; x_wconf 89' lang='lat' dir='ltr'><strong>numeri</strong></span> <span class='ocrx_word' id='word_1_215' title='bbox 2421 2231 2664 2314; x_wconf 81' lang='lat' dir='ltr'><strong>pluralis</strong></span> <span class='ocrx_word' id='word_1_216' title='bbox 2705 2251 2828 2294; x_wconf 92' lang='lat' dir='ltr'><strong>non</strong></span> <span class='ocrx_word' id='word_1_217' title='bbox 2869 2232 3222 2296; x_wconf 88' lang='lat' dir='ltr'><strong>declinentur</strong></span> 
     </span>
     <span class='ocr_line' id='line_1_21' title="bbox 660 2332 3222 2416; baseline 0.002 -22"><span class='ocrx_word' id='word_1_218' title='bbox 660 2332 733 2394; x_wconf 89' lang='lat' dir='ltr'><strong>ad</strong></span> <span class='ocrx_word' id='word_1_219' title='bbox 778 2333 1027 2396; x_wconf 79' lang='lat' dir='ltr'><strong>formam</strong></span> <span class='ocrx_word' id='word_1_220' title='bbox 1070 2336 1318 2415; x_wconf 89' lang='lat' dir='ltr'><strong>speciei,</strong></span> <span class='ocrx_word' id='word_1_221' title='bbox 1365 2353 1481 2416; x_wconf 89' lang='lat' dir='ltr'><strong>qua</strong></span> <span class='ocrx_word' id='word_1_222' title='bbox 1522 2336 1597 2398; x_wconf 87' lang='lat' dir='ltr'><strong>de</strong></span> <span class='ocrx_word' id='word_1_223' title='bbox 1640 2353 1816 2398; x_wconf 87' lang='lat' dir='ltr'><strong>causa</strong></span> <span class='ocrx_word' id='word_1_224' title='bbox 1861 2345 1922 2398; x_wconf 86' lang='lat' dir='ltr'><strong>et</strong></span> <span class='ocrx_word' id='word_1_225' title='bbox 1961 2336 2146 2398; x_wconf 87' lang='lat' dir='ltr'><strong>isdem</strong></span> <span class='ocrx_word' id='word_1_226' title='bbox 2199 2336 2432 2399; x_wconf 86' lang='lat' dir='ltr'><strong>casibus</strong></span> <span class='ocrx_word' id='word_1_227' title='bbox 2483 2353 2600 2396; x_wconf 89' lang='lat' dir='ltr'><strong>non</strong></span> <span class='ocrx_word' id='word_1_228' title='bbox 2648 2335 2918 2398; x_wconf 88' lang='lat' dir='ltr'><strong>dicantur</strong></span> <span class='ocrx_word' id='word_1_229' title='bbox 2971 2335 3222 2398; x_wconf 86' lang='lat' dir='ltr'><strong>anomale</strong></span> 
     </span>
     <span class='ocr_line' id='line_1_22' title="bbox 584 2434 3224 2519; baseline 0.001 -23"><span class='ocrx_word' id='word_1_230' title='bbox 584 2455 636 2496; x_wconf 84' lang='lat'><strong>20</strong></span> <span class='ocrx_word' id='word_1_231' title='bbox 662 2434 963 2498; x_wconf 88' lang='lat' dir='ltr'><strong>declinari.</strong></span> <span class='ocrx_word' id='word_1_232' title='bbox 1052 2437 1163 2498; x_wconf 88' lang='lat' dir='ltr'><strong>bac</strong></span> <span class='ocrx_word' id='word_1_233' title='bbox 1218 2437 1291 2499; x_wconf 90' lang='lat' dir='ltr'><strong>de</strong></span> <span class='ocrx_word' id='word_1_234' title='bbox 1350 2457 1556 2509; x_wconf 87' lang='lat' dir='ltr'><strong>causa,</strong></span> <span class='ocrx_word' id='word_1_235' title='bbox 1626 2441 1902 2519; x_wconf 90' lang='lat' dir='ltr'><strong>quoniam</strong></span> <span class='ocrx_word' id='word_1_236' title='bbox 1969 2457 2374 2519; x_wconf 78' lang='lat' dir='ltr'><strong>quaecumque</strong></span> <span class='ocrx_word' id='word_1_237' title='bbox 2429 2440 2666 2501; x_wconf 88' lang='lat' dir='ltr'><strong>nomina</strong></span> <span class='ocrx_word' id='word_1_238' title='bbox 2725 2437 2800 2500; x_wconf 90' lang='lat' dir='ltr'><strong>ab</strong></span> <span class='ocrx_word' id='word_1_239' title='bbox 2856 2457 2900 2508; x_wconf 74' lang='lat' dir='ltr'><strong>e,</strong></span> <span class='ocrx_word' id='word_1_240' title='bbox 2947 2437 3224 2517; x_wconf 85' lang='lat' dir='ltr'><strong>producto</strong></span> 
     </span>
     <span class='ocr_line' id='line_1_23' title="bbox 658 2538 3224 2620; baseline 0.001 -22"><span class='ocrx_word' id='word_1_241' title='bbox 658 2538 859 2599; x_wconf 87' lang='lat' dir='ltr'><strong>venire</strong></span> <span class='ocrx_word' id='word_1_242' title='bbox 912 2539 1322 2618; x_wconf 86' lang='lat' dir='ltr'><strong>reperiuntur,</strong></span> <span class='ocrx_word' id='word_1_243' title='bbox 1375 2539 1523 2606; x_wconf 90' lang='lat' dir='ltr'><strong>haec</strong></span> <span class='ocrx_word' id='word_1_244' title='bbox 1568 2560 1641 2603; x_wconf 84' lang='lat' dir='ltr'><strong>ex</strong></span> <span class='ocrx_word' id='word_1_245' title='bbox 1688 2540 1876 2604; x_wconf 86' lang='lat' dir='ltr'><strong>isdem</strong></span> <span class='ocrx_word' id='word_1_246' title='bbox 1933 2559 2112 2620; x_wconf 87' lang='lat' dir='ltr'><strong>supra</strong></span> <span class='ocrx_word' id='word_1_247' title='bbox 2165 2541 2334 2603; x_wconf 84' lang='lat' dir='ltr'><strong>dictis</strong></span> <span class='ocrx_word' id='word_1_248' title='bbox 2383 2540 2616 2604; x_wconf 87' lang='lat' dir='ltr'><strong>casibus</strong></span> <span class='ocrx_word' id='word_1_249' title='bbox 2669 2539 2933 2602; x_wconf 80' lang='lat' dir='ltr'><strong>ultimam</strong></span> <span class='ocrx_word' id='word_1_250' title='bbox 2985 2539 3224 2602; x_wconf 83' lang='lat' dir='ltr'><strong>litteram</strong></span> 
     </span>
     <span class='ocr_line' id='line_1_24' title="bbox 658 2637 3224 2721; baseline 0.002 -21"><span class='ocrx_word' id='word_1_251' title='bbox 658 2637 750 2700; x_wconf 88' lang='lat' dir='ltr'><strong>vel</strong></span> <span class='ocrx_word' id='word_1_252' title='bbox 816 2639 1091 2721; x_wconf 79' lang='lat' dir='ltr'><strong>syllabam</strong></span> <span class='ocrx_word' id='word_1_253' title='bbox 1150 2643 1429 2704; x_wconf 87' lang='lat' dir='ltr'><strong>omittunt</strong></span> <span class='ocrx_word' id='word_1_254' title='bbox 1481 2650 1541 2704; x_wconf 87' lang='lat' dir='ltr'><strong>et</strong></span> <span class='ocrx_word' id='word_1_255' title='bbox 1606 2642 1922 2706; x_wconf 83' lang='lat' dir='ltr'><strong>ablativum</strong></span> <span class='ocrx_word' id='word_1_256' title='bbox 1978 2661 2182 2706; x_wconf 87' lang='lat' dir='ltr'><strong>casum</strong></span> <span class='ocrx_word' id='word_1_257' title='bbox 2229 2644 2480 2706; x_wconf 77' lang='lat' dir='ltr'><strong>numeri</strong></span> <span class='ocrx_word' id='word_1_258' title='bbox 2536 2642 2845 2720; x_wconf 81' lang='lat' dir='ltr'><strong>singularis</strong></span> <span class='ocrx_word' id='word_1_259' title='bbox 2901 2643 3224 2706; x_wconf 87' lang='lat' dir='ltr'><strong>ostendunt.</strong></span> 
     </span>
     <span class='ocr_line' id='line_1_25' title="bbox 658 2743 3226 2826; baseline 0.002 -24"><span class='ocrx_word' id='word_1_260' title='bbox 658 2760 818 2804; x_wconf 92' lang='lat' dir='ltr'><strong>nunc</strong></span> <span class='ocrx_word' id='word_1_261' title='bbox 862 2761 993 2806; x_wconf 90' lang='lat' dir='ltr'><strong>cum</strong></span> <span class='ocrx_word' id='word_1_262' title='bbox 1039 2751 1100 2806; x_wconf 89' lang='lat' dir='ltr'><strong>et</strong></span> <span class='ocrx_word' id='word_1_263' title='bbox 1139 2743 1285 2806; x_wconf 90' lang='lat' dir='ltr'><strong>haec</strong></span> <span class='ocrx_word' id='word_1_264' title='bbox 1332 2763 1513 2824; x_wconf 86' lang='lat' dir='ltr'><strong>supra</strong></span> <span class='ocrx_word' id='word_1_265' title='bbox 1554 2745 1707 2808; x_wconf 90' lang='lat' dir='ltr'><strong>dicta</strong></span> <span class='ocrx_word' id='word_1_266' title='bbox 1751 2745 1987 2807; x_wconf 89' lang='lat' dir='ltr'><strong>nomina</strong></span> <span class='ocrx_word' id='word_1_267' title='bbox 2036 2765 2110 2808; x_wconf 84' lang='lat' dir='ltr'><strong>ex</strong></span> <span class='ocrx_word' id='word_1_268' title='bbox 2161 2763 2342 2826; x_wconf 89' lang='lat' dir='ltr'><strong>supra</strong></span> <span class='ocrx_word' id='word_1_269' title='bbox 2385 2745 2554 2809; x_wconf 88' lang='lat' dir='ltr'><strong>dictis</strong></span> <span class='ocrx_word' id='word_1_270' title='bbox 2597 2744 2830 2807; x_wconf 86' lang='lat' dir='ltr'><strong>casibus</strong></span> <span class='ocrx_word' id='word_1_271' title='bbox 2881 2746 3001 2807; x_wconf 90' lang='lat' dir='ltr'><strong>hoc</strong></span> <span class='ocrx_word' id='word_1_272' title='bbox 3047 2743 3226 2807; x_wconf 77' lang='lat' dir='ltr'><strong>facere</strong></span> 
     </span>
     <span class='ocr_line' id='line_1_26' title="bbox 659 2844 3226 2930; baseline 0.001 -25"><span class='ocrx_word' id='word_1_273' title='bbox 659 2846 1051 2924; x_wconf 86' lang='lat' dir='ltr'><strong>reperiantur,</strong></span> <span class='ocrx_word' id='word_1_274' title='bbox 1103 2854 1161 2908; x_wconf 92' lang='lat' dir='ltr'><strong>et</strong></span> <span class='ocrx_word' id='word_1_275' title='bbox 1194 2848 1327 2909; x_wconf 90' lang='lat' dir='ltr'><strong>ideo</strong></span> <span class='ocrx_word' id='word_1_276' title='bbox 1364 2848 1425 2908; x_wconf 90' lang='lat' dir='ltr'><strong>in</strong></span> <span class='ocrx_word' id='word_1_277' title='bbox 1462 2848 1646 2910; x_wconf 88' lang='lat' dir='ltr'><strong>isdem</strong></span> <span class='ocrx_word' id='word_1_278' title='bbox 1690 2847 1927 2912; x_wconf 89' lang='lat' dir='ltr'><strong>casibus</strong></span> <span class='ocrx_word' id='word_1_279' title='bbox 1968 2847 2288 2928; x_wconf 84' lang='lat' dir='ltr'><strong>analogice,</strong></span> <span class='ocrx_word' id='word_1_280' title='bbox 2333 2867 2454 2910; x_wconf 90' lang='lat' dir='ltr'><strong>non</strong></span> <span class='ocrx_word' id='word_1_281' title='bbox 2485 2848 2754 2910; x_wconf 89' lang='lat' dir='ltr'><strong>anomale</strong></span> <span class='ocrx_word' id='word_1_282' title='bbox 2795 2845 3181 2910; x_wconf 75' lang='lat' dir='ltr'><strong>declinantm.</strong></span> <span class='ocrx_word' id='word_1_283' title='bbox 3211 2844 3226 2930; x_wconf 82' lang='grc' dir='ltr'>Ι</span> 
     </span>
     <span class='ocr_line' id='line_1_27' title="bbox 581 2947 3224 3030; baseline 0.001 -21"><span class='ocrx_word' id='word_1_284' title='bbox 581 2967 634 3009; x_wconf 74' lang='lat'><strong>25</strong></span> <span class='ocrx_word' id='word_1_285' title='bbox 660 2947 802 3014; x_wconf 87' lang='lat' dir='ltr'><strong>item</strong></span> <span class='ocrx_word' id='word_1_286' title='bbox 840 2950 1144 3028; x_wconf 86' lang='lat' dir='ltr'><strong>quaeritur</strong></span> <span class='ocrx_word' id='word_1_287' title='bbox 1188 2949 1262 3011; x_wconf 88' lang='lat' dir='ltr'><strong>de</strong></span> <span class='ocrx_word' id='word_1_288' title='bbox 1310 2951 1493 3012; x_wconf 88' lang='lat' dir='ltr'><strong>isdem</strong></span> <span class='ocrx_word' id='word_1_289' title='bbox 1538 2968 1717 3030; x_wconf 89' lang='lat' dir='ltr'><strong>supra</strong></span> <span class='ocrx_word' id='word_1_290' title='bbox 1763 2950 1930 3011; x_wconf 86' lang='lat' dir='ltr'><strong>dictis</strong></span> <span class='ocrx_word' id='word_1_291' title='bbox 1971 2949 2307 3012; x_wconf 86' lang='lat' dir='ltr'><strong>nominibus</strong></span> <span class='ocrx_word' id='word_1_292' title='bbox 2353 2956 2412 3011; x_wconf 87' lang='lat' dir='ltr'><strong>et</strong></span> <span class='ocrx_word' id='word_1_293' title='bbox 2447 2952 2510 3012; x_wconf 88' lang='lat' dir='ltr'><strong>in</strong></span> <span class='ocrx_word' id='word_1_294' title='bbox 2543 2949 2792 3012; x_wconf 83' lang='lat' dir='ltr'><strong>ablativo</strong></span> <span class='ocrx_word' id='word_1_295' title='bbox 2823 2968 2968 3012; x_wconf 87' lang='lat' dir='ltr'><strong>casu</strong></span> <span class='ocrx_word' id='word_1_296' title='bbox 3007 2951 3224 3012; x_wconf 86' lang='lat' dir='ltr'><strong>numeri</strong></span> 
     </span>
     <span class='ocr_line' id='line_1_28' title="bbox 658 3049 3225 3133; baseline 0.002 -25"><span class='ocrx_word' id='word_1_297' title='bbox 658 3049 993 3128; x_wconf 75' lang='lat' dir='ltr'><strong>singularia,</strong></span> <span class='ocrx_word' id='word_1_298' title='bbox 1035 3069 1169 3114; x_wconf 91' lang='lat' dir='ltr'><strong>cum</strong></span> <span class='ocrx_word' id='word_1_299' title='bbox 1213 3052 1285 3115; x_wconf 93' lang='lat' dir='ltr'><strong>ad</strong></span> <span class='ocrx_word' id='word_1_300' title='bbox 1330 3053 1579 3114; x_wconf 85' lang='lat' dir='ltr'><strong>sormam</strong></span> <span class='ocrx_word' id='word_1_301' title='bbox 1616 3053 1835 3133; x_wconf 85' lang='lat' dir='ltr'><strong>speciei</strong></span> <span class='ocrx_word' id='word_1_302' title='bbox 1871 3071 1990 3114; x_wconf 90' lang='lat' dir='ltr'><strong>non</strong></span> <span class='ocrx_word' id='word_1_303' title='bbox 2031 3053 2399 3114; x_wconf 85' lang='lat' dir='ltr'><strong>inveniantur</strong></span> <span class='ocrx_word' id='word_1_304' title='bbox 2441 3051 2741 3123; x_wconf 89' lang='lat' dir='ltr'><strong>declinari,</strong></span> <span class='ocrx_word' id='word_1_305' title='bbox 2783 3070 2901 3132; x_wconf 86' lang='lat' dir='ltr'><strong>qua</strong></span> <span class='ocrx_word' id='word_1_306' title='bbox 2947 3053 3022 3114; x_wconf 90' lang='lat' dir='ltr'><strong>de</strong></span> <span class='ocrx_word' id='word_1_307' title='bbox 3064 3069 3225 3113; x_wconf 84' lang='lat' dir='ltr'><strong>causa</strong></span> 
     </span>
     <span class='ocr_line' id='line_1_29' title="bbox 658 3141 3256 3235; baseline 0 -21"><span class='ocrx_word' id='word_1_308' title='bbox 658 3157 717 3214; x_wconf 88' lang='lat' dir='ltr'><strong>et</strong></span> <span class='ocrx_word' id='word_1_309' title='bbox 777 3154 840 3213; x_wconf 90' lang='lat' dir='ltr'><strong>in</strong></span> <span class='ocrx_word' id='word_1_310' title='bbox 903 3153 1111 3216; x_wconf 89' lang='lat' dir='ltr'><strong>eodem</strong></span> <span class='ocrx_word' id='word_1_311' title='bbox 1180 3173 1323 3217; x_wconf 90' lang='lat' dir='ltr'><strong>casu</strong></span> <span class='ocrx_word' id='word_1_312' title='bbox 1390 3173 1511 3216; x_wconf 90' lang='lat' dir='ltr'><strong>non</strong></span> <span class='ocrx_word' id='word_1_313' title='bbox 1576 3154 1845 3218; x_wconf 88' lang='lat' dir='ltr'><strong>anomale</strong></span> <span class='ocrx_word' id='word_1_314' title='bbox 1908 3154 2179 3216; x_wconf 84' lang='lat' dir='ltr'><strong>dicantur</strong></span> <span class='ocrx_word' id='word_1_315' title='bbox 2245 3155 2632 3235; x_wconf 89' lang='lat' dir='ltr'><strong>pronuntiari.</strong></span> <span class='ocrx_word' id='word_1_316' title='bbox 2721 3155 2834 3217; x_wconf 89' lang='lat' dir='ltr'><strong>hac</strong></span> <span class='ocrx_word' id='word_1_317' title='bbox 2897 3154 2976 3217; x_wconf 88' lang='lat' dir='ltr'><strong>de</strong></span> <span class='ocrx_word' id='word_1_318' title='bbox 3043 3141 3256 3224; x_wconf 82' lang='lat' dir='ltr'><strong>causa,‘</strong></span> 
     </span>
     <span class='ocr_line' id='line_1_30' title="bbox 658 3255 3226 3338; baseline 0.001 -22"><span class='ocrx_word' id='word_1_319' title='bbox 658 3256 939 3335; x_wconf 85' lang='lat' dir='ltr'><strong>quoniam</strong></span> <span class='ocrx_word' id='word_1_320' title='bbox 982 3275 1389 3338; x_wconf 84' lang='lat' dir='ltr'><strong>quaecumque</strong></span> <span class='ocrx_word' id='word_1_321' title='bbox 1432 3259 1671 3320; x_wconf 88' lang='lat' dir='ltr'><strong>nomina</strong></span> <span class='ocrx_word' id='word_1_322' title='bbox 1712 3257 1963 3319; x_wconf 87' lang='lat' dir='ltr'><strong>ablativo</strong></span> <span class='ocrx_word' id='word_1_323' title='bbox 2005 3275 2146 3320; x_wconf 88' lang='lat' dir='ltr'><strong>casu</strong></span> <span class='ocrx_word' id='word_1_324' title='bbox 2189 3259 2420 3320; x_wconf 88' lang='lat' dir='ltr'><strong>numeri</strong></span> <span class='ocrx_word' id='word_1_325' title='bbox 2463 3257 2776 3334; x_wconf 81' lang='lat' dir='ltr'><strong>singularis</strong></span> <span class='ocrx_word' id='word_1_326' title='bbox 2819 3275 2852 3318; x_wconf 92' lang='lat' dir='ltr'><strong>e</strong></span> <span class='ocrx_word' id='word_1_327' title='bbox 2879 3255 3078 3319; x_wconf 78' lang='lat' dir='ltr'><strong>littera</strong></span> <span class='ocrx_word' id='word_1_328' title='bbox 3119 3263 3226 3318; x_wconf 86' lang='lat' dir='ltr'><strong>ter·</strong></span> 
     </span>
     <span class='ocr_line' id='line_1_31' title="bbox 659 3358 3222 3439; baseline 0 -21"><span class='ocrx_word' id='word_1_329' title='bbox 659 3360 959 3420; x_wconf 90' lang='lat' dir='ltr'><strong>minantur</strong></span> <span class='ocrx_word' id='word_1_330' title='bbox 1004 3367 1061 3420; x_wconf 90' lang='lat' dir='ltr'><strong>et</strong></span> <span class='ocrx_word' id='word_1_331' title='bbox 1110 3359 1167 3419; x_wconf 89' lang='lat' dir='ltr'><strong>in</strong></span> <span class='ocrx_word' id='word_1_332' title='bbox 1212 3359 1423 3422; x_wconf 88' lang='lat' dir='ltr'><strong>eodem</strong></span> <span class='ocrx_word' id='word_1_333' title='bbox 1470 3362 1703 3439; x_wconf 79' lang='lat' dir='ltr'><strong>integro</strong></span> <span class='ocrx_word' id='word_1_334' title='bbox 1755 3359 2006 3422; x_wconf 86' lang='lat' dir='ltr'><strong>ablativo</strong></span> <span class='ocrx_word' id='word_1_335' title='bbox 2063 3379 2202 3422; x_wconf 90' lang='lat' dir='ltr'><strong>casu</strong></span> <span class='ocrx_word' id='word_1_336' title='bbox 2253 3362 2486 3422; x_wconf 90' lang='lat' dir='ltr'><strong>numeri</strong></span> <span class='ocrx_word' id='word_1_337' title='bbox 2527 3359 2839 3439; x_wconf 81' lang='lat' dir='ltr'><strong>singularis</strong></span> <span class='ocrx_word' id='word_1_338' title='bbox 2876 3377 3016 3420; x_wconf 87' lang='lat' dir='ltr'><strong>rum</strong></span> <span class='ocrx_word' id='word_1_339' title='bbox 3069 3358 3222 3439; x_wconf 85' lang='lat' dir='ltr'><strong>sylla·</strong></span> 
     </span>
     <span class='ocr_line' id='line_1_32' title="bbox 582 3459 3224 3542; baseline 0.001 -22"><span class='ocrx_word' id='word_1_340' title='bbox 582 3477 635 3520; x_wconf 76' lang='lat' dir='ltr'><strong>ao</strong></span> <span class='ocrx_word' id='word_1_341' title='bbox 660 3459 797 3522; x_wconf 85' lang='lat' dir='ltr'><strong>bam</strong></span> <span class='ocrx_word' id='word_1_342' title='bbox 842 3461 1137 3540; x_wconf 90' lang='lat' dir='ltr'><strong>accipiunt</strong></span> <span class='ocrx_word' id='word_1_343' title='bbox 1191 3469 1249 3524; x_wconf 89' lang='lat' dir='ltr'><strong>et</strong></span> <span class='ocrx_word' id='word_1_344' title='bbox 1289 3463 1623 3541; x_wconf 83' lang='lat' dir='ltr'><strong>genetivum</strong></span> <span class='ocrx_word' id='word_1_345' title='bbox 1665 3480 1868 3525; x_wconf 90' lang='lat' dir='ltr'><strong>casum</strong></span> <span class='ocrx_word' id='word_1_346' title='bbox 1921 3463 2156 3524; x_wconf 89' lang='lat' dir='ltr'><strong>numeri</strong></span> <span class='ocrx_word' id='word_1_347' title='bbox 2195 3461 2442 3542; x_wconf 88' lang='lat' dir='ltr'><strong>pluralis</strong></span> <span class='ocrx_word' id='word_1_348' title='bbox 2485 3461 2831 3532; x_wconf 85' lang='lat' dir='ltr'><strong>ostendunt,</strong></span> <span class='ocrx_word' id='word_1_349' title='bbox 2887 3461 3040 3524; x_wconf 86' lang='lat' dir='ltr'><strong>haec</strong></span> <span class='ocrx_word' id='word_1_350' title='bbox 3085 3461 3157 3522; x_wconf 88' lang='lat' dir='ltr'><strong>ab</strong></span> <span class='ocrx_word' id='word_1_351' title='bbox 3197 3480 3224 3522; x_wconf 86' lang='lat' dir='ltr'><strong>e</strong></span> 
     </span>
     <span class='ocr_line' id='line_1_33' title="bbox 659 3561 3224 3644; baseline 0 -22"><span class='ocrx_word' id='word_1_352' title='bbox 659 3561 950 3640; x_wconf 89' lang='lat' dir='ltr'><strong>producto</strong></span> <span class='ocrx_word' id='word_1_353' title='bbox 999 3565 1201 3625; x_wconf 88' lang='lat' dir='ltr'><strong>venire</strong></span> <span class='ocrx_word' id='word_1_354' title='bbox 1246 3565 1645 3642; x_wconf 87' lang='lat' dir='ltr'><strong>reperiuntur.</strong></span> <span class='ocrx_word' id='word_1_355' title='bbox 1733 3582 1894 3626; x_wconf 90' lang='lat' dir='ltr'><strong>nunc</strong></span> <span class='ocrx_word' id='word_1_356' title='bbox 1947 3582 2082 3626; x_wconf 91' lang='lat' dir='ltr'><strong>cum</strong></span> <span class='ocrx_word' id='word_1_357' title='bbox 2134 3571 2194 3626; x_wconf 89' lang='lat' dir='ltr'><strong>et</strong></span> <span class='ocrx_word' id='word_1_358' title='bbox 2248 3564 2396 3626; x_wconf 87' lang='lat' dir='ltr'><strong>haec</strong></span> <span class='ocrx_word' id='word_1_359' title='bbox 2445 3582 2624 3644; x_wconf 87' lang='lat' dir='ltr'><strong>supra</strong></span> <span class='ocrx_word' id='word_1_360' title='bbox 2675 3564 2830 3626; x_wconf 83' lang='lat' dir='ltr'><strong>dicta</strong></span> <span class='ocrx_word' id='word_1_361' title='bbox 2885 3565 3122 3626; x_wconf 87' lang='lat' dir='ltr'><strong>nomina</strong></span> <span class='ocrx_word' id='word_1_362' title='bbox 3173 3563 3224 3622; x_wconf 91' lang='lat' dir='ltr'><strong>in</strong></span> 
     </span>
     <span class='ocr_line' id='line_1_34' title="bbox 659 3662 3226 3746; baseline 0.001 -23"><span class='ocrx_word' id='word_1_363' title='bbox 659 3662 773 3724; x_wconf 88' lang='lat' dir='ltr'><strong>boc</strong></span> <span class='ocrx_word' id='word_1_364' title='bbox 810 3681 991 3741; x_wconf 88' lang='lat' dir='ltr'><strong>supra</strong></span> <span class='ocrx_word' id='word_1_365' title='bbox 1034 3665 1190 3727; x_wconf 87' lang='lat' dir='ltr'><strong>dicto</strong></span> <span class='ocrx_word' id='word_1_366' title='bbox 1233 3683 1371 3728; x_wconf 87' lang='lat' dir='ltr'><strong>casu</strong></span> <span class='ocrx_word' id='word_1_367' title='bbox 1412 3666 1527 3727; x_wconf 89' lang='lat' dir='ltr'><strong>boc</strong></span> <span class='ocrx_word' id='word_1_368' title='bbox 1570 3667 1767 3728; x_wconf 80' lang='lat' dir='ltr'><strong>facere</strong></span> <span class='ocrx_word' id='word_1_369' title='bbox 1801 3668 2194 3746; x_wconf 87' lang='lat' dir='ltr'><strong>reperiantur,</strong></span> <span class='ocrx_word' id='word_1_370' title='bbox 2241 3674 2298 3729; x_wconf 88' lang='lat' dir='ltr'><strong>et</strong></span> <span class='ocrx_word' id='word_1_371' title='bbox 2331 3666 2468 3728; x_wconf 89' lang='lat' dir='ltr'><strong>ideo</strong></span> <span class='ocrx_word' id='word_1_372' title='bbox 2510 3667 2574 3728; x_wconf 86' lang='lat' dir='ltr'><strong>in</strong></span> <span class='ocrx_word' id='word_1_373' title='bbox 2617 3665 2825 3728; x_wconf 87' lang='lat' dir='ltr'><strong>eodem</strong></span> <span class='ocrx_word' id='word_1_374' title='bbox 2867 3684 3052 3745; x_wconf 86' lang='lat' dir='ltr'><strong>supra</strong></span> <span class='ocrx_word' id='word_1_375' title='bbox 3079 3665 3226 3727; x_wconf 89' lang='lat' dir='ltr'><strong>dicto</strong></span> 
     </span>
     <span class='ocr_line' id='line_1_35' title="bbox 660 3767 2108 3848; baseline 0.003 -23"><span class='ocrx_word' id='word_1_376' title='bbox 660 3783 798 3826; x_wconf 89' lang='lat' dir='ltr'><strong>casu</strong></span> <span class='ocrx_word' id='word_1_377' title='bbox 844 3782 961 3825; x_wconf 91' lang='lat' dir='ltr'><strong>non</strong></span> <span class='ocrx_word' id='word_1_378' title='bbox 1002 3767 1268 3830; x_wconf 88' lang='lat' dir='ltr'><strong>anomale</strong></span> <span class='ocrx_word' id='word_1_379' title='bbox 1312 3767 1593 3830; x_wconf 87' lang='lat' dir='ltr'><strong>declinari</strong></span> <span class='ocrx_word' id='word_1_380' title='bbox 1628 3770 2108 3848; x_wconf 88' lang='lat' dir='ltr'><strong>pronuntiantur.</strong></span> 
     </span>
     <span class='ocr_line' id='line_1_36' title="bbox 832 3868 3228 3950; baseline 0 -21"><span class='ocrx_word' id='word_1_381' title='bbox 832 3868 975 3932; x_wconf 89' lang='lat' dir='ltr'><strong>ltem</strong></span> <span class='ocrx_word' id='word_1_382' title='bbox 1030 3871 1337 3950; x_wconf 84' lang='lat' dir='ltr'><strong>quaeritur</strong></span> <span class='ocrx_word' id='word_1_383' title='bbox 1400 3870 1611 3934; x_wconf 89' lang='lat' dir='ltr'><strong>barum</strong></span> <span class='ocrx_word' id='word_1_384' title='bbox 1664 3868 2012 3941; x_wconf 87' lang='lat' dir='ltr'><strong>mulierum,</strong></span> <span class='ocrx_word' id='word_1_385' title='bbox 2069 3888 2202 3934; x_wconf 88' lang='lat' dir='ltr'><strong>cum</strong></span> <span class='ocrx_word' id='word_1_386' title='bbox 2260 3871 2447 3934; x_wconf 85' lang='lat' dir='ltr'><strong>isdem</strong></span> <span class='ocrx_word' id='word_1_387' title='bbox 2503 3869 2712 3932; x_wconf 84' lang='lat' dir='ltr'><strong>litteris</strong></span> <span class='ocrx_word' id='word_1_388' title='bbox 2773 3871 3084 3932; x_wconf 79' lang='lat' dir='ltr'><strong>definiatur</strong></span> <span class='ocrx_word' id='word_1_389' title='bbox 3139 3870 3228 3930; x_wconf 87' lang='lat' dir='ltr'><strong>hic</strong></span> 
     </span>
     <span class='ocr_line' id='line_1_37' title="bbox 584 3971 3224 4054; baseline 0.001 -24"><span class='ocrx_word' id='word_1_390' title='bbox 584 3987 635 4030; x_wconf 75' lang='lat' dir='ltr'><strong>as</strong></span> <span class='ocrx_word' id='word_1_391' title='bbox 662 3972 995 4050; x_wconf 80' lang='lat' dir='ltr'><strong>genetivus,</strong></span> <span class='ocrx_word' id='word_1_392' title='bbox 1056 3971 1273 4053; x_wconf 91' lang='lat' dir='ltr'><strong>quibus</strong></span> <span class='ocrx_word' id='word_1_393' title='bbox 1322 3980 1378 4034; x_wconf 90' lang='lat' dir='ltr'><strong>et</strong></span> <span class='ocrx_word' id='word_1_394' title='bbox 1429 3971 1555 4046; x_wconf 90' lang='lat' dir='ltr'><strong>ille,</strong></span> <span class='ocrx_word' id='word_1_395' title='bbox 1605 3974 1707 4053; x_wconf 91' lang='lat' dir='ltr'><strong>qui</strong></span> <span class='ocrx_word' id='word_1_396' title='bbox 1755 3972 1830 4034; x_wconf 89' lang='lat' dir='ltr'><strong>ab</strong></span> <span class='ocrx_word' id='word_1_397' title='bbox 1885 3973 2083 4051; x_wconf 89' lang='lat' dir='ltr'><strong>specie</strong></span> <span class='ocrx_word' id='word_1_398' title='bbox 2137 3975 2337 4035; x_wconf 86' lang='lat' dir='ltr'><strong>venire</strong></span> <span class='ocrx_word' id='word_1_399' title='bbox 2392 3972 2708 4052; x_wconf 87' lang='lat' dir='ltr'><strong>probatur,</strong></span> <span class='ocrx_word' id='word_1_400' title='bbox 2764 3991 2884 4054; x_wconf 85' lang='lat' dir='ltr'><strong>qua</strong></span> <span class='ocrx_word' id='word_1_401' title='bbox 2931 3973 3006 4036; x_wconf 89' lang='lat' dir='ltr'><strong>de</strong></span> <span class='ocrx_word' id='word_1_402' title='bbox 3059 3989 3224 4034; x_wconf 88' lang='lat' dir='ltr'><strong>causa</strong></span> 
     </span>
     <span class='ocr_line' id='line_1_38' title="bbox 659 4067 3223 4155; baseline -0 -19"><span class='ocrx_word' id='word_1_403' title='bbox 659 4073 971 4137; x_wconf 88' lang='lat' dir='ltr'><strong>mulierum</strong></span> <span class='ocrx_word' id='word_1_404' title='bbox 1014 4091 1133 4136; x_wconf 89' lang='lat' dir='ltr'><strong>non</strong></span> <span class='ocrx_word' id='word_1_405' title='bbox 1163 4074 1236 4136; x_wconf 94' lang='lat' dir='ltr'><strong>ab</strong></span> <span class='ocrx_word' id='word_1_406' title='bbox 1278 4094 1311 4136; x_wconf 92' lang='lat' dir='ltr'><strong>e</strong></span> <span class='ocrx_word' id='word_1_407' title='bbox 1338 4075 1631 4154; x_wconf 87' lang='lat' dir='ltr'><strong>producto</strong></span> <span class='ocrx_word' id='word_1_408' title='bbox 1672 4077 1874 4154; x_wconf 71' lang='lat' dir='ltr'><strong>venire</strong></span> <span class='ocrx_word' id='word_1_409' title='bbox 1913 4076 2345 4155; x_wconf 86' lang='lat' dir='ltr'><strong>pronuntietur.</strong></span> <span class='ocrx_word' id='word_1_410' title='bbox 2407 4075 2520 4136; x_wconf 89' lang='lat' dir='ltr'><strong>hac</strong></span> <span class='ocrx_word' id='word_1_411' title='bbox 2559 4075 2632 4137; x_wconf 89' lang='lat' dir='ltr'><strong>de</strong></span> <span class='ocrx_word' id='word_1_412' title='bbox 2671 4093 2866 4144; x_wconf 89' lang='lat' dir='ltr'><strong>causa,</strong></span> <span class='ocrx_word' id='word_1_413' title='bbox 2911 4075 3184 4154; x_wconf 87' lang='lat' dir='ltr'><strong>quoniam</strong></span> <span class='ocrx_word' id='word_1_414' title='bbox 3215 4067 3223 4154; x_wconf 93' lang='grc' dir='ltr'>Ι</span> 
     </span>
     <span class='ocr_line' id='line_1_39' title="bbox 658 4177 3227 4259; baseline -0 -20"><span class='ocrx_word' id='word_1_415' title='bbox 658 4196 1067 4259; x_wconf 87' lang='lat' dir='ltr'><strong>quaecumque</strong></span> <span class='ocrx_word' id='word_1_416' title='bbox 1112 4179 1349 4239; x_wconf 90' lang='lat' dir='ltr'><strong>nomina</strong></span> <span class='ocrx_word' id='word_1_417' title='bbox 1403 4177 1476 4238; x_wconf 91' lang='lat' dir='ltr'><strong>ab</strong></span> <span class='ocrx_word' id='word_1_418' title='bbox 1522 4197 1555 4240; x_wconf 92' lang='lat' dir='ltr'><strong>e</strong></span> <span class='ocrx_word' id='word_1_419' title='bbox 1594 4178 1890 4257; x_wconf 87' lang='lat' dir='ltr'><strong>producto</strong></span> <span class='ocrx_word' id='word_1_420' title='bbox 1945 4179 2144 4238; x_wconf 88' lang='lat' dir='ltr'><strong>venire</strong></span> <span class='ocrx_word' id='word_1_421' title='bbox 2192 4178 2604 4257; x_wconf 87' lang='lat' dir='ltr'><strong>reperiuntur,</strong></span> <span class='ocrx_word' id='word_1_422' title='bbox 2657 4177 2804 4240; x_wconf 89' lang='lat' dir='ltr'><strong>baec</strong></span> <span class='ocrx_word' id='word_1_423' title='bbox 2849 4195 2923 4238; x_wconf 87' lang='lat' dir='ltr'><strong>ex</strong></span> <span class='ocrx_word' id='word_1_424' title='bbox 2965 4177 3227 4256; x_wconf 81' lang='lat' dir='ltr'><strong>genetivo</strong></span> 
     </span>
     <span class='ocr_line' id='line_1_40' title="bbox 658 4278 3228 4361; baseline -0.002 -19"><span class='ocrx_word' id='word_1_425' title='bbox 658 4297 799 4342; x_wconf 88' lang='lat' dir='ltr'><strong>casu</strong></span> <span class='ocrx_word' id='word_1_426' title='bbox 844 4283 1078 4342; x_wconf 89' lang='lat' dir='ltr'><strong>numeri</strong></span> <span class='ocrx_word' id='word_1_427' title='bbox 1126 4278 1369 4360; x_wconf 87' lang='lat' dir='ltr'><strong>pluralis</strong></span> <span class='ocrx_word' id='word_1_428' title='bbox 1416 4299 1549 4340; x_wconf 89' lang='lat' dir='ltr'><strong>rum</strong></span> <span class='ocrx_word' id='word_1_429' title='bbox 1606 4278 1888 4361; x_wconf 73' lang='lat' dir='ltr'><strong>syllabam</strong></span> <span class='ocrx_word' id='word_1_430' title='bbox 1945 4281 2222 4342; x_wconf 88' lang='lat' dir='ltr'><strong>omittunt</strong></span> <span class='ocrx_word' id='word_1_431' title='bbox 2276 4287 2336 4342; x_wconf 92' lang='lat' dir='ltr'><strong>et</strong></span> <span class='ocrx_word' id='word_1_432' title='bbox 2377 4279 2692 4342; x_wconf 82' lang='lat' dir='ltr'><strong>ablativum</strong></span> <span class='ocrx_word' id='word_1_433' title='bbox 2749 4297 2951 4341; x_wconf 89' lang='lat' dir='ltr'><strong>casum</strong></span> <span class='ocrx_word' id='word_1_434' title='bbox 3000 4279 3228 4340; x_wconf 88' lang='lat' dir='ltr'><strong>numeri</strong></span> 
     </span>
     <span class='ocr_line' id='line_1_41' title="bbox 660 4381 3222 4462; baseline -0.001 -19"><span class='ocrx_word' id='word_1_435' title='bbox 660 4383 973 4462; x_wconf 86' lang='lat' dir='ltr'><strong>singularis</strong></span> <span class='ocrx_word' id='word_1_436' title='bbox 1010 4383 1348 4446; x_wconf 86' lang='lat' dir='ltr'><strong>ostendunt.</strong></span> <span class='ocrx_word' id='word_1_437' title='bbox 1407 4399 1563 4444; x_wconf 91' lang='lat' dir='ltr'><strong>nunc</strong></span> <span class='ocrx_word' id='word_1_438' title='bbox 1600 4383 1651 4442; x_wconf 91' lang='lat' dir='ltr'><strong>si</strong></span> <span class='ocrx_word' id='word_1_439' title='bbox 1677 4381 1996 4444; x_wconf 87' lang='lat' dir='ltr'><strong>mulierum</strong></span> <span class='ocrx_word' id='word_1_440' title='bbox 2033 4400 2168 4444; x_wconf 88' lang='lat' dir='ltr'><strong>rum</strong></span> <span class='ocrx_word' id='word_1_441' title='bbox 2203 4381 2488 4462; x_wconf 76' lang='lat' dir='ltr'><strong>syllabam</strong></span> <span class='ocrx_word' id='word_1_442' title='bbox 2525 4384 2768 4452; x_wconf 86' lang='lat' dir='ltr'><strong>omittat,</strong></span> <span class='ocrx_word' id='word_1_443' title='bbox 2809 4381 3222 4462; x_wconf 87' lang='lat' dir='ltr'><strong>numquidnam</strong></span> 
     </span>
     <span class='ocr_line' id='line_1_42' title="bbox 582 4481 3224 4563; baseline 0 -21"><span class='ocrx_word' id='word_1_444' title='bbox 582 4499 636 4542; x_wconf 64' lang='grc' dir='ltr'><strong>ιο</strong></span> <span class='ocrx_word' id='word_1_445' title='bbox 662 4483 975 4548; x_wconf 89' lang='lat' dir='ltr'><strong>ablativum</strong></span> <span class='ocrx_word' id='word_1_446' title='bbox 1020 4501 1219 4548; x_wconf 89' lang='lat' dir='ltr'><strong>casum</strong></span> <span class='ocrx_word' id='word_1_447' title='bbox 1274 4485 1509 4546; x_wconf 89' lang='lat' dir='ltr'><strong>numeri</strong></span> <span class='ocrx_word' id='word_1_448' title='bbox 1550 4483 1774 4548; x_wconf 89' lang='lat' dir='ltr'><strong>scilicet</strong></span> <span class='ocrx_word' id='word_1_449' title='bbox 1815 4481 2124 4563; x_wconf 79' lang='lat' dir='ltr'><strong>singularis</strong></span> <span class='ocrx_word' id='word_1_450' title='bbox 2177 4484 2573 4546; x_wconf 73' lang='lat' dir='ltr'><strong>demonstrat?</strong></span> <span class='ocrx_word' id='word_1_451' title='bbox 2644 4491 2702 4546; x_wconf 93' lang='lat' dir='ltr'><strong>et</strong></span> <span class='ocrx_word' id='word_1_452' title='bbox 2741 4483 2876 4546; x_wconf 88' lang='lat' dir='ltr'><strong>ideo</strong></span> <span class='ocrx_word' id='word_1_453' title='bbox 2919 4481 3224 4546; x_wconf 85' lang='lat' dir='ltr'><strong>mulierum</strong></span> 
     </span>
     <span class='ocr_line' id='line_1_43' title="bbox 660 4585 2393 4666; baseline 0.001 -19"><span class='ocrx_word' id='word_1_454' title='bbox 660 4585 735 4648; x_wconf 90' lang='lat' dir='ltr'><strong>ab</strong></span> <span class='ocrx_word' id='word_1_455' title='bbox 775 4606 808 4648; x_wconf 90' lang='lat' dir='ltr'><strong>e</strong></span> <span class='ocrx_word' id='word_1_456' title='bbox 846 4594 1140 4666; x_wconf 87' lang='lat' dir='ltr'><strong>correpto,</strong></span> <span class='ocrx_word' id='word_1_457' title='bbox 1180 4605 1297 4648; x_wconf 89' lang='lat' dir='ltr'><strong>non</strong></span> <span class='ocrx_word' id='word_1_458' title='bbox 1338 4586 1411 4648; x_wconf 90' lang='lat' dir='ltr'><strong>ab</strong></span> <span class='ocrx_word' id='word_1_459' title='bbox 1458 4607 1491 4650; x_wconf 91' lang='lat' dir='ltr'><strong>e</strong></span> <span class='ocrx_word' id='word_1_460' title='bbox 1529 4587 1820 4666; x_wconf 89' lang='lat' dir='ltr'><strong>producto</strong></span> <span class='ocrx_word' id='word_1_461' title='bbox 1852 4587 2064 4648; x_wconf 86' lang='lat' dir='ltr'><strong>-venire</strong></span> <span class='ocrx_word' id='word_1_462' title='bbox 2105 4585 2393 4650; x_wconf 65' lang='lat' dir='ltr'><strong>declarat:</strong></span> 
     </span>
    </p>
   </div>
   <div class='ocr_carea' id='block_1_4' title="bbox 802 4798 2967 4869">
    <p class='ocr_par' dir='ltr' id='par_1_4' title="bbox 802 4798 2967 4869">
     <span class='ocr_line' id='line_1_44' title="bbox 802 4798 2967 4869; baseline 0.001 -19"><span class='ocrx_word' id='word_1_463' title='bbox 802 4799 867 4852; x_wconf 85' lang='lat'><strong>16</strong></span> <span class='ocrx_word' id='word_1_464' title='bbox 902 4798 1233 4851; x_wconf 82' lang='lat' dir='ltr'><strong>tractabimus</strong></span> <span class='ocrx_word' id='word_1_465' title='bbox 1264 4816 1297 4850; x_wconf 79' lang='lat' dir='ltr'><strong>r</strong></span> <span class='ocrx_word' id='word_1_466' title='bbox 1330 4801 1657 4852; x_wconf 82' lang='lat' dir='ltr'><strong>tractauimus</strong></span> <span class='ocrx_word' id='word_1_467' title='bbox 1692 4801 1792 4854; x_wconf 81' lang='lat' dir='ltr'><strong>RB</strong></span> <span class='ocrx_word' id='word_1_468' title='bbox 1929 4800 1996 4854; x_wconf 80' lang='lat'><strong>36</strong></span> <span class='ocrx_word' id='word_1_469' title='bbox 2033 4801 2383 4868; x_wconf 78' lang='lat' dir='ltr'><strong>pronuntietur</strong></span> <span class='ocrx_word' id='word_1_470' title='bbox 2413 4817 2448 4852; x_wconf 81' lang='lat' dir='ltr'><strong>r</strong></span> <span class='ocrx_word' id='word_1_471' title='bbox 2477 4803 2834 4869; x_wconf 77' lang='lat' dir='ltr'><strong>pronuntiatur</strong></span> <span class='ocrx_word' id='word_1_472' title='bbox 2869 4800 2967 4854; x_wconf 80' lang='lat' dir='ltr'><strong>RB</strong></span> 
     </span>
    </p>
   </div>
  </div>
 </body>
</html>
