3434 5442
939 314 1334 385 INSTITVTA
1381 314 1662 377 ARTIVM
1703 316 1905 377 576—
1916 314 2037 377 588
2194 336 2197 341 ·
2662 318 2779 381 ¹:15

217 431 860 583 alngavaffqzomm
839 501 1130 582 aliquibus
1183 501 1374 581 aliqua
1429 502 1622 583 aliqua
1671 501 1746 565 ab
1790 501 2098 582 aliquibus.
2188 444 2411 581 nequis
2432 431 2777 581 3ἔιῖνοὸῗιονιιι(ιιι

216 606 488 665 infinitum
533 606 770 683 geneiis
811 604 1116 665 masculini
1161 606 1384 684 figurae
1423 605 1782 685 compositae
1826 606 2055 667 numeri
2100 603 2411 682 singularis
2456 623 2627 667 casus
2671 624 2774 665 no·

214 708 486 776 minativi,
535 713 594 767 et
635 704 1026 767 declinabitur
1063 724 1172 786 per
1205 704 1434 785 singula
1479 725 1696 785 genera
1742 706 1897 772 salva
1940 708 2138 785 specie
2181 724 2287 769 sua
2324 707 2397 769 ad
2444 706 2777 787 exemplum

213 808 462 871 alictiius.
553 810 738 886 siquis
783 825 1116 886 pronomen
1161 810 1454 883 infinitum
1509 811 1747 887 generis
1789 808 2097 871 masculini
2150 809 2374 885 figurae
2420 812 2779 889 compositae

213 911 426 973 numeri
461 908 778 989 singularis
819 928 992 973 casus
1032 912 1392 983 nominativi,
1439 920 1496 973 et
1529 910 1919 973 declinabitur
1960 929 2067 991 per
2096 894 2327 989 singula·
2360 928 2579 989 genera
2620 910 2775 975 salva
2824 937 2852 977 5

211 1014 390 1091 specie
419 1032 526 1075 sua
571 1012 644 1073 ad
687 1012 1022 1092 exemplum
1067 1012 1332 1073 alicuius,
1423 1012 1610 1092 qualis
1653 1031 1979 1091 pronomen
2020 1014 2309 1073 inlinitum
2346 1014 2581 1091 generis
2615 1032 2775 1075 com-

211 1116 386 1177 munis
423 1116 652 1193 figurae
695 1114 978 1193 simplicis
1019 1116 1258 1176 numeri
1299 1114 1615 1193 singularis
1655 1134 1827 1177 casus
1862 1115 2196 1185 nominativi
2238 1115 2489 1193 genetivi
2534 1118 2777 1177 vocativi

210 1224 262 1277 et
287 1217 596 1279 accusativi
639 1215 898 1295 pluralis,
951 1217 1108 1295 quod
1145 1216 1536 1281 declinabitur
1569 1218 1683 1279 sic:
1732 1219 1965 1282 numeri
1992 1216 2309 1293 singularis
2350 1216 2539 1295 qualis
2584 1216 2777 1298 qualis

211 1318 350 1397 quali
399 1318 636 1397 qualem
692 1317 880 1397 qualis
933 1337 968 1379 a
1013 1318 1185 1397 quale
1239 1327 1300 1381 et
1341 1339 1372 1382 a
1413 1318 1599 1399 quali,
1669 1320 1903 1379 numeri
1956 1318 2197 1398 pluralis
2260 1318 2465 1399 quales
2514 1318 2775 1397 qualium

210 1419 464 1497 qualibus
519 1418 726 1498 quales
762 1427 820 1481 et
858 1418 1046 1499 qualis
1093 1419 1298 1499 quales
1339 1440 1372 1482 a
1407 1420 1706 1501 qualibus:
1766 1422 2001 1499 generis
2046 1422 2241 1481 neutri
2298 1424 2531 1483 numeri
2574 1424 2852 1501 singu-1⁰

211 1521 332 1583 laris
383 1520 558 1599 quale
605 1520 792 1601 qualis
845 1520 1002 1600 quali
1052 1520 1224 1601 quale
1277 1520 1452 1601 quale
1510 1544 1542 1585 a
1589 1522 1761 1601 quale
1808 1530 1867 1584 et
1908 1544 1939 1585 a
1984 1522 2170 1603 quali,
2248 1525 2479 1585 numeri
2534 1524 2775 1603 pluralis
2892 1502 2924 1537 ⁰

211 1622 383 1702 qualia
427 1622 694 1702 qualium
721 1622 1004 1703 ,qualibus
1041 1622 1232 1703 qualia
1271 1623 1464 1703 qualia
1507 1646 1541 1685 a
1581 1624 1867 1702 qualibus,
1954 1624 2397 1703 qualiscumque
2442 1643 2775 1704 pronomen

207 1726 478 1787 inlinitum
545 1727 784 1803 generis
841 1726 1172 1795 communis
1233 1726 1458 1804 figurae
1515 1727 1873 1805 compositae
1938 1728 2171 1789 numeri
2218 1726 2529 1803 singularis
2604 1747 2773 1791 casus

211 1829 532 1889 nominativi
589 1828 840 1905 genetivi
897 1829 1144 1889 vocativi
1199 1835 1258 1889 et
1295 1829 1625 1891 accusativi
1675 1826 1953 1907 ‘'pluraliS,
2012 1829 2169 1908 quod
2227 1828 2617 1893 declinabitur
2654 1832 2771 1891 sic:

211 1932 418 1991 numeri
461 1928 784 2007 singularis
837 1928 1282 2009 qualiscumque
1329 1930 1769 2010 qualiscumque
1820 1930 2229 2011 qualicumque
2282 1932 2771 2011 qualemcumque
2798 1950 2848 1993 ιε

211 2032 635 2109 qualiscumque
703 2052 734 2093 a
774 2030 1200 2110 qualecumque
1242 2023 1374 2095 et‘a
1409 2032 1855 2112 qualicumque,
1926 2034 2159 2095 numeri
2213 2032 2456 2111 pluralis
2522 2032 2772 2115 quaflles-

211 2152 438 2213 cumque
515 2133 1036 2212 qualiumcumque
1068 2131 1650 2215 “qualibuscumque
1709 2132 2165 2215 qualescumque
2219 2142 2277 2197 et
2332 2134 2772 2216 qualiscumque

211 2234 652 2313 qualescumque
711 2256 744 2296 a
786 2234 1344 2315 qualibuscumque;
1401 2237 1638 2315 generis
1681 2237 1877 2317 neutri
1932 2238 2167 2297 numeri
2210 2236 2521 2313 singularis
2569 2237 2769 2319 quale-

210 2354 442 2416 cumque
479 2337 930 2418 qualiscumque
966 2336 1376 2417 qualicumque
1420 2337 1847 2417 qualecumque
1889 2338 2320 2418 qualecumque
2343 2352 2399 2401 ‘a
2432 2338 2769 2417 qualecum-

212 2456 312 2516 que
351 2450 407 2501 et
452 2440 899 2519 qualicumque,
963 2440 1198 2501 numeri
1239 2438 1484 2519 pluralis
1533 2439 1981 2519 qualiacumque
2024 2440 2542 2521 qualiumcumque
2584 2442 2767 2521 quali·
2796 2459 2847 2503 πο

209 2539 560 2619 buscumque
603 2541 1052 2620 qualiacumque
1085 2540 1532 2620 qualiacumque
1575 2561 1608 2603 a
1637 2542 2179 2622 qualibuscumque.
2270 2541 2403 2605 talis
2440 2561 2771 2621 pronomen

209 2643 474 2705 infinitum
511 2646 750 2723 generis
793 2645 1120 2705 communis
1161 2645 1388 2721 figurae
1431 2644 1713 2722 simplicis
1752 2646 1985 2707 numeri
2023 2644 2337 2723 singularis
2377 2664 2547 2707 casus
2582 2648 2771 2707 nomi-

211 2746 360 2807 nativi
401 2746 659 2825 genetivi
699 2752 758 2807 et
809 2746 1047 2805 vocativi
1088 2752 1145 2805 et
1187 2748 1501 2809 accusativi
1545 2746 1804 2825 pluraliS,
1854 2755 1913 2809 et
1954 2746 2349 2809 declinabitur
2390 2766 2499 2826 per
2540 2748 2769 2825 singula

211 2864 404 2922 genera
439 2848 600 2911 salva
643 2849 840 2927 specie
877 2867 984 2909 sua
1027 2848 1100 2909 ad
1136 2848 1470 2927 exemplum
1515 2848 1718 2929 qualiS.
1808 2856 2063 2928 quantus
2105 2867 2435 2927 pronomen
2480 2850 2769 2911 infinitum

212 2952 420 3024 generis
451 2948 765 3011 masculini
809 2952 1036 3028 figurae
1064 2948 1342 3029 simplicis
1386 2954 1620 3013 numeri
1653 2950 1967 3031 singularis
1998 2970 2167 3015 casus
2204 2952 2559 3021 nominativi,
2607 2952 2763 3030 quod
2796 2968 2847 3009 ‘25

214 3050 576 3113 declinabitur
621 3055 737 3114 sic:
787 3052 1019 3113 numeri
1063 3051 1376 3131 singularis
1421 3060 1676 3133 quantus
1717 3055 1918 3131 quanti
1960 3060 2181 3133 quanto
2224 3063 2509 3133 quantum
2552 3060 2769 3131 quante

213 3170 240 3211 a
263 3161 486 3232 quanto,
533 3142 766 3217 numeri
795 3152 1038 3237 pluralis
1081 3156 1284 3233 quanti
1312 3162 1666 3233 quantorum
1707 3156 1939 3235 quantis
1982 3162 2232 3235 quantos
2274 3157 2477 3235 quanti
2520 3174 2551 3217 a
2584 3174 2767 3235 quan-

215 3254 299 3324 tis;
357 3258 594 3334 generis
621 3258 913 3318 ‘feminini
965 3258 1201 3317 numeri
1249 3257 1570 3339 singularis
1613 3266 1827 3336 quanta
1886 3265 2137 3336 quantae
2182 3264 2435 3337 quantae
2490 3264 2765 3337 quantam

217 3368 402 3433 quanta
441 3378 474 3419 a
506 3365 744 3439 quanta,
795 3360 1025 3421 numeri
1054 3357 1298 3438 pluralis
1345 3368 1596 3438 quantae
1627 3366 1977 3438 quantarum
2016 3362 2249 3439 quantis
2295 3368 2539 3440 quantas
2582 3378 2765 3440 quan-

219 3466 294 3519 tae
340 3479 372 3521 a
413 3462 678 3541 quantis;
752 3464 984 3539 generis
1031 3462 1226 3523 neutri
1287 3462 1516 3523 numeri
1573 3460 1885 3539 singularis
1948 3469 2229 3540 quantum
2288 3464 2489 3541 quanti
2546 3470 2765 3542 quanto
2790 3476 2843 3521 3⁰

219 3568 466 3637 quantum
521 3572 806 3642 quantum
861 3584 894 3625 a
937 3572 1187 3645 quanto,
1255 3564 1488 3624 numeri
1540 3562 1783 3643 pluralis
1848 3572 2066 3643 quanta
2122 3574 2481 3642 quantorum
2536 3566 2769 3647 quantis

219 3672 400 3740 quanta
468 3672 686 3746 quanta
753 3685 786 3729 a
849 3668 1099 3744 quantis
1188 3673 1696 3746 quantuscumque
1772 3684 2099 3747 pronomen
2176 3668 2465 3729 infinitum
2532 3668 2769 3746 generis

220 3766 490 3831 masculini
535 3768 760 3845 figurae
801 3770 1159 3845 compositae
1202 3769 1434 3828 numeri
1477 3768 1793 3847 singularis
1838 3786 2009 3831 casus
2052 3770 2423 3839 nominativi,
2464 3770 2619 3850 quod
2666 3770 2768 3833 de·

221 3865 496 3933 cliuabitur
535 3871 653 3931 sic:
699 3872 931 3930 numeri
971 3857 1282 3947 singularis
1325 3879 1836 3951 quantuscumque
1880 3873 2340 3951 quanticumque
2382 3878 2765 3949 quantocum-

224 3984 314 4043 que
375 3978 912 4051 quantumcumque
983 3980 1454 4051 quantecumque
1528 3992 1561 4033 a
1632 3978 2139 4052 quantocumque,
2226 3974 2458 4035 numeri
2520 3972 2843 4052 pluralis&

224 4073 646 4153 quanticumque
689 4080 1302 4153 quantorumcumque
1339 4075 1825 4154 quantiscumque
1866 4082 2369 4155 quantoscumque
2400 4076 2766 4154 quanticum-

225 4188 318 4247 que
363 4194 396 4237 a
436 4178 956 4256 quantiscumque;
1028 4178 1263 4252 generis
1324 4176 1586 4239 seminini
1641 4179 1872 4238 numeri
1926 4176 2239 4255 singularis
2292 4183 2765 4256 quantacumque

225 4286 697 4357 quantaecumque
759 4285 1264 4357 quantaecumque
1321 4285 1853 4359 quantamcumque
1908 4285 2379 4358 quantacumque
2438 4297 2471 4339 a
2522 4285 2765 4359 quanta-

228 4392 460 4456 cumque,
503 4381 738 4441 numeri
779 4378 1024 4460 pluralis
1067 4386 1580 4461 quantaecumque
1629 4388 2236 4461 quantarumcumque
2280 4380 2764 4461 quantiscumque
2842 4464 2849 4470 ι

342 4582 374 4631 5
404 4591 452 4634 et
486 4584 766 4635 declinatur
803 4601 860 4635 νυ
898 4585 1180 4636 declinatur
1215 4586 1261 4636 13
1429 4588 1458 4636 7
1498 4586 1747 4653 simplicis
1784 4586 1835 4637 B
1866 4586 2180 4651 compositae
2216 4586 2261 4638 Β
2436 4584 2497 4637 16
2534 4601 2565 4636 a
2600 4586 2761 4651 quali-

234 4662 418 4715 cumque
449 4664 498 4705 οἱ
535 4656 915 4719 qualiscumque
957 4656 1000 4706 R
1036 4670 1067 4705 a
1098 4654 1454 4719 qualicumque
1491 4656 1540 4705 B
1643 4654 1709 4707 10
1744 4656 2124 4720 qualiscumque
2160 4655 2209 4707 in
2244 4658 2531 4709 accusativo
2567 4671 2690 4707 casu
2716 4658 2761 4709 R

347 4736 374 4781 a
405 4725 766 4791 qualecumque
803 4736 850 4775 et
887 4724 1243 4789 qualicumque
1281 4726 1330 4775 B
1377 4742 1406 4776 a
1444 4726 1799 4791 qualicumque
1834 4735 1884 4777 et
1918 4726 2303 4791 qualiscumque
2341 4726 2387 4779 R
2596 4726 2663 4779 23
2712 4736 2762 4777 et

234 4793 421 4843 vocativi
453 4808 541 4849 om.
577 4796 640 4863 R,
677 4794 800 4851 add.
835 4794 884 4845 Β
