3434 5442
698 299 822 361 258
1405 292 1410 299 ·
1854 299 2139 381 [enom]

801 431 847 472 p.
882 417 998 460 1432.
1016 417 1066 460 :³3
1094 417 1145 458 r.
2878 429 2923 470 p.
2950 417 3099 456 91—93
3126 417 3168 457 L.

1177 538 1275 598 DE
1320 537 1803 600 COMMVNIBVS
1846 537 2200 599 SYLLABIS
2246 537 2394 598 PER
2441 537 2814 599 NATVRAM.

868 692 1222 753 Communes
1267 690 1523 771 syllabae
1568 692 1865 753 naturales
1910 691 2143 752 duobus
2186 690 2377 752 modis
2422 693 2765 760 incurrunt,
2804 700 2905 752 aut
2942 692 3001 750 in
3040 691 3255 768 singulis

695 793 997 856 vocalibus
1059 801 1158 854 aut
1219 793 1448 854 duabus
1505 795 1861 864 coniunctis»,
1918 811 2063 871 quas
2108 792 2323 853 Graeci
2366 792 2767 872 diphthongos
2808 799 3035 853 vocant.
3116 811 3253 852 com-

696 897 890 955 munis
933 893 1154 975 syllaba
1214 913 1324 974 per
1370 895 1660 972 singulam
1722 893 1983 955 vocalem
2036 897 2121 955 sic
2176 893 2569 972 intellegitur,
2630 897 2679 954 si
2732 895 3019 973 producta
3068 894 3254 954 vocalis

643 1021 670 1060 5
699 999 1026 1076 excipiatur
1072 1017 1104 1058 a
1151 997 1336 1058 vocali
1377 1005 1670 1076 correpta.
1762 1005 1851 1058 est
1897 998 2053 1058 enim
2096 994 2274 1075 longa
2316 997 2376 1056 in
2421 997 2537 1056 hoc
2575 1014 2769 1066 versu,
2810 999 2820 1073 1

999 1099 1285 1162 Glauco
1333 1107 1405 1160 et
1446 1100 1845 1178 Panopeae
1891 1105 1961 1158 et
1998 1098 2179 1158 Inoo
2224 1096 2493 1167 Melic.;

693 1205 753 1263 in
801 1203 914 1262 isto
963 1209 1159 1263 autem
1203 1201 1399 1263 brevis
1445 1201 1648 1262 eadem
1698 1199 2084 1281 [producta],
2144 1200 2247 1261 ‘te
2289 1199 2631 1279 Corydon
2678 1218 2713 1259 o
2758 1198 3030 1260 Alexi'.
3118 1217 3252 1258 com-

693 1307 890 1364 munis
929 1301 1150 1384 syllaba
1201 1321 1308 1381 per
1359 1302 1792 1382 diphthongum
1843 1305 1926 1362 sic
1978 1301 2235 1380 intellegi
2282 1309 2507 1381 potest,
2567 1305 2618 1362 si
2660 1303 2930 1380 geminae
2974 1300 3190 1361 vocales
3226 1320 3250 1360 a

693 1404 878 1467 vocali
921 1407 1305 1484 excipiantur.
1397 1408 1613 1466 etenim
1658 1407 1717 1467 in
1761 1405 1877 1464 hoc
1919 1404 2093 1482 longa
2136 1412 2241 1474 est,

617 1529 667 1570 ιο
998 1507 1148 1568 ulla
1195 1525 1472 1567 moram
1513 1508 1776 1568 secere
1823 1525 2067 1587 neque
2109 1506 2385 1567 Aoniae
2427 1507 2846 1584 Aganippe;

691 1612 750 1670 in
810 1611 920 1670 isto
983 1617 1177 1670 autem
1212 1605 1238 1693 Η
1267 1609 1461 1670 brevis
1521 1616 1642 1679 est,
1711 1608 2036 1670 ‘insulae
2092 1608 2301 1668 Ionio
2368 1609 2439 1668 in
2500 1612 2820 1684 magno'.
2912 1607 3017 1668 sed
3084 1613 3251 1666 tamen

691 1709 1142 1790 contemplanda
1201 1719 1289 1771 est
1349 1718 1562 1788 poetae
1616 1713 1805 1771 nostri
1861 1709 2174 1789 diligentia.
2264 1711 2571 1788 superiore
2630 1712 2845 1770 etenim
2892 1728 3064 1770 versu
3118 1717 3251 1768 recti¹

687 1815 928 1891 longam
973 1815 1196 1892 posuit,
1257 1815 1396 1890 quia
1436 1831 1808 1890 consequens
1852 1811 2068 1874 vocalis
2114 1811 2311 1874 brevis
2354 1818 2471 1880 est:
2534 1813 2591 1871 in
2634 1814 2746 1872 isto
2790 1818 2989 1871 autern
3033 1810 3120 1870 lae
3160 1809 3253 1886 syl-

689 1912 882 1974 labam
949 1914 1188 1975 brevem
1253 1917 1480 1993 posuit,
1551 1917 1830 1994 quoniam
1890 1915 2095 1976 eadem
2153 1912 2371 1993 syllaba
2439 1914 2725 1992 producta
2783 1931 2813 1972 a
2867 1913 3041 1988 longa
3096 1910 3255 1970 vocali

615 2037 664 2078 15
693 2018 1002 2096 excipitur.
1091 2035 1235 2096 ergo
1279 2024 1442 2078 recte
1489 2017 1904 2096 consequentis
1947 2015 2251 2094 longitudo
2291 2023 2563 2076 naturam
2603 2015 2824 2093 prioris
2862 2014 3166 2094 oppressit.

1209 2254 1308 2315 DE
1355 2252 1838 2316 COMMVNIBVS
1883 2253 2237 2316 SYLLABIS
2278 2251 2756 2315 POSITIONVM.

863 2423 1096 2504 Syllaba
1143 2425 1416 2484 desinens
1471 2425 1532 2485 in
1575 2421 1839 2484 vocalem
1890 2424 2166 2494 brevem,
2237 2425 2286 2485 si
2332 2415 2659 2501 excipiatur
2701 2442 2734 2483 a
2776 2421 3012 2483 duabus
3070 2439 3258 2481 conso-

690 2527 996 2598 nantibus,
1069 2529 1148 2588 ita
1223 2533 1447 2597 tamen,
1515 2527 1566 2587 si
1625 2529 1949 2603 praecessit
2015 2525 2299 2604 liquidam
2366 2533 2546 2586 muta.
2636 2531 2725 2585 est
2787 2542 3046 2602 namque
3108 2523 3261 2600 longa

689 2630 748 2688 in
795 2630 928 2698 hoc,

613 2751 664 2792 20
996 2732 1447 2791 inmemores
1491 2730 1688 2790 socii
1732 2737 1949 2790 vasto
1996 2727 2346 2808 Cyclopis
2392 2729 2463 2788 in
2508 2735 2755 2788 antro:

687 2833 835 2893 haec
881 2832 1086 2892 eadem
1124 2831 1318 2892 brevis
1369 2838 1458 2892 est
1499 2830 1654 2901 alibi,

990 2933 1236 2994 lustra
1283 2933 1698 3012 domosque
1741 2932 1961 2993 traho
2004 2939 2410 3011 vastosque
2455 2930 2538 2993 ab
2582 2949 2770 3010 rupe
2814 2929 3187 3010 Cyclopas.

687 3043 743 3096 et
785 3038 841 3096 in
883 3035 1009 3096 aliis
1055 3035 1391 3096 nominibus
1435 3036 1633 3095 deficit
1686 3037 1838 3096 ratio
1894 3034 2201 3113 positionis
2253 3034 2371 3094 hoc
2413 3033 2619 3094 ordine
2675 3035 3158 3100 consonantium,
3210 3037 3265 3092 ut

685 3137 1018 3199 ‘Phoebe
1065 3139 1320 3216 gravis
1369 3138 1593 3197 Troia
1617 3139 1702 3197 e'.
1795 3143 1854 3196 at
1895 3138 1945 3197 si
1997 3135 2219 3214 liquida
2264 3137 2639 3214 praevenerit
2681 3142 2941 3206 mutam,
2998 3132 3265 3195 obtinebit

610 3260 660 3298 25
685 3243 803 3299 vim
848 3259 1014 3300 suam
1061 3241 1292 3317 positio.
1383 3245 1632 3316 possunt
1685 3239 1858 3298 etiam
1918 3238 2101 3298 videri
2153 3255 2501 3298 communes
2556 3255 2660 3298 eae
2705 3236 2995 3316 syllabae,
3056 3253 3199 3316 quae
3238 3252 3265 3293 c

684 3340 878 3401 littera
916 3342 1340 3409 terminantur,
1398 3339 1495 3400 hic
1543 3339 1629 3400 vel
1673 3339 1822 3408 hoc;
1891 3357 2145 3416 quarum
2192 3339 2265 3400 de
2308 3347 2519 3400 natura
2564 3339 2925 3416 disputatum
2976 3345 3083 3399 est.
3168 3337 3264 3396 hae

685 3444 842 3502 enim
888 3440 1142 3520 syllabae
1198 3441 1354 3520 apud
1397 3440 1717 3518 Vergilium
1776 3449 1837 3502 et
1888 3440 2098 3520 longae
2160 3449 2216 3502 et
2259 3441 2470 3502 breves
2525 3447 2858 3519 ponuntur,
2916 3443 2970 3500 si
3016 3459 3047 3501 a
3098 3437 3265 3500 vocali

687 3545 1071 3621 excipiantur.
1163 3541 1374 3620 longae
1419 3551 1558 3604 sunt
1601 3547 1660 3603 in
1703 3543 1817 3614 his,
1867 3545 2036 3621 ‘pro
2080 3542 2424 3622 Iuppiter
2466 3541 2609 3602 ibit
2654 3542 2777 3603 hic
2822 3543 2965 3603 ait'
3012 3550 3071 3603 et
3110 3543 3269 3601 ‘hoc

581 3712 586 3717 ¹
683 3643 872 3704 illud
913 3661 1264 3720 germana
1309 3645 1518 3712 suit';
1571 3644 1710 3705 alibi
1758 3652 1954 3705 autem
2000 3645 2230 3714 breves,

607 3765 659 3807 30
990 3745 1109 3805 hic
1154 3747 1294 3814 vir,
1340 3745 1458 3806 hic
1503 3752 1642 3816 est,
1688 3745 1831 3807 tibi
1872 3764 2081 3826 quem
2121 3746 2467 3825 promitti
2506 3747 2814 3824 saepius
2859 3747 3095 3808 audis

684 3845 833 3908 haec
876 3854 1072 3907 tamen
1124 3849 1272 3908 ratio
1325 3849 1383 3906 in
1426 3846 1881 3926 pronominibus
1936 3856 2195 3918 tantum,
2256 3865 2377 3908 non
2432 3849 2609 3908 etiam
2656 3849 2717 3908 in
2766 3847 3269 3911 coniunctionibus

682 3951 996 4010 invenitur.
1087 3967 1223 4009 nam
1271 3967 1384 4010 nec
1420 3945 1430 4032 Ι
1471 3952 1807 4011 coniunctio
1850 3952 2180 4012 communis
2224 3968 2353 4011 esse
2394 3967 2517 4010 non
2562 3953 2810 4028 poterit,
2860 3951 2999 4029 quia
3044 3953 3103 4010 in
3142 3967 3267 4027 pro-

685 4053 923 4113 nomine
967 4049 1093 4113 solo
1142 4070 1175 4111 c
1219 4051 1412 4112 littera
1460 4052 1654 4113 reddit
1696 4051 1992 4130 duplicem
2037 4070 2280 4123 sonum,
2336 4053 2399 4114 in
2454 4053 2871 4115 coniunctione
2918 4051 3268 4130 simplicem:

685 4156 896 4216 merito
955 4171 1098 4230 ergo
1153 4153 1352 4214 brevis
1407 4162 1512 4216 est.
1599 4155 1756 4216 scire
1811 4162 2008 4216 autem
2064 4160 2301 4232 oportet
2358 4154 2516 4234 quod
2576 4173 2913 4235 pronomen
2974 4154 3077 4215 bic
3126 4151 3269 4232 apud

824 4360 844 4408 1
889 4374 953 4408 ns
991 4373 1318 4410 coumvmssvs
1357 4355 1620 4424 srztams]
1661 4357 1809 4410 Mar.
1842 4359 2041 4412 Victor.
2074 4373 2129 4422 p.
2164 4359 2305 4410 2474
2327 4374 2408 4424 sq.
2456 4399 2459 4402 .
2554 4359 2591 4411 6
2627 4359 2923 4423 Glaucoque
2960 4368 3013 4410 et
3046 4361 3271 4424 Panopae

687 4437 736 4478 et
773 4430 894 4480 Inoo
937 4431 1184 4479 melicerti
1235 4443 1295 4485 ςε
1353 4431 1510 4494 Very.
1547 4444 1726 4494 acor-9.
1769 4429 1789 4476 1
1827 4428 1930 4479 437
2142 4431 2175 4480 7
2222 4429 2405 4480 breues
2448 4430 2627 4480 eadem
2682 4431 2929 4495 producta
2967 4430 3020 4480 B
3082 4431 3270 4479 breueis

686 4497 864 4547 eadem
902 4499 1180 4563 productae
1220 4507 1274 4546 nt
1303 4514 1338 4555 ς
1479 4496 1553 4564 te]
1599 4501 1760 4562 Ver-9.
1792 4498 1954 4550 bucol.
1989 4501 2041 4564 2,
2068 4499 2137 4550 65
2284 4499 2349 4550 10
2386 4499 2543 4550 ullam
2576 4501 2657 4552 B:
2700 4503 2860 4566 Ver-9.
2898 4500 3063 4550 bucol.
3104 4499 3185 4563 10,
3216 4500 3270 4548 12

829 4569 890 4618 ll
929 4568 1149 4634 insulae]
1193 4571 1351 4634 Ver-9.
1388 4569 1523 4619 Aen.
1561 4567 1751 4619 111211
1924 4570 1989 4620 18
2023 4577 2164 4619 muta
2202 4570 2487 4620 communis
2524 4578 2616 4621 est.
2660 4585 2880 4633 namque
2916 4570 3075 4636 longa
3112 4583 3147 4625 ς

687 4637 757 4685 20
790 4637 1117 4703 inmemores]
1185 4641 1342 4704 Very.
1373 4639 1506 4691 Aen.
1543 4639 1613 4688 ΙΙΙ
1653 4639 1757 4690 617
1901 4641 1969 4690 22
2004 4636 2185 4703 lustra]
2234 4641 2390 4706 Verq.
2426 4640 2557 4690 Aen.
2596 4642 2665 4689 111
2702 4641 2803 4691 647
2947 4643 3019 4691 24
3056 4633 3271 4701 Phoebe]

695 4707 850 4771 Ver-9.
889 4709 1020 4756 Aen.
1053 4711 1122 4759 v1
1159 4707 1230 4758 56
1370 4709 1438 4759 28
1476 4705 1590 4773 pro]
1641 4711 1690 4760 V
1694 4724 1806 4774 erq.
1846 4709 1979 4760 Aen.
2021 4711 2113 4760 1111
2150 4709 2256 4761 590
2394 4709 2515 4776 hoc]
2565 4712 2724 4776 Vera.
2760 4711 2895 4762 Aen.
2931 4711 3027 4759 llll
3054 4710 3159 4760 675

685 4775 755 4826 30
789 4775 892 4842 hic]
945 4779 1102 4842 Ver-9.
1140 4779 1272 4827 Aen.
1310 4777 1379 4827 V1
1415 4778 1520 4828 792
