3434 5442
981 360 1379 424 1Nsr1'rv'rA
1422 359 1707 423 Aa‘rlvM
1750 360 2087 423 841-860
2707 358 2827 423 187
2895 312 2904 321 ’

340 492 381 533 ρ.
408 478 499 519 ³21.
520 478 574 519 π
606 478 660 521 n.
2405 490 2450 531 ρ.
2477 478 2570 519 429.
2591 478 2642 520 so
2671 479 2725 519 v,

241 548 549 626 singularis
604 556 665 610 et
722 568 902 629 supra
958 550 1110 610 dicta
1168 550 1361 611 forma
1414 548 1730 620 declinari,
1793 557 1860 611 ut
1913 558 2052 629 puta
2109 552 2328 629 aspicio
2383 551 2575 611 officio
2631 550 2826 611 inicio.

238 651 339 713 sed
398 652 547 713 haec
602 652 953 731 imperativo
999 653 1179 713 modo
1236 654 1519 730 temporis
1572 654 1904 731 praesentis
1960 654 2018 713 in
2061 670 2242 731 supra
2289 654 2443 713 dicta
2499 670 2754 730 persona
2796 672 2828 713 e

236 753 429 815 littera
474 761 707 816 tantum
754 755 1172 825 terminantur,
1234 762 1300 815 ut
1342 762 1480 834 puta
1530 757 1726 833 aspice
1770 754 1940 817 office
1989 756 2159 816 inice.
2251 756 2336 817 sic
2390 761 2449 816 et
2488 774 2624 815 cum
2667 772 2830 816 com-

238 858 527 937 positione
566 876 673 919 sua
712 858 769 917 in
814 858 1021 918 eadem
1062 874 1313 936 persona
1352 856 1743 918 declinantur.
2521 916 2526 921 .

403 960 453 1019 A
496 960 651 1020 facio
694 968 752 1019 et
786 960 863 1020 fio
908 958 1041 1019 talis
1083 958 1303 1020 locutio
1350 958 1613 1019 nascitur
1651 959 1932 1022 calefacio
1975 960 2180 1021 calefio
2228 958 2564 1022 calefactus,
2647 961 2730 1021 sic
2774 966 2907 1021 et·5

238 1070 435 1123 cetera
476 1060 638 1130 talia,
677 1080 829 1141 quae
860 1071 1112 1141 possunt
1152 1080 1183 1121 a
1228 1061 1381 1123 facio
1428 1059 1515 1121 vel
1560 1062 1637 1121 flo
1681 1062 1971 1131 accidere,
2019 1069 2156 1123 sunt
2189 1062 2640 1141 pronuntianda.
2731 1063 2830 1124 odi

236 1164 367 1224 novi
426 1165 671 1224 memini
722 1164 979 1243 speciem
1033 1162 1362 1242 perfectam
1419 1166 1725 1254 continent
1775 1175 1833 1225 et
1873 1182 2018 1243 quas
2061 1182 2160 1225 res
2213 1166 2366 1243 regit
2419 1167 2646 1243 species
2693 1184 2830 1245 per-

235 1266 407 1327 fecta,
498 1283 659 1327 nunc
700 1268 1033 1345 quaeritur,
1080 1284 1196 1345 qua
1236 1266 1311 1327 de
1356 1284 1531 1328 causa
1576 1268 1818 1327 memini
1863 1264 2124 1328 futurum
2171 1274 2406 1344 tempus
2449 1266 2608 1328 modi
2643 1269 2830 1347 impe·

234 1370 405 1429 rativi
452 1370 769 1430 contineat,
835 1368 937 1429 sed
984 1368 1100 1428 hoc
1142 1370 1201 1428 in
1232 1370 1392 1429 sonis
1435 1375 1822 1447 conpetenter
1861 1368 2263 1430 tractabimus.
2353 1368 2511 1438 nolo,
2559 1386 2675 1429 non
2721 1371 2826 1438 vie,

236 1488 353 1530 non
400 1469 545 1539 vult,
592 1470 886 1537 nolumus,
933 1488 1052 1530 non
1098 1469 1298 1539 vultis,
1347 1470 1571 1531 nolunt.
1660 1488 1822 1532 nunc
1867 1470 2004 1531 nolo
2058 1471 2272 1550 quibus
2315 1460 2505 1531 modis
2559 1470 2646 1533 vel
2691 1488 2828 1549 per·
2855 1488 2906 1532 10

238 1573 399 1633 sonis
446 1572 709 1640 deficiat,
768 1571 879 1632 hoc
920 1574 977 1633 in
1028 1574 1189 1633 sonis
1236 1580 1619 1651 conpetenter
1662 1572 2063 1635 tractabimus,
2153 1572 2286 1634 volo
2330 1574 2418 1633 vis
2455 1572 2464 1653 Ι
2502 1573 2625 1633 vult
2667 1572 2830 1634 volu-

236 1692 368 1735 mus
404 1673 583 1737 vultis
625 1672 847 1734 volunt.
942 1692 1101 1735 nunc
1140 1674 1275 1735 volo
1328 1672 1547 1752 quibus
1588 1674 1780 1735 modis
1837 1674 1937 1735 vel·
1967 1676 2240 1755 personis
2294 1675 2551 1745 deficiat,
2615 1675 2728 1736 boc
2769 1676 2828 1736 in

238 1780 397 1837 sonis
442 1782 827 1854 conpetenter
868 1776 1269 1838 tractabimus,
1360 1774 1517 1838 malo
1560 1778 1742 1838 mavis
1787 1776 2006 1843 mavult
2049 1776 2342 1840 malumus
2387 1775 2655 1839 mavultis
2707 1794 2830 1839 ma-

237 1877 383 1939 lunt,
474 1896 639 1939 nunc
682 1877 837 1938 malo
881 1878 1099 1958 quibus
1142 1880 1335 1941 modis
1380 1878 1466 1939 vel
1513 1880 1788 1958 personis
1825 1878 2086 1950 deficiat,
2145 1880 2261 1940 hoc
2303 1881 2364 1939 in
2409 1882 2570 1940 sonis
2613 1896 2830 1958 conpe-

240 1986 437 2041 tenter
487 1978 891 2041 tractabimus,
980 1978 1129 2041 vado
1168 1983 1259 2043 aio
1302 1998 1523 2060 quaeso
1582 1980 1796 2061 quibus
1845 1982 2036 2043 modis
2077 1980 2167 2043 vel
2211 1983 2484 2061 personis
2537 1982 2827 2051 deficiant,
2861 2000 2908 2042 ιε,

240 2082 351 2143 hoc
390 2084 457 2143 in
500 2084 661 2143 sonis
712 2088 1097 2161 conpetenter
1142 2082 1549 2145 tractabimus,
1640 2083 1830 2145 audeo
1876 2084 2106 2163 gaudeo
2149 2082 2314 2145 soleo
2363 2089 2520 2145 meto
2565 2084 2684 2145 fido
2731 2085 2828 2153 fio,

240 2184 385 2246 haec
414 2186 875 2264 neutropassiva.
899 2203 1029 2247 esse
1062 2192 1478 2265 nuncupantur
1516 2188 1629 2247 hac
1674 2185 1748 2247 de
1785 2204 1978 2255 causa,
2025 2188 2300 2265 quoniam
2339 2204 2452 2257 reS,
2499 2204 2646 2265 quas
2677 2187 2834 2262 regit

238 2286 585 2349 indicativus
632 2287 845 2349 modus
884 2290 1181 2366 ipsorum,
1226 2289 1479 2349 neutrali
1524 2288 1715 2349 forma
1761 2287 2166 2358 declinantur;
2225 2297 2284 2351 at
2326 2306 2466 2349 vero
2510 2306 2638 2357 reS,
2685 2306 2832 2367 quas

240 2392 391 2467 regit
432 2390 665 2468 species
708 2391 972 2469 perfecta
1024 2392 1317 2469 ipsorum,
1375 2392 1603 2470 passiva
1655 2391 1846 2451 forma
1892 2390 2290 2459 declinantur,
2345 2396 2412 2450 ut
2455 2398 2593 2468 puta
2641 2390 2830 2451 audeo

238 2510 417 2552 ausus
472 2509 625 2552 sum.
716 2492 801 2553 sic
856 2498 915 2553 et
969 2499 1164 2553 cetera
1226 2510 1406 2570 supra
1471 2493 1651 2562 dicta,
1718 2499 1786 2554 ut
1850 2493 2126 2561 diximuS,
2195 2492 2582 2553 declinantur.
2673 2508 2908 2552 nunczo

240 2594 563 2671 quaeritur,
610 2612 727 2673 qua
776 2594 849 2654 de
894 2612 1071 2655 causa
1116 2612 1151 2655 a
1192 2595 1267 2656 fio
1307 2594 1531 2657 infinito
1577 2596 1754 2656 modo
1799 2596 1927 2656 fieri
1976 2596 2415 2673 pronuntietur.
2490 2607 2676 2673 quare
2715 2594 2831 2655 hoc

240 2714 567 2765 monemus,
616 2695 775 2775 quod
816 2696 929 2756 hoc
974 2698 1033 2756 in
1076 2698 1234 2757 sonis
1281 2705 1669 2777 conpetenter
1710 2704 1966 2760 tractare
2011 2696 2378 2758 debebimus,

404 2797 553 2858 Sum
594 2796 839 2857 verbum
886 2797 1236 2859 defectivum
1296 2799 1611 2861 indicativo
1662 2802 1844 2862 modo
1900 2800 2119 2861 dictum
2175 2799 2456 2876 temporis
2503 2801 2832 2876 praesentis

244 2901 467 2961 numeri
515 2898 833 2976 singularis
876 2900 1099 2979 figurae
1132 2901 1417 2981 simplicis
1448 2920 1738 2981 personae
1774 2904 2019 2982 primae,
2067 2901 2228 2978 quod
2257 2899 2648 2962 declinabitur
2681 2902 2784 2961 sic,
2815 2897 2832 2983 ΙΙ

242 3002 412 3061 modo
458 3001 773 3061 indicativo
816 3004 1104 3081 temporis
1148 3007 1477 3083 praesentis
1526 3006 1758 3065 numeri
1801 3003 2114 3080 singularis
2157 3020 2286 3064 sum
2333 3022 2399 3063 es
2445 3010 2550 3073 est,
2597 3004 2832 3063 numeri
2857 3018 2909 3058 25

242 3102 479 3181 pluralis
522 3120 733 3165 sumus
778 3104 1129 3165 estis“sunt:
1206 3106 1412 3168 eodem
1458 3107 1637 3167 modo
1682 3113 1950 3184 tempore
1993 3106 2309 3183 praeterito
2369 3106 2568 3183 specie
2611 3106 2832 3182 imper-

244 3206 387 3266 fecta
452 3207 689 3266 numeri
746 3205 1059 3283 singularis
1125 3225 1285 3269 eram
1344 3226 1477 3269 eras
1526 3215 1683 3278 erat,
1751 3208 1983 3268 numeri
2035 3204 2282 3285 pluralis
2351 3224 2588 3267 eramus
2652 3209 2832 3267 eratis

246 3314 437 3368 erant:
508 3306 721 3367 eodem
766 3308 944 3369 modo
990 3309 1197 3370 eodem
1244 3316 1511 3387 tempore
1558 3312 1754 3387 specie
1795 3310 2057 3388 perfecta
2109 3309 2344 3369 numeri
2384 3307 2702 3385 singularis
2747 3308 2831 3369 fui

246 3408 391 3470 ruisti
434 3409 580 3481 fuit,
642 3412 877 3471 numeri
922 3410 1166 3489 pluralis
1212 3410 1429 3473 fuimus
1473 3412 1664 3473 fuistis
1708 3412 1948 3472 suerunt
1991 3409 2080 3472 vel
2121 3410 2320 3471 suere:
2397 3411 2606 3472 eodem
2653 3410 2830 3472 modo

246 3512 444 3572 eodem
500 3518 775 3590 tempore
830 3514 1025 3591 specie
1082 3512 1657 3593 plusquamperfecta
1714 3514 1950 3575 numeri
1990 3512 2304 3591 singularis
2362 3512 2588 3573 sueram
2635 3513 2832 3573 fueras
2859 3528 2910 3571 so

248 3613 459 3686 iuerat,
506 3616 745 3675 numeri
787 3613 1033 3695 pluralis
1089 3616 1388 3677 fueramus
1442 3618 1689 3677 fueratis
1743 3616 2004 3677 fuerant:
2075 3615 2283 3676 eodem
2327 3615 2505 3676 modo
2563 3622 2834 3695 tempore

248 3714 437 3777 futuro
482 3716 608 3777 sive
647 3718 997 3796 promissivo
1040 3716 1215 3777 modo
1271 3720 1504 3778 numeri
1548 3717 1866 3795 singularis
1911 3736 2014 3779 ero
2060 3719 2176 3779 eris
2221 3720 2363 3789 erit,
2429 3719 2663 3777 numeri
2704 3716 2834 3796 plu-

247 3816 377 3877 ralis
412 3818 641 3879 erimus
684 3820 847 3879 eritis
890 3827 1082 3880 erunt.
1174 3820 1351 3880 modo
1392 3820 1737 3898 imperativo
1789 3828 2061 3898 tempore
2105 3820 2304 3881 futuro
2359 3821 2591 3881 numeri
2633 3821 2835 3897 singu-

246 3916 379 3979 laris
426 3926 557 3980 esto
613 3928 769 3989 esto,
833 3924 1069 3983 numeri
1124 3920 1371 3999 pluralis
1440 3929 1627 3984 estote
1670 3932 1862 3983 sunto.
1953 3922 2132 3982 modo
2174 3923 2402 3982 infinito
2471 3923 2732 3982 numeris
2779 3927 2840 3981 et

248 4024 515 4098 personis
556 4023 815 4083 confusis
854 4029 1127 4102 tempore
1166 4026 1461 4103 praesenti
1504 4044 1652 4095 esse,
1698 4033 1965 4102 tempore
2009 4026 2326 4102 praeterito
2373 4022 2572 4085 tuisse.
2661 4023 2837 4083 modo
2863 4034 2928 4085 ³⁵.

252 4126 497 4200 optativo
562 4124 853 4203 temporis
916 4128 1245 4203 praesentis
1309 4128 1540 4189 numeri
1598 4125 1913 4204 singularis
1967 4128 2198 4186 utinam
2255 4126 2394 4194 sim,
2453 4126 2674 4186 utinam
2733 4126 2834 4194 εἰς,

256 4226 465 4285 utinam
510 4226 617 4294 sit:
668 4226 903 4287 numeri
932 4225 1177 4304 pluralis
1224 4229 1445 4290 utinam
1476 4231 1677 4299 simus,
1725 4231 1950 4289 utinam
1989 4229 2133 4297 sitis,
2183 4229 2402 4289 utinam
2435 4228 2580 4286 sint:
2625 4226 2837 4287 eodem

254 4326 417 4387 modo
452 4334 726 4405 tempore
754 4330 1081 4407 praeterito
1122 4332 1319 4409 specie
1362 4332 1703 4409 imperfecta
1749 4332 1980 4393 numeri
2012 4329 2326 4409 singularis
2367 4329 2592 4391 utinam
2621 4346 2834 4399 essem,

380 4494 416 4547 θ
446 4496 681 4547 accidere
706 4514 739 4548 υ
772 4500 1012 4549 accedere
1048 4500 1147 4551 RB
1316 4501 1349 4551 8
1382 4502 1587 4550 memini
1625 4517 1720 4553 om.
1762 4502 1828 4565 R,
1865 4502 1989 4554 add,
2025 4517 2084 4551 νυ
2237 4500 2271 4553 9
2305 4497 2634 4549 tractabimus
2671 4514 2700 4544 r
2735 4506 2835 4548 tra-

258 4566 493 4614 ctanimus
528 4566 629 4617 RB
764 4566 831 4617 10
868 4570 1104 4620 nolumus
1139 4587 1171 4619 r
1205 4571 1423 4620 nolimus
1459 4571 1557 4620 RB
1702 4572 1760 4622 11
1805 4572 2135 4621 tractabimus
2170 4587 2201 4618 r
2237 4568 2564 4619 tractauimus
2601 4568 2700 4618 RB

258 4634 483 4687 uolumus
508 4652 569 4687 r·
604 4638 833 4687 nolimus
870 4640 917 4690 R
1128 4640 1192 4691 13
1230 4641 1559 4691 tractabimus
1594 4656 1626 4689 r
1662 4642 1991 4691 tractauimus
2024 4640 2122 4690 RB
2299 4640 2554 4689 malumus
2591 4654 2650 4689 ru
2690 4639 2838 4688 mati-

258 4718 369 4753 nms
394 4706 435 4756 R
605 4707 671 4759 15
708 4709 1043 4759 tractabimus
1080 4726 1111 4757 r
1150 4710 1481 4760 tractauimns
1518 4710 1617 4760 RB
1791 4712 1873 4759 aio
1903 4712 1954 4759 B
1991 4710 2072 4762 alo
2103 4711 2150 4761 R
2345 4709 2410 4759 lu
2447 4710 2776 4760 tractabimus
2809 4724 2839 4757 r

257 4776 568 4827 munimus
602 4776 706 4827 RB
845 4781 913 4830 22
952 4788 1165 4830 tractare
1198 4780 1500 4831 debeuimus
1528 4781 1857 4845 (debebimus
1884 4778 1942 4847 r)
1984 4781 2029 4831 R
2065 4779 2396 4829 tractauimus
2436 4780 2484 4829 B
2623 4778 2691 4830 34
2728 4791 2836 4829 esto

256 4852 369 4891 ae-to
396 4860 421 4895 ο
451 4855 553 4898 esto
590 4855 701 4897 este
738 4846 839 4897 RB
