3434 5442
679 337 802 400 442
1661 333 1904 396 sEnvn
1953 332 2261 415 [SERGII]

2816 457 2860 495 p.
2884 445 2992 485 1855.
3018 447 3066 486 56
3090 446 3129 488 P.

677 519 834 601 plum
882 525 1072 583 ante’.
1162 520 1265 581 sed
1311 529 1507 582 tamen
1553 529 1642 581 est
1684 538 1799 582 una
1845 520 2199 600 praepositio
2242 539 2393 601 qnae
2452 540 2559 601 pro
2606 521 2851 584 arbitrio
2898 532 3087 584 nostro
3126 545 3207 604 po·

677 624 859 693 nitur,
907 628 972 684 ut
1014 629 1211 683 tenus:
1257 621 1508 684 dicimus
1553 623 1708 684 enim
1742 630 1802 683 et
1844 622 2038 704 ‘pube
2083 629 2285 684 tenus'
2332 632 2391 684 et
2436 629 2641 686 ‘tenus
2670 624 2884 705 pube'.
2941 626 3073 688 item
3100 647 3209 690 cum

672 724 1022 805 plerumque
1065 725 1150 786 sic
1193 727 1515 805 postposita
1557 725 1882 794 invenitur,
1928 731 1995 786 ut
2038 726 2327 806 praeponi
2368 727 2611 787 omnino
2656 744 2777 788 nou
2819 729 3029 807 possit:
3083 732 3209 810 quod

674 827 873 908 utique
929 835 1130 889 contra
1185 833 1374 888 artem
1429 827 1722 898 videmus,
1779 835 1845 888 ιιι
1900 845 2033 888 cum
2090 826 2339 890 dicimus
2394 845 2627 890 mecum
2685 836 2882 890 tecum
2944 829 3210 894 nobiscum

619 946 644 984 5
673 926 992 994 vobiscum.
1036 931 1394 1009 praepositio
1424 937 1616 992 autem
1650 936 1751 991 aut
1778 928 2057 990 cohaeret
2102 949 2136 983 ι
2168 936 2272 990 ant
2314 937 2631 1010 utrumque
2660 930 2871 1002 efficit,
2906 948 3015 992 con
3042 932 3099 992 di
3124 933 3209 994 dis.

669 1032 748 1092 ita
794 1032 948 1092 enim
994 1029 1320 1112 loquimur,
1369 1031 1674 1094 ‘conduco
1706 1029 1865 1102 tibi',
1913 1031 2209 1094 ‘distraho
2253 1030 2415 1103 tibi’,
2462 1049 2581 1093 non
2612 1040 2714 1093 ant
2744 1037 2895 1093 ‘con
2922 1031 3027 1094 tibi
3056 1033 3209 1096 duco’

669 1141 772 1196 ant
827 1133 949 1194 ‘dis
989 1132 1111 1194 tihi
1165 1133 1336 1194 traho
1353 1137 1392 1194 '.
1481 1143 1833 1213 separantur
1900 1132 2054 1212 apud
2120 1140 2179 1194 et
2242 1151 2443 1213 penes.
2532 1134 2755 1196 etenim
2810 1153 2945 1196 cum
2999 1134 3212 1198 dicimus

668 1235 859 1315 ‘japud
931 1235 1182 1296 amicum
1208 1237 1250 1307 ',
1307 1235 1457 1297 duae
1513 1245 1713 1315 partes
1782 1235 2065 1296 orationis
2128 1243 2291 1306 sunt;
2357 1241 2577 1315 ‘penes
2632 1235 2926 1298 arbitros'
2978 1237 3215 1300 similiter

671 1337 837 1400 duae.
929 1336 1076 1398 aliae
1131 1355 1270 1399 vero
1325 1343 1387 1416 et
1439 1337 1759 1399 cohaerere
1826 1343 1885 1398 et
1941 1338 2175 1400 secerni
2229 1347 2505 1417 possunt,
2564 1344 2629 1399 ut
2679 1355 2842 1418 prae.
2932 1357 3063 1402 nam
3100 1358 3209 1401 eum

595 1454 645 1494 ιο
671 1439 804 1501 dico
862 1439 1167 1519 praetulit,
1225 1440 1428 1519 utique
1484 1438 1809 1502 cohaerens
1857 1441 2182 1510 invenitur;
2239 1457 2372 1502 cum
2429 1447 2627 1502 autem
2672 1445 2851 1520 ‘prae
2896 1447 3099 1510 metn’,
3138 1460 3211 1502 se·

668 1549 910 1621 gregata
965 1549 1072 1603 est.
1159 1542 1223 1602 in
1278 1541 1619 1603 accusativis
1673 1540 2239 1622 praepositionibus,
2306 1560 2459 1622 quae
2509 1543 2752 1621 triginta
2808 1550 3033 1604 tantum
3084 1554 3209 1612 sunt.

667 1643 802 1705 illae
849 1643 998 1707 duae
1042 1651 1290 1724 possunt
1329 1645 1390 1704 in
1437 1644 1839 1723 quaestionem
1874 1645 2095 1714 vocari,
2142 1644 2295 1723 apud
2328 1652 2387 1704 et
2430 1643 2521 1716 ad,
2567 1633 2641 1706 eo
2684 1643 2843 1724 quod
2886 1647 3050 1722 apud
3084 1663 3209 1706 sem-

667 1764 776 1826 per
819 1747 883 1806 in
928 1744 1057 1808 loco
1103 1753 1218 1816 est,
1265 1753 1331 1808 ut
1368 1745 1562 1826 ‘apud
1610 1746 1865 1807 amicum
1910 1750 2105 1815 snm';
2150 1745 2224 1806 ad
2254 1764 2393 1808 vero
2422 1745 2747 1808 secundum
2792 1754 2981 1808 artem
3008 1765 3211 1826 semper

668 1848 743 1909 ad
788 1847 1018 1920 locum,
1077 1857 1142 1911 ut
1187 1847 1294 1908 ‘ad
1353 1849 1605 1910 amicum
1665 1847 1810 1909 vado
1834 1850 1875 1907 ’.
1966 1866 2319 1927 quamquam
2364 1857 2425 1910 et
2466 1847 2789 1910 secundum
2837 1849 3209 1910 auctoritatem

593 1965 642 2008 ιε
667 1951 962 2010 invenitur
1006 1951 1067 2010 in
1110 1949 1271 2020 loco,
1316 1958 1382 2011 ut
1427 1949 1546 2010 ‘ad
1591 1949 1913 2010 Marcum
1958 1949 2263 2010 Laecam
2310 1958 2377 2010 te
2422 1949 2823 2012 habitare’.
2896 1969 3075 2031 usque
3114 1969 3208 2012 non

667 2052 897 2113 videtur
940 2051 1208 2133 plurimis
1251 2052 1640 2132 praepositio,
1687 2051 1964 2130 quoniam
2010 2053 2094 2112 sic
2138 2050 2248 2112 alia
2291 2053 2651 2133 praepositio
2681 2069 2803 2113 non
2844 2059 3041 2134 potest
3076 2055 3207 2132 poni.

667 2155 886 2216 etenim
955 2154 1203 2216 dicimus
1271 2159 1486 2234 ‘usque
1559 2152 1637 2214 ad
1703 2153 1901 2214 forum
1958 2153 2103 2214 vado
2125 2157 2165 2223 ',
2223 2160 2288 2214 ut
2329 2152 2620 2233 Vergilius
2676 2154 2794 2216 ‘ad
2841 2173 2973 2235 usq
2990 2173 3071 2216 ne
3108 2173 3208 2215 co·

664 2255 950 2318 lumnas
995 2254 1308 2318 exulat'.
1371 2274 1508 2317 nam
1552 2257 1604 2316 si
1646 2253 1827 2318 habet
1869 2255 2113 2317 alteram
2158 2257 2674 2336 praepositionem,
2718 2259 2846 2336 ipsa
2889 2258 3210 2336 praepositio

668 2377 796 2420 esse
841 2377 960 2420 non
1004 2365 1223 2437 potest:
1271 2375 1588 2437 numquam
1633 2358 1791 2418 enim
1836 2358 2195 2437 praepositio
2255 2357 2425 2418 alteri
2468 2359 2895 2438 praepositioni
2947 2358 3209 2420 cohaeret

589 2477 641 2519 πο
665 2461 888 2522 idcirco
946 2459 1232 2522 debemus
1289 2460 1488 2522 dicere
1531 2477 1718 2540 usque
1762 2457 2102 2522 adverbium
2150 2477 2295 2529 esse,
2342 2459 2495 2541 qnod
2542 2461 2755 2521 iterum
2802 2462 2955 2522 ratio
2993 2460 3208 2522 refutat:

666 2564 881 2624 etenim
939 2561 1217 2626 adverbio
1272 2561 1632 2642 praepositio
1687 2563 2005 2642 separatim
2062 2580 2381 2643 numquam
2438 2561 2734 2624 cohaeret.
2812 2564 2867 2624 si
2908 2571 3092 2624 antem
3132 2581 3210 2622 vo-

665 2665 875 2735 lueris,
922 2673 988 2726 ut
1016 2665 1374 2726 coniunctim
1422 2663 1767 2734 cohaereat,
1810 2681 1931 2724 non
1974 2665 2091 2726 iam
2137 2663 2477 2726 adverbium
2523 2665 2663 2734 erit,
2710 2663 2814 2726 sed
2858 2667 3049 2746 potius
3088 2665 3211 2724 reci-

664 2769 754 2847 pit
795 2774 1066 2828 naturam
1109 2785 1307 2828 suam:
1373 2783 1508 2828 nam
1555 2772 1616 2827 et
1670 2767 2165 2846 praepositionem
2210 2766 2635 2847 praepositioni
2678 2767 2764 2827 sic
2806 2765 3209 2833 cohaerentem,

665 2878 730 2930 ιιι
785 2887 922 2950 pro·
948 2886 1064 2931 una
1121 2875 1288 2946 parte
1344 2868 1628 2930 orationis
1681 2866 2040 2938 habeantur,
2094 2868 2424 2930 invenimus
2468 2869 2702 2948 saepius
2744 2868 2903 2948 apud
2946 2869 3208 2938 Catonem,

592 2991 640 3030 νε,
670 2979 731 3032 ιιι
775 2971 1188 3040 circumcirca,
1252 2970 1311 3031 id
1379 2977 1470 3034 est
1523 2971 1699 3032 circa.
1786 2970 1849 3030 in
1908 2968 2171 3032 ablativis
2220 2969 2754 3050 praepositionibus
2799 2989 2833 3031 e
2878 2978 2939 3032 et
2979 2989 3046 3032 ex
3086 2970 3211 3031 hanc

665 3072 888 3141 habent
941 3070 1444 3143 observationem,
1502 3079 1598 3144 ut,
1645 3073 1696 3134 si
1740 3071 1955 3134 vocalis
2000 3079 2307 3153 sequatur,
2372 3089 2444 3132 ex
2500 3089 2966 3153 praeponamus,
3020 3081 3081 3134 ut
3119 3079 3213 3132 ‘ex

666 3177 854 3236 amico
921 3174 1178 3244 audivi';
1245 3175 1296 3234 si
1359 3180 1555 3235 autem
1621 3191 1982 3244 consonans,
2042 3193 2075 3234 e
2124 3181 2557 3254 praeponatur,
2614 3181 2681 3236 ut
2725 3180 2795 3236 ‘e
2839 3175 2973 3237 soro
3017 3177 3211 3236 venio’.

664 3275 808 3339 illud
868 3277 1376 3338 vehementissime
1433 3276 1749 3338 ohservare
1805 3275 2122 3348 debemus,
2180 3288 2246 3336 ιιι
2304 3293 2415 3337 con
2462 3281 2522 3336 et
2563 3276 2623 3336 in
2647 3324 2663 3347 ,
2720 3277 3213 3357 quotienscumque

665 3385 798 3460 post
841 3397 905 3439 se
949 3376 1171 3439 habent
1211 3396 1240 3439 s
1289 3377 1379 3438 vel
1423 3378 1450 3437 s
1487 3377 1775 3450 litteram,
1822 3377 2119 3438 videamus
2147 3397 2323 3458 quem
2366 3377 2437 3438 ad
2482 3376 2723 3439 modum
2766 3380 3211 3458 pronuntientur.

587 3502 639 3543 ao
667 3479 1014 3562 plerumque
1071 3480 1228 3540 enim
1285 3497 1401 3540 non
1463 3479 1845 3542 observantes
1898 3483 1961 3540 in
2018 3477 2419 3541 barbarismos
2462 3479 2839 3540 incurrimus.
2929 3499 3059 3542 nam
3102 3499 3211 3540 cum

669 3585 928 3663 ipsarum
975 3587 1182 3643 natura
1227 3580 1423 3642 brevis
1467 3583 1570 3652 sit,
1617 3589 1847 3652 tamen,
1894 3583 1944 3643 si
1988 3589 2309 3660 sequantur
2354 3598 2533 3662 supra
2580 3578 2769 3642 dictae
2816 3580 3070 3653 litterae,
3112 3581 3211 3662 ple-

666 3701 916 3764 rumque
959 3687 1020 3744 in
1063 3678 1090 3766 ss
1133 3683 1560 3763 longitudinem
1607 3685 1847 3756 transit,
1904 3692 1973 3744 ut
2024 3701 2157 3744 cum
2218 3681 2470 3745 dicimus
2514 3683 2693 3744 confit
2736 3684 3055 3754 consessio,
3098 3686 3209 3744 item

670 3784 980 3847 consilium
1027 3784 1338 3846 consuluit.
1428 3785 1520 3845 his
1563 3787 1718 3846 enim
1766 3785 1912 3846 locis
1956 3784 2426 3866 pronuntiandae
2470 3793 2609 3846 sunt
2650 3794 2715 3847 ιιι
2755 3784 2995 3864 longae;
3038 3783 3209 3845 simili-

667 3898 756 3950 ter
799 3886 990 3948 insula
1046 3886 1248 3948 infula.
1336 3886 1492 3967 qnod
1555 3887 1744 3966 magis
1799 3888 2027 3949 aurium
2085 3887 2302 3949 iudicio
2356 3905 2531 3966 quam
2590 3887 2732 3948 artis
2787 3889 3015 3949 ratione
3076 3885 3207 3948 colli-

588 4012 638 4054 35
667 3991 878 4071 gimuS.
966 3989 1432 4070 praepositiones
1478 3997 1578 4051 ant
1619 3990 1746 4070 ipsa
1790 3988 1967 4052 verba
2012 3997 2432 4069 corrumpunt,
2494 3997 2557 4050 ut
2601 3991 2881 4058 conficio;
2940 4007 3071 4050 nam
3110 3997 3209 4049 erat

663 4095 960 4171 integrum
1009 4091 1188 4152 facio:
1237 4100 1337 4152 aut
1378 4093 1540 4171 ipsae
1584 4099 2049 4172 corrumpuntur
2079 4090 2152 4152 ab
2183 4091 2429 4168 integris
2472 4089 2697 4160 verbis,
2744 4099 2810 4152 ut
2840 4091 3059 4176 *affer03
3101 4107 3207 4152 nam

833 4284 866 4330 4
905 4280 1078 4344 utique
1105 4293 1139 4336 ς
1169 4281 1371 4343 utrique
1399 4278 1451 4327 P
1619 4279 1655 4330 5
1686 4287 1777 4329 eut
1811 4286 2079 4344 utrumque
2124 4279 2283 4330 efficit
2316 4293 2413 4344 quo
2444 4281 2705 4344 per-taceat
2738 4294 2837 4330 non
2868 4281 2995 4331 eatis
3030 4284 3205 4330 constat.

661 4353 757 4402 sed
787 4351 912 4400 illud
953 4352 1174 4414 adparet
1212 4352 1580 4415 grammaticum
1624 4353 1940 4413 carpo-misse,
1977 4349 2110 4416 quod
2134 4348 2452 4414 praepositio
2480 4351 2559 4400 vel
2592 4348 2831 4400 cohaeret
2862 4354 2942 4401 vel
2971 4356 3207 4413 separatur

661 4423 740 4472 vel
765 4429 818 4472 et
849 4419 1087 4471 cohaeret
1113 4427 1161 4470 et
1192 4427 1482 4485 separatur.
1550 4435 1712 4485 quare
1744 4422 1974 4470 lacunam
2001 4421 2220 4472 indicavi
2388 4419 2423 4470 6
2462 4428 2552 4470 aut
2596 4433 2689 4468 con
2726 4421 2821 4470 tibi
2858 4420 2987 4470 duco
3024 4429 3105 4468 aut
3130 4431 3203 4466 con

663 4491 753 4540 tibi
785 4489 1010 4542 distraho
1049 4492 1099 4541 P
1213 4491 1244 4540 7
1281 4499 1582 4556 separantur
1614 4504 1648 4546 ς
1679 4499 1943 4555 separatur
1980 4489 2029 4538 P
2170 4489 2233 4541 10
2262 4505 2385 4556 prae
2412 4497 2603 4539 metum
2634 4491 2686 4540 P
2827 4491 2891 4541 12
2917 4489 3047 4556 apud
3072 4489 3203 4540 altem

662 4562 772 4610 loco
791 4577 886 4612 om.
927 4561 976 4610 P
1113 4559 1178 4610 15
1216 4562 1281 4611 ad
1307 4575 1532 4611 marcum
1568 4559 1765 4610 lechem
1800 4569 1850 4610 te
1887 4558 2117 4610 habitare
2142 4561 2192 4610 P
2222 4561 2285 4610 ad
2320 4559 2388 4615 Μ.
2418 4559 2637 4610 Leucam
2672 4567 2723 4610 te
2756 4558 2982 4610 babitare
3016 4559 3130 4610 dixit
3152 4571 3203 4612 ς.·

661 4630 765 4682 Οἰε.
810 4633 862 4681 in
887 4631 1036 4681 Catil.
1077 4629 1176 4693 18,
1209 4629 1274 4680 19
1419 4631 1482 4681 17
1520 4627 1805 4698 Vergilius]
1844 4629 1975 4679 Aen.
2014 4629 2087 4680 XI
2114 4629 2217 4682 262
2394 4628 2457 4680 19
2484 4627 2689 4680 choeret
2712 4631 2765 4680 P
2930 4631 2985 4680 21
3028 4623 3197 4689 etenim]

663 4707 712 4748 et
737 4703 785 4750 P
946 4699 1152 4749 choeret
1198 4701 1248 4749 P
1415 4702 1483 4752 22
1530 4709 1586 4750 ut
1615 4701 1926 4750 coniunctim
1960 4699 2229 4750 cohaereat
2264 4713 2299 4756 ς
2334 4709 2384 4750 et
2418 4700 2723 4750 coniunctim
2754 4698 2988 4750 cohaeret
3024 4699 3067 4748 P

663 4767 730 4818 23
777 4769 1130 4820 choaerentem
1166 4771 1216 4819 P
1383 4772 1451 4821 24
1507 4769 1772 4836 orationis]
1826 4770 2222 4836 praepositionis
2260 4771 2305 4818 P
2470 4768 2738 4819 habeatnr:
2784 4771 3061 4820 inuenimus
3090 4766 3196 4815 enim

663 4853 818 4904 saepe
843 4853 877 4896 ς
1018 4839 1086 4888 27
1125 4855 1152 4887 e
1179 4851 1491 4905 proponatur
1525 4841 1576 4889 P
1711 4840 1783 4892 30
1820 4841 1871 4890 in
1907 4855 1999 4890 om.
2034 4841 2085 4890 P
2222 4839 2289 4890 32
2328 4837 2500 4905 confit]
2534 4853 2631 4902 quo
2666 4837 2721 4889 fit
2752 4841 2803 4890 P
