3434 5442
1460 1208 1544 1259 ΙΙ.

950 1360 1270 1454 Nom}
1337 1360 2051 1455 INGBVNENSES.

376 1856 430 1911 In
457 1857 646 1912 codice
675 1856 874 1912 saeculi
895 1856 1002 1911 vul
1033 1864 1186 1912 antea
1217 1858 1360 1931 apud
1385 1854 1699 1917 Krohnium.
1734 1872 1877 1913 nunc
1892 1855 2141 1929 Lugduni
2164 1856 2483 1913 Batavorum
2516 1858 2568 1911 in
2601 1856 2796 1913 biblio·

187 1944 358 1996 theca
397 1940 612 2013 publica
643 1940 813 1995 xvnt.
844 1940 963 1994 671?
995 1939 1423 2011 (catal.Geeliani
1457 1960 1508 2015 p.
1535 1943 1636 1995 156
1664 1958 1716 1996 n.
1742 1937 1861 2013 496)
1892 1949 2020 2014 post
2050 1940 2377 2013 glossarium
2406 1941 2652 1997 Latinum
2686 1958 2795 1997 non

187 2027 474 2098 optimum
501 2024 704 2098 legitur
735 2024 770 2079 l'.
798 2026 896 2077 148
917 2028 1152 2080 r.—-l49
1181 2026 1282 2082 sub
1315 2026 1478 2083 titulo
1511 2023 1826 2096 ‘incipiunt
1850 2027 2005 2097 ylose
2034 2026 2195 2081 iure'
2229 2022 2526 2081 laterculus
2560 2026 2603 2079 is
2635 2042 2794 2099 quem

189 2112 344 2165 infra
379 2111 917 2183 repraesentavimus.
981 2110 1314 2166 Exhibeutur
1365 2112 1420 2166 in
1452 2128 1515 2166 eo
1559 2126 1668 2165 uon
1712 2110 1928 2184 quidem
1970 2116 2133 2165 notae
2177 2108 2302 2165 illae
2342 2110 2533 2165 do'ctae
2577 2117 2631 2164 et
2673 2126 2796 2166 cum

187 2195 366 2267 plena
413 2194 545 2249 iuris
577 2194 799 2250 Romani
831 2193 1057 2251 scientia
1085 2195 1276 2250 intime
1306 2196 1655 2257 coniunctae,
1700 2212 1837 2267 quas
1868 2194 2191 2250 offendimus
2235 2201 2345 2251 tam
2384 2194 2528 2267 apud
2559 2194 2795 2250 Probum

188 2296 366 2352 quam
400 2279 454 2334 in
487 2278 642 2335 libris
672 2278 784 2334 Gaii
818 2287 874 2333 et
903 2279 968 2333 de
1001 2281 1116 2335 iure
1148 2279 1264 2336 fisci
1295 2280 1610 2355 laciniisque
1641 2278 1852 2353 Ulpiani
1879 2277 2405 2340 vindobonensibus,
2439 2277 2534 2333 sed
2566 2277 2797 2334 labentis

189 2364 559 2437 prudentiae,
607 2361 785 2436 qualis
814 2362 1056 2419 obtinuit
1085 2364 1316 2421 saeculis
1347 2365 1461 2420 fere
1492 2366 1683 2437 quinto
1729 2372 1783 2419 et
1816 2371 1968 2419 sexto
1998 2379 2203 2437 eaeque
2248 2362 2422 2437 ipsae,
2469 2363 2671 2436 quibus
2712 2364 2795 2420 usi

189 2457 331 2503 sunt
363 2448 617 2521 corporis
649 2447 800 2510 iuris,
833 2448 990 2504 cuius
1022 2446 1284 2523 reliquiae
1315 2448 1418 2505 sub
1447 2449 1665 2505 nomine
1695 2449 2129 2521 fragmentorum
2160 2448 2537 2504 vaticanorum
2567 2448 2797 2503 circum·

191 2536 490 2593 feruntur,
533 2532 786 2587 conditor
815 2532 1136 2606 Ulpianique
1166 2532 1480 2605 regularum
1510 2535 1858 2607 epitomator.
1918 2532 2059 2588 Sane
2090 2534 2182 2607 qui
2213 2542 2467 2588 notarum
2498 2532 2796 2594 elenchum.

191 2634 364 2691 quem
398 2633 464 2673 ex
498 2616 751 2673 Vaticano
781 2614 924 2672 libro
957 2618 1201 2691 excerpsi
1232 2616 1306 2691 (p.
1340 2622 1627 2673 385—388
1656 2618 1739 2673 ed.
1774 2616 1949 2689 mai.).
1995 2634 2117 2675 cum
2148 2616 2497 2691 Lugdunensi
2531 2616 2795 2673 laterculo

193 2708 514 2775 componet,
546 2700 785 2775 reperiet
815 2700 1126 2757 simillimos
1157 2718 1310 2763 esse,
1344 2704 1445 2758 nisi
1477 2702 1623 2775 quod
1654 2702 1935 2776 copiosior
1965 2703 2051 2757 hic
2079 2709 2165 2758 est
2196 2710 2389 2777 utpote
2420 2710 2704 2775 excerptus
2734 2718 2798 2756 ex

193 2802 438 2859 corpore
471 2784 750 2859 ampliore.
820 2785 1079 2842 Versatur
1122 2789 1250 2842 item
1282 2788 1336 2841 in
1369 2787 1486 2842 iure
1515 2788 1687 2858 magis
1721 2804 1879 2860 quam
1925 2787 1977 2841 in
2012 2785 2249 2861 legibu33
2297 2792 2457 2842 notas
2487 2788 2626 2841 enim
2660 2804 2827 2860 quae.

195 2873 519 2944 pertineant
547 2869 615 2925 ad
645 2870 1070 2926 constitutiones
1099 2888 1210 2927 non
1240 2874 1420 2945 reperi
1449 2873 1554 2927 nisi
1588 2872 1829 2943 quinque
1860 2871 1990 2927 has:
2042 2873 2300 2925 inlustris
2330 2873 2647 2926 auctoritas
2676 2877 2795 2937 tua,

195 2956 522 3010 auctoritas
553 2962 670 3017 tua,
699 2956 976 3026 gravitas,
1006 2954 1327 3025 karissime,
1359 2963 1489 3027 post
1517 2957 1896 3012 consulatum.
1944 2954 2247 3010 Christiana
2278 2962 2459 3010 autem
2489 2962 2545 3009 et
2575 2954 2795 3010 omnino

197 3038 432 3095 barbara
464 3038 624 3111 plane
669 3037 865 3095 absunt
895 3057 924 3094 a
957 3040 1306 3112 Lugdunensi
1352 3056 1529 3113 neque
1561 3037 1708 3095 ullus
1750 3056 1813 3094 ex
1846 3038 1980 3095 iuris
2012 3046 2265 3095 notarum
2306 3038 2583 3095 laterculis
2614 3038 2797 3111 alpha·

195 3124 382 3179 hetico
415 3124 606 3179 ordine
637 3124 864 3196 digestis
896 3126 1040 3181 hunc
1071 3126 1232 3181 vincit
1274 3125 1529 3199 puritate.
1577 3124 1994 3198 Repraesentavi
2026 3123 2345 3197 simpliciter
2386 3131 2552 3196 prout
2592 3123 2797 3197 legitur

197 3208 256 3263 in
288 3208 477 3263 codice
519 3208 745 3265 adiectis
791 3207 846 3264 in
888 3210 1132 3282 margine
1184 3208 1264 3265 vel
1308 3210 1450 3265 intra
1493 3226 1666 3265 uncos
1718 3208 2014 3282 quadratos
2058 3207 2527 3265 emendationibus
2577 3210 2623 3263 si
2657 3224 2795 3281 quae

195 3292 542 3349 necessariae
571 3309 694 3349 esse
721 3293 1057 3350 videbantur.

1043 3627 1422 3689 lNc1P1VN'r
1467 3627 1711 3691 GLOSE
1758 3627 1953 3690 IVRE.

240 3804 261 3853 1
319 3805 440 3871 AD·
714 3797 868 3875 apud
1558 3804 1594 3855 9
1643 3782 1777 3855 ἱῖὃῐ
1820 3816 2011 3858 annua
2060 3798 2214 3859 bima
2261 3799 2433 3858 trima

234 3908 268 3955 2
319 3882 515 3966 Ακὲἷ·
718 3906 1026 3975 argentum
1529 3905 1594 3956 10
1644 3884 1745 3957 Ᾰῖ·
1827 3902 2143 3961 auctoritas
2186 3907 2285 3960 tua

235 4006 268 4057 3
318 3984 444 4057 HJ·
476 3984 575 4057 Ki-
605 3990 676 4057 Ᾰ·
715 4007 910 4061 autem

237 4110 268 4158 4
319 4086 424 4158 ῙᾸ
615 4100 624 4108 ’
717 4121 818 4163 aes
861 4101 1115 4163 alienum
1563 4108 1589 4157 1
1649 4085 1749 4180 ὂῖ·
1826 4101 2015 4163 bonae
2046 4100 2189 4162 'fidei

236 4210 268 4260 5
318 4187 434 4260 Ᾰξ·
717 4206 1042 4265 aerrarium
1085 4206 1322 4267 Saturni
1561 4212 1594 4261 2
1651 4188 1750 4283 ὃῖ·
1825 4204 2175 4264 beneficium

237 4311 271 4361 6
319 4290 412 4363 K'S
717 4304 824 4366 alia
873 4302 1204 4366 sententia¹
1561 4312 1593 4363 3
1649 4290 1757 4362 5⁵1}-
1827 4305 2121 4366 bonorum

239 4416 268 4462 7
320 4391 484 4486 Αρἶὶ·
716 4406 1074 4485 appellatum
1561 4415 1596 4464 4
1650 4392 1759 4489 ὁῖὶ·
1830 4407 2123 4468 bonorum
2170 4407 2464 4485 possessio

239 4514 273 4565 8
335 4492 488 4567 “ft-²
712 4510 866 4569 actio
1561 4516 1594 4567 5
1651 4500 1708 4565 δ’
1823 4509 1935 4570 bus

345 4694 368 4745 1
417 4694 526 4745 Imo
564 4695 705 4745 Aelia
739 4694 944 4756 Sentia3
987 4696 1100 4746 vide
1131 4695 1272 4758 infra
1309 4698 1354 4747 L
1389 4700 1424 4751 6
1469 4705 1521 4747 et
1556 4698 1801 4749 Gaianum
1840 4696 1945 4748 ind.
1982 4699 2097 4762 sigi.
2140 4712 2184 4749 s.
2216 4712 2259 4746 v.
2472 4696 2505 4745 2
2555 4697 2659 4745 Imo
2704 4689 2801 4766 A9,

209 4804 264 4845 ut
287 4798 422 4862 infra
461 4792 517 4847 ὕ
563 4798 805 4849 librarius
841 4800 1072 4863 corrupit
1099 4800 1150 4849 in
1189 4778 1294 4850 ΕῨῙ
