3434 5442
623 359 647 419 1
662 358 743 420 64
1801 354 2032 418 PROBI

756 508 766 518 .
877 474 959 517 ,οι
990 474 1043 513 n.
2827 502 2838 513 .
2949 473 3036 515 ,oo
3059 472 3114 517 v,

618 474 871 625 spezigae
862 544 1123 623 perfecta
1166 542 1322 604 salva
1368 544 1557 605 forma
1606 542 1894 605 catholica
1941 552 2000 606 et
2043 564 2114 605 ex
2158 544 2269 606 hac
2301 544 2492 605 forma
2537 472 3216 614 sustineabtaed'eclinari,

618 648 677 708 id
734 656 823 708 est
874 647 1033 707 secui
1078 645 1282 707 domui
1338 644 1517 725 plicui
1560 647 1730 707 tonui
1785 647 1990 724 crepui
2043 649 2214 707 sonui
2267 646 2452 707 vacui.
2541 648 2628 708 sic
2671 653 2730 708 et
2773 653 2972 708 cetera
3017 646 3220 725 aliqua

616 757 759 811 sunt
801 747 999 819 verba,
1044 765 1197 827 quae
1236 748 1433 826 specie
1470 746 1734 825 perfecta
1777 747 1952 819 salva,
1997 748 2082 809 uti
2109 766 2288 827 supra
2327 748 2598 817 diximus,
2643 749 2834 811 forma
2863 766 2969 809 sua
3011 749 3220 809 catho-

616 850 729 912 lica
769 857 829 912 et
870 868 953 911 ex
995 866 1174 929 supra
1216 849 1372 911 dicta
1420 850 1609 911 forma
1654 851 1981 912 sustineant
2017 848 2320 911 declinari.
2393 849 2496 912 sed
2541 850 2688 912 haec
2731 869 2883 931 quae
2933 850 3028 912 vel
3073 858 3222 930 quot

566 976 591 1015 5
618 954 735 1012 sint
773 950 980 1021 verba,
1033 968 1185 1029 quae
1228 952 1427 1029 specie
1482 950 1751 1031 perfecta
1808 958 1865 1014 et
1907 970 2016 1031 per
2055 958 2284 1013 ceteras
2327 969 2455 1023 res,
2511 970 2659 1033 quas
2691 962 2928 1031 regunt
2979 954 3219 1032 species

616 1054 944 1133 perfectae,
1004 1059 1062 1113 et
1110 1052 1187 1113 ad
1234 1070 1415 1132 supra
1461 1052 1675 1115 dictam
1723 1054 1976 1115 formam
2027 1052 2428 1123 declinantur,
2491 1056 2550 1115 in
2607 1056 2770 1115 sonis
2825 1060 3218 1133 conpetenter

614 1154 1023 1217 tractabimus,
1098 1172 1257 1215 nunc
1300 1156 1475 1217 etiam
1506 1154 1621 1217 hoc
1660 1172 1988 1226 monemuS,
2037 1156 2196 1237 quod
2241 1175 2312 1217 ex
2351 1157 2541 1235 prima
2572 1158 2992 1235 coniugatione
3033 1172 3217 1236 quam

616 1257 853 1338 plurimi
897 1258 1059 1327 soni,
1118 1256 1233 1318 hoc
1278 1264 1367 1318 est
1421 1275 1595 1337 quam
1652 1255 1904 1335 plurima
1959 1256 2172 1327 verba,
2231 1259 2462 1335 possint
2513 1257 2800 1319 exhiberi.
2889 1258 2964 1319 de
3017 1259 3218 1338 prima

614 1361 1051 1437 coniugatione,
1101 1366 1384 1437 quantum
1422 1360 1575 1419 ratio
1616 1358 1923 1437 poscebat,
1967 1360 2362 1421 tractavimus.

542 1482 591 1526 ιο
786 1460 1107 1523 Declinatio
1183 1463 1367 1523 activa
1440 1460 1739 1523 secundae
1811 1462 2257 1539 coniugationis.
2375 1462 2564 1523 doceo
2639 1460 2890 1522 verbum
2955 1464 3216 1523 activum

614 1564 929 1626 indicativo
971 1563 1091 1624 sive
1132 1563 1572 1641 pronuntiativo
1622 1563 1799 1623 modo
1854 1562 2076 1624 dictum
2121 1564 2407 1642 temporis
2450 1564 2778 1642 praesentis
2821 1566 2942 1625 sive
2985 1565 3216 1625 instan-

616 1667 690 1727 tis
742 1666 977 1727 numeri
1035 1662 1349 1743 singularis
1410 1664 1637 1743 figurae
1696 1665 2059 1743 compositae
2129 1682 2424 1743 personae
2485 1668 2716 1746 primae
2783 1666 3218 1744 coniugationis

615 1766 943 1838 secundae,
988 1766 1148 1847 quod
1196 1763 1587 1827 declinabitur
1632 1769 1734 1828 sic.
1827 1766 2006 1827 modo
2046 1766 2362 1827 indicativo
2414 1769 2538 1829 sive
2580 1768 3018 1848 pronuntiativo
3062 1773 3216 1829 tem-

614 1888 765 1949 pore
808 1870 1105 1948 praesenti
1162 1868 1283 1929 sive
1334 1867 1571 1929 instanti
1626 1870 1864 1930 numeri
1901 1866 2215 1947 singularis
2259 1869 2446 1930 doceo
2485 1868 2665 1931 doces
2707 1870 2912 1939 docet,
2977 1869 3216 1931 numeri

544 1992 592 2031 ιε,
619 1970 863 2051 pluralis
914 1970 1197 2032 docemus
1249 1970 1473 2031 docetis
1524 1969 1766 2031 docent:
1833 1971 2040 2031 eodem
2093 1970 2270 2032 modo
2321 1978 2592 2051 tempore
2649 1974 2968 2050 praeterito
3013 1973 3218 2050 specie

616 2074 962 2152 imperfecta
1020 2072 1140 2133 sive
1184 2072 1380 2132 minus
1422 2090 1599 2151 quam
1636 2073 1901 2152 perfecta
1947 2069 2038 2132 vel
2083 2072 2412 2133 inchoativa
2468 2074 2701 2135 numeri
2747 2071 3063 2151 singularis
3105 2072 3216 2133 do·

616 2175 823 2237 cebam
875 2173 1131 2237 docebas
1186 2172 1465 2242 docebat,
1526 2176 1760 2236 numeri
1811 2172 2056 2255 pluralis
2109 2173 2471 2236 docebamus
2527 2174 2832 2237 docebatis
2885 2173 3211 2237 docebant:

617 2278 828 2341 eodem
864 2276 1041 2337 modo
1081 2277 1289 2339 eodem
1334 2283 1603 2354 tempore
1642 2279 1841 2356 specie
1885 2276 2147 2356 perfecta
2193 2276 2314 2337 sive
2358 2275 2626 2339 absoluta
2679 2278 2914 2339 numeri
2955 2275 3216 2355 singula-

614 2382 701 2440 ris
739 2379 917 2440 docui
962 2380 1214 2440 docuisti
1260 2378 1479 2448 docuit,
1522 2378 1756 2439 numeri
1784 2376 2026 2457 pluralis
2065 2377 2374 2439 docuimus
2419 2377 2702 2440 docuistis
2747 2378 3080 2440 docuerunt
3119 2376 3214 2438 vel

538 2498 591 2541 το
617 2482 906 2544 docuere:
954 2480 1162 2542 eodem
1204 2480 1381 2541 modo
1422 2480 1633 2542 eodem
1676 2486 1946 2561 tempore
1990 2482 2186 2559 specie
2229 2479 2806 2559 plusquamperfecta
2851 2481 2972 2541 sive
3007 2498 3216 2540 rec-or·

616 2583 807 2644 dativa
866 2580 953 2643 vel
1000 2589 1201 2643 exacta
1251 2583 1483 2643 numeri
1538 2580 1852 2660 singularis
1905 2582 2224 2643 docueram
2271 2582 2562 2645 docueras
2605 2581 2917 2653 docuerat,
2975 2582 3216 2642 numeri

614 2684 859 2764 pluralis
914 2684 1307 2746 docueramus
1366 2684 1701 2744 docueratis
1756 2683 2114 2746 docuerant:
2147 2682 2174 2769 ΙΙ
2205 2684 2413 2746 eodem
2461 2684 2636 2745 modo
2693 2692 2964 2763 tempore
3007 2684 3214 2745 futuro

616 2787 737 2848 sive
782 2785 1149 2870 promislsivo
1203 2784 1381 2847 modo
1440 2787 1673 2847 numeri
1721 2784 2036 2863 singularis
2091 2786 2320 2847 docebo
2361 2785 2604 2847 docebis
2645 2785 2910 2855 docebit,
2977 2787 3216 2847 numeri

614 2888 858 2968 pluralis
925 2888 1270 2950 docebimus
1322 2886 1609 2949 docebitis
1660 2887 1978 2949 docebunt.
2069 2888 2246 2950 modo
2301 2889 2649 2968 imperativo
2707 2895 2980 2969 tempore
3035 2904 3214 2966 prae-

538 3008 589 3049 ²5
618 2992 769 3053 senti
828 2990 900 3052 ad
956 2989 1277 3052 secundam
1338 2997 1397 3051 et
1450 2990 1681 3051 tertiam
1734 3006 2052 3067 personam
2105 2997 2334 3051 tantum
2397 2991 2631 3052 numeri
2683 2989 2996 3069 singularis
3059 2990 3216 3050 doce

617 3093 846 3163 doceat,
892 3094 1126 3154 numeri
1166 3091 1413 3171 pluralis
1460 3092 1667 3154 docete
1714 3089 1992 3153 doceant:
2065 3092 2274 3154 eodem
2317 3092 2496 3153 modo
2539 3099 2808 3172 tempore
2855 3092 3054 3153 futuro
3099 3110 3214 3153 nu-

616 3196 767 3257 meri
809 3192 1122 3274 singularis
1170 3195 1381 3257 doceto
1426 3194 1668 3265 doceto,
1725 3195 1960 3255 numeri
2013 3192 2260 3273 pluralis
2313 3194 2588 3257 docetote
2626 3194 2940 3257 doceunto.
3031 3194 3214 3254 modo

614 3298 839 3359 infinito
876 3298 997 3358 sive
1035 3305 1324 3376 perpetuo
1378 3298 1644 3359 numeris
1688 3302 1750 3357 et
1793 3296 2064 3373 personis
2107 3294 2366 3357 confusis
2421 3302 2690 3376 tempore
2731 3298 3034 3376 praesenti
3087 3296 3214 3357 sive

612 3400 851 3461 instanti
904 3400 1153 3469 docere,
1212 3406 1483 3478 tempore
1526 3398 1850 3477 praeterito
1890 3397 2192 3469 docuisse,
2249 3407 2517 3479 tempore
2561 3398 2764 3460 futuro
2817 3398 3060 3459 doctum
3101 3399 3208 3459 ire.

538 3518 591 3559 so
618 3502 793 3563 modo
860 3501 1117 3580 optativo
1173 3508 1441 3579 tempore
1496 3501 1793 3579 praesenti
1849 3501 1972 3560 sive
2027 3500 2268 3562 instanti
2325 3502 2555 3593 numeri
2613 3498 2928 3579 singularis
2979 3500 3208 3561 utinam

616 3602 881 3672 doceam,
928 3602 1151 3665 utinam
1195 3601 1430 3672 doceaS,
1474 3603 1695 3663 utinam
1743 3601 1982 3672 doceat:
2041 3604 2278 3663 numeri
2315 3601 2562 3681 pluralis
2601 3604 2825 3664 utinam
2863 3602 3206 3668 doceamus,

618 3705 840 3765 utinam
887 3704 1176 3774 doceatis,
1222 3704 1445 3764 utinam
1490 3702 1771 3765 doceant:
1841 3703 2050 3766 eodem
2099 3704 2277 3764 modo
2319 3712 2590 3785 tempore
2627 3706 2949 3783 praeterito
3005 3707 3210 3784 specie

616 3804 960 3884 imperfecta
1030 3806 1149 3866 sive
1216 3806 1411 3866 minus
1476 3822 1653 3883 quam
1716 3806 1981 3884 perfecta
2047 3804 2137 3867 vel
2199 3806 2528 3868 inchoativa
2596 3808 2830 3869 numeri
2893 3806 3212 3883 singularis

614 3909 839 3969 utinam
882 3906 1182 3978 docerem,
1228 3908 1449 3969 utinam
1489 3908 1771 3977 doceres,
1819 3908 2042 3969 utinam
2087 3907 2360 3978 doceret:
2417 3910 2650 3971 numeri
2693 3906 2940 3989 pluralis
2983 3910 3212 3970 utinam

538 4020 589 4062 ³5
618 4008 1002 4079 doceremuS,
1044 4011 1269 4071 utinam
1311 4008 1634 4079 doceretiS,
1674 4010 1898 4070 utinam
1943 4009 2256 4072 docerent:
2335 4011 2544 4073 eodem
2585 4011 2764 4073 modo
2811 4010 3022 4073 eodem
3063 4018 3212 4071 tem·

614 4130 763 4193 pore
806 4112 1007 4193 specie
1044 4112 1305 4190 perfecta
1341 4112 1461 4173 sive
1506 4110 1774 4172 absoluta
1821 4113 2053 4173 numeri
2095 4110 2408 4191 singularis
2453 4114 2676 4175 utinam
2721 4114 3048 4183 docuerim,
3099 4114 3212 4173 uti-

614 4232 751 4275 nam
788 4214 1083 4285 docueris,
1124 4216 1349 4275 utinam
1384 4213 1682 4283 docuerit:
1727 4216 1962 4275 numeri
1995 4212 2242 4294 pluralis
2285 4216 2506 4276 utinam
2538 4215 2934 4286 docuerimuS,
2983 4211 3210 4276 utinam

616 4316 960 4387 docueritiS,
1022 4318 1248 4377 utinam
1302 4314 1641 4378 docuerint:
1723 4316 1930 4377 eodem
1973 4316 2150 4376 modo
2207 4316 2418 4377 eodem
2475 4325 2742 4397 tempore
2799 4318 3000 4397 specie
3049 4316 3210 4397 pius-

614 4416 1059 4499 quamperfecta
1102 4420 1223 4481 sive
1264 4418 1631 4480 recordativa
1680 4416 1773 4479 vel
1819 4424 2020 4480 exacta
2067 4420 2302 4480 numeri
2345 4418 2661 4497 singularis
2705 4421 2928 4481 utinam
2973 4418 3212 4481 docuis-

753 4626 787 4673 2
824 4620 1011 4688 plicui]
1048 4622 1223 4688 placui
1261 4622 1361 4673 RB
1498 4622 1671 4686 aliqua
1705 4621 1753 4673 R
1789 4622 1890 4673 alin
1925 4622 1977 4673 B
2123 4624 2158 4672 4
2197 4630 2246 4673 et
2281 4624 2576 4688 supradicta
2607 4624 2710 4675 RB
2745 4640 2810 4675 ex
2847 4625 3150 4690 supradicta
3183 4642 3214 4675 r

755 4696 787 4743 7
827 4693 1158 4743 tractabimus
1194 4709 1224 4739 r·
1255 4693 1585 4742 tractauimus
1618 4690 1717 4743 RB
1861 4694 1925 4744 12
1965 4691 2160 4758 figurae
2196 4693 2444 4759 simplicis
2481 4696 2646 4744 editor
2683 4694 3092 4745 Vindobonenst‘s

620 4762 684 4813 13
715 4762 867 4811 modo
902 4787 973 4799 -—
1006 4762 1215 4812 instanti
1249 4776 1339 4811 om.
1378 4762 1441 4823 R,
1462 4762 1606 4812 ‘add.
1644 4762 1727 4811 Br·
1865 4764 1932 4813 27
1971 4762 2223 4811 doceunto
2265 4763 2308 4813 R
2342 4764 2556 4813 doceant
2591 4764 2643 4813 B
2781 4764 2851 4816 33
2887 4766 3002 4815 sive
3039 4766 3213 4815 minus

614 4847 765 4895 quam
804 4830 1031 4898 perfecta
1063 4848 1155 4881 om.
1194 4830 1280 4882 R:
1318 4832 1611 4881 inchoatiun
1640 4832 1753 4882 siue
1793 4846 2042 4896 nusquam
2075 4833 2303 4898 perse-cta
2339 4832 2392 4882 B
