3434 5442
683 355 808 416 402
875 361 879 366 ’
1370 348 1652 410 ΠΟΝΑΤΙ
1696 348 1839 410 ARS
1885 346 2375 410 GRAMMATICA
2418 347 2496 410 111
2540 353 2579 414 6

787 471 828 510 ρ.
858 459 925 500 35.
954 458 1004 499 36
1031 456 1075 497 L.
2820 468 2863 508 p.
2894 458 3000 498 1778.
3028 457 3073 498 79
3098 457 3137 499 P.

985 546 1214 619 tuque
1259 554 1594 616 puerque
1637 545 1815 597 tuus

683 647 742 700 et
785 649 999 701 cetera.
1089 639 1242 700 hanc
1299 640 1411 699 nisi
1467 640 1720 716 gravitas
1763 639 2259 717 pronuntiationis
2304 637 2618 706 adiuverit,
2666 638 2933 699 confiteri
2978 639 3219 700 videbitur

681 743 835 822 quod
893 761 1111 820 negare
1171 741 1489 801 contendit.
1581 740 1935 819 antiphrasis
1993 751 2081 799 est
2136 743 2310 800 unius
2366 740 2531 800 verbi
2596 742 2816 804 ironia.
2885 749 2949 801 ut
3010 739 3216 820 [bellum

680 845 847 904 lucus
906 854 965 905 et
1006 843 1257 924 Parcae]
1306 843 1556 912 bellum,
1615 843 1729 902 hoc
1788 851 1878 903 est
1934 843 2173 902 minime
2219 841 2470 914 bellum,
2518 852 2578 901 et
2618 841 2789 904 lucus
2833 861 2902 902 eo
2947 842 3089 920 quod
3128 863 3219 902 non

513 979 538 992 κ
625 961 652 1002 5
679 946 904 1017 luceat,
963 955 1022 1007 et
1065 947 1285 1006 Parcae
1345 966 1414 1006 eo
1472 945 1628 1024 quod
1687 943 1833 1004 nulli
1878 951 2139 1024 parcant.
2230 945 2501 1022 aenigma
2545 951 2634 1004 est
2678 944 2935 1005 obscura
2976 948 3221 1004 sententia

508 1095 538 1104 -
675 1068 786 1128 per
830 1048 1122 1110 occultam
1167 1047 1612 1109 similitudinem
1660 1065 1889 1116 rerum,
1936 1055 2004 1106 ut

979 1159 1167 1210 mater
1211 1169 1306 1210 me
1352 1152 1584 1228 genuit,
1633 1149 1839 1208 eadem
1886 1167 2023 1208 mox
2068 1148 2329 1226 gignitur
2372 1165 2445 1208 ex
2490 1167 2615 1217 me,

677 1273 810 1314 cum
855 1255 1144 1330 significet
1188 1271 1398 1332 aquam
1445 1255 1504 1310 in
1552 1249 1799 1329 glaciem
1846 1267 2233 1310 concrescere
2280 1256 2338 1310 et
2382 1267 2453 1309 ex
2500 1250 2705 1309 eadem
2752 1268 2957 1311 rursus
3000 1251 3219 1312 effluere.

676 1357 1126 1415 charientismos
1173 1363 1264 1414 est
1306 1363 1544 1433 tropuS,
1593 1371 1710 1430 quo
1767 1352 1914 1412 dura
1962 1352 2119 1412 dictu
2164 1353 2386 1430 gratius
2430 1352 2845 1430 proferuntur,
2892 1363 2957 1412 ut
2996 1371 3117 1413 cum
3154 1356 3221 1412 in·

599 1468 649 1510 1⁰
679 1456 1114 1535 terrogantibus
1159 1457 1352 1526 nobiS,
1411 1458 1685 1534 numquis
1741 1473 1850 1514 nos
1893 1454 2237 1533 quaesierit,
2296 1454 2691 1533 respondetur
2735 1453 2927 1516 <hona
2970 1455 3221 1519 sortuna’;

533 1605 563 1616 ..
677 1560 888 1620 exinde
945 1558 1305 1637 intellegitur
1361 1560 1660 1618 neminem
1720 1575 1827 1616 nos
1872 1558 2188 1635 quaesisse.
2276 1558 2578 1635 paroemia
2624 1565 2713 1616 est
2757 1557 3221 1618 accommodatum

675 1661 854 1722 rebus
884 1661 1367 1741 temporibusque
1400 1658 1777 1738 proverbium
1799 1705 1812 1728 ,
1862 1667 1927 1719 ut
1970 1661 1988 1690 ³
2010 1657 2317 1718 adversum
2349 1658 2649 1719 stimulum
2682 1657 2911 1719 calces'
2957 1667 3015 1720 et
3052 1658 3223 1739 ‘lupus

521 1807 548 1820 ,
672 1765 736 1823 in
781 1763 1034 1825 fabula'.
1125 1782 1450 1824 sarcasmos
1497 1769 1585 1821 est
1629 1760 1803 1840 plena
1850 1760 1984 1820 odio
2030 1766 2204 1838 atque
2247 1758 2476 1819 hostilis
2519 1761 2752 1832 inrisio,
2798 1768 2867 1821 ut

980 1883 1066 1925 en
1113 1881 1336 1941 agros
1381 1872 1451 1924 et
1495 1881 1707 1943 quam
1754 1861 1979 1932 bello,
2026 1862 2384 1930 Troiane,
2432 1864 2732 1942 petisti,

598 1979 648 2019 15
979 1967 1406 2044 Hesperiam
1452 1967 1718 2026 metire
1762 1966 2037 2024 iacenS.

675 2079 684 2162 Ι
726 2069 994 2128 astismos
1051 2075 1140 2127 est
1200 2076 1404 2146 tropus
1472 2064 1778 2145 multiplex
1850 2083 2313 2144 numerosaeque
2356 2065 2605 2125 virtutis.
2699 2083 2952 2146 namque
2996 2068 3229 2127 astismos

495 2219 528 2242 Ι
671 2179 910 2248 putatur
967 2170 1248 2250 quidquid
1294 2168 1666 2248 simplicitate
1711 2169 1927 2228 rustica
1975 2175 2137 2226 caret
2192 2183 2253 2226 et
2294 2166 2483 2227 faceta
2526 2168 2668 2228 satis
2711 2165 3041 2228 urbanitate
3084 2189 3229 2248 expo-

670 2271 838 2333 litum
885 2279 1002 2342 est,
1049 2280 1113 2332 ut
1157 2279 1245 2331 est
1287 2270 1434 2331 illud

975 2375 1097 2453 qui
1143 2373 1443 2434 Bavium
1491 2390 1634 2432 non
1679 2371 1839 2431 odit
1882 2378 2069 2430 amet
2112 2378 2231 2432 tua
2276 2371 2634 2440 carmina,
2682 2372 2948 2444 Naevi,

594 2489 645 2530 2⁰
977 2483 1198 2554 atque
1243 2475 1438 2534 idem
1485 2476 1751 2550 iungat
1793 2471 2061 2552 vulpes
2107 2481 2178 2532 et
2218 2472 2547 2550 mulgeat
2589 2473 2864 2534 hircos,

747 2571 754 2578 ⁷
842 2578 1188 2638 llomoeosis
1233 2583 1323 2636 est
1365 2577 1560 2635 minus
1591 2583 1768 2635 notae
1801 2577 1887 2634 rei
1931 2591 2040 2653 per
2084 2573 2529 2634 similitudinem
2574 2577 2699 2634 eius
2731 2595 2883 2656 quae
2913 2579 3091 2656 magis
3119 2587 3231 2636 nota

677 2687 765 2740 est
809 2679 1254 2741 demonstratio,
1318 2677 1494 2738 huius
1538 2680 1765 2758 species
1809 2683 1947 2738 sunt
1993 2685 2139 2746 trcS,
2186 2678 2323 2736 icon
2367 2675 2648 2754 parabole
2693 2677 3054 2756 paradigma.
3120 2680 3231 2739 icon

561 2811 602 2838 f
673 2791 763 2842 est
806 2800 1194 2861 personarum
1239 2782 1396 2840 inter
1440 2799 1503 2840 se
1546 2779 1638 2839 vel
1683 2798 1886 2840 eorum
1936 2797 2085 2858 quae
2131 2779 2401 2857 personis
2446 2777 2721 2864 accidunt
2778 2783 3143 2860 conparatio,
3184 2789 3233 2839 ut

674 2886 791 2944 ‘os
836 2885 1343 2962 humerosque
1390 2881 1524 2942 deo
1571 2880 1906 2942 similis’.
1967 2877 2247 2959 parabole
2278 2888 2367 2939 est
2395 2898 2595 2940 rerum
2642 2899 2865 2958 genere
2895 2882 3229 2944 dissimilium

596 3001 646 3044 25
680 2989 1049 3064 conparatio,
1097 2993 1162 3047 ut

977 3087 1220 3169 qualis
1263 3089 1593 3165 mugitus
1639 3086 1836 3163 sugit
1880 3101 2035 3144 cum
2082 3084 2386 3143 saucius
2432 3101 2628 3146 aram

976 3197 1232 3250 taurus

481 3317 514 3334 t
672 3300 731 3351 et
795 3301 1009 3352 cetera.
1065 3288 1091 3374 [Ι
1148 3283 1489 3371 paradigma
1547 3298 1637 3350 est
1691 3289 1986 3349 enarratio
2043 3285 2297 3365 exempli
2355 3287 2645 3348 hortantis
2714 3295 2817 3349 aut
2880 3290 3230 3352 deterrentis:

668 3395 986 3464 hortantiS,
1033 3401 1098 3454 ut

427 3501 454 3516 ²
593 3507 648 3550 so
976 3496 1307 3555 Antenor
1350 3495 1606 3573 potuit
1649 3491 1916 3553 mediis
1959 3488 2262 3568 elapsus
2306 3491 2605 3552 Achivis

975 3595 1335 3676 Illyricos
1379 3604 1786 3675 penetrare
1830 3595 2037 3654 sinus

675 3710 734 3758 et
777 3706 1001 3768 cetera;
1049 3699 1428 3768 deterrentiS‚
1478 3705 1543 3759 ut

976 3811 1048 3860 at
1091 3819 1232 3860 non
1277 3801 1384 3860 sic
1429 3798 1803 3877 Phrygius
1845 3802 2198 3876 penetrat
2239 3795 2809 3860 Lacedaemona
2856 3813 3103 3881 pastor

975 3902 1485 3982 Ledaeamque
1528 3900 1881 3962 llelenam
1925 3898 2293 3958 Troianas
2335 3898 2540 3960 vexit
2582 3899 2663 3962 ad
2710 3901 2955 3965 urbes.

529 751 560 764 ,-

815 4093 840 4141 1
873 4099 1024 4154 tuque
1063 4105 1288 4157 puerque
1321 4098 1435 4138 tuus
1472 4106 1562 4140 om.
1600 4089 1693 4137 LP
1798 4086 1831 4138 3
1866 4095 1923 4134 ut
1956 4086 2143 4136 bellum
2173 4085 2317 4136 lucus
2352 4099 2504 4150 parce
2538 4087 2757 4153 Enigma
2782 4091 2861 4140 L.-
2894 4093 3080 4143 bellum
3107 4093 3231 4142 lucus

674 4170 722 4211 et
759 4163 946 4211 Parcae
974 4179 1064 4214 om.
1107 4163 1158 4210 P
1293 4163 1324 4210 8
1361 4161 1611 4227 significet
1645 4159 1723 4207 Ls
1758 4157 2012 4223 siguificat
2038 4157 2129 4207 SP
2264 4168 2587 4208 concrescere
2622 4159 2671 4206 L
2703 4172 3000 4213 conuertere
3036 4166 3119 4216 SP

674 4232 739 4282 10
765 4247 884 4280 num
915 4235 1029 4296 quis
1068 4247 1160 4281 nos
1197 4233 1246 4280 L
1282 4231 1395 4294 quis
1433 4245 1524 4279 nos
1548 4231 1589 4279 S
1621 4245 1743 4278 uum
1780 4243 1871 4277 nos
1896 4228 1946 4274 P
2054 4227 2114 4277 ll
2140 4224 2328 4274 exinde
2357 4224 2459 4274 LP
2482 4237 2531 4276 et
2560 4229 2746 4279 exinde
2770 4247 2828 4281 s:
2854 4235 2907 4282 in
2942 4237 2985 4284 S
3016 4235 3233 4300 qm'dolim

667 4303 828 4363 fuerit
859 4319 954 4354 non
984 4303 1206 4365 adparet
1303 4301 1366 4350 14
1394 4300 1476 4365 en]
1515 4301 1673 4363 Vera.
1717 4299 1848 4350 Aen.
1888 4297 1982 4346 ΧΠ
2020 4295 2122 4348 359
2230 4295 2294 4345 16
2332 4297 2817 4363 innumerossaeque
2852 4305 2905 4352 P
3044 4307 3101 4358 19
3134 4305 3226 4368 qui]

681 4373 835 4436 Ver-9.
874 4373 1030 4421 bucol.
1067 4373 1128 4434 3,
1169 4371 1238 4422 90
1409 4373 1616 4420 bauium
1654 4387 1681 4419 s
1727 4369 1935 4418 nauium
1973 4368 2020 4415 L
2058 4366 2269 4415 nablum
2304 4367 2376 4428 Sp
2426 4369 2598 4416 obium
2632 4371 2681 4418 P
2852 4375 2921 4422 24
2960 4373 3037 4442 os]
3098 4377 3229 4438 Verq.

673 4442 800 4491 Aen.
836 4443 852 4488 l
894 4441 996 4491 589
1157 4443 1225 4491 26
1264 4439 1448 4508 qualis]
1496 4442 1650 4504 Ver-9.
1690 4441 1819 4489 Aere.
1861 4440 1903 4486 ll
1935 4437 2038 4488 223
2210 4435 2280 4486 30
2307 4435 2556 4504 Antenor]
2604 4442 2760 4504 γει-9.
2788 4443 2920 4496 Aen.
2963 4447 2983 4494 Ι
3022 4449 3116 4496 242

671 4509 735 4560 31
768 4511 994 4575 illyricos
1029 4520 1295 4576 penetrare
1333 4513 1476 4561 sinus
1512 4526 1606 4562 om.
1646 4510 1689 4560 S
1825 4509 1893 4560 33
1924 4522 1988 4556 an
2023 4507 2067 4556 S
2094 4513 2146 4556 at
2180 4520 2235 4554 s:
2278 4506 2435 4571 Vera.
2478 4508 2607 4562 Aen.
2652 4513 2743 4561 Vll
2772 4511 2878 4566 363
2998 4515 3069 4566 34
3102 4516 3231 4564 troia·

671 4593 788 4628 num
813 4582 953 4631 uexit
981 4584 1048 4630 ad
1082 4583 1259 4631 urbem
1299 4583 1348 4630 L
