3434 5442
589 369 716 414 vul
1669 349 2090 410 PRAEFATIO

591 539 734 604 cod.
793 538 1103 625 philolog.
1161 537 1379 600 Latin.
1437 533 1597 599 bibl.
1655 533 1864 598 Palat.
1922 531 2289 598 Vindobon.
2348 557 2411 620 Ρ.
2459 542 2581 604 215
2628 557 2768 618 sqq.
2826 532 2966 597 cod.
3025 541 3165 615 322,

594 642 704 727 qui
761 639 1050 704 codicem
1108 645 1337 701 octavo
1393 636 1497 700 vel
1561 658 1729 699 nono
1787 634 2046 700 saeculo
2103 637 2415 720 scriptum
2468 658 2609 700 esse
2666 635 2854 717 dicit3
2910 636 3165 715 rectiuS,

598 751 666 806 ut
709 741 1001 819 videtur,
1050 739 1322 824 septimo
1368 736 1472 802 vel
1518 737 1767 802 ineunti
1812 747 2039 801 octavo
2094 736 2462 802 tribuerunt
2512 737 2683 801 idem
2741 736 3168 801 Endlicherus

597 853 661 907 et
685 840 1175 907 Eichenfeldius
1207 839 1480 904 analect.
1515 861 1787 924 gramm.
1824 838 2278 925 (Vindobonae
2310 861 2369 903 a.
2406 841 2597 922 1837)
2630 839 2836 926 praef.
2868 863 2933 924 p.
2967 839 3000 904 Ι
3032 861 3167 925 sqq.

592 968 742 1010 nam
789 955 852 1008 et
897 945 1254 1028 scripturae
1298 963 1536 1026 genere
1581 940 1810 1005 similis
1855 963 1999 1006 esse
2029 941 2266 1007 dicitur
2308 940 2517 1006 codici
2546 939 2973 1026 Neapolitano
3006 940 3172 1005 Cha-

595 1049 752 1127 risii,
787 1055 852 1110 et
881 1055 1228 1131 utrumque
1271 1044 1510 1108 librum
1555 1043 1782 1107 eodem
1826 1042 1964 1107 fere
2010 1053 2297 1128 tempore
2342 1045 2654 1129 scriptum
2700 1065 2840 1107 esse
2882 1042 3173 1108 indicare

591 1149 898 1214 videntur
940 1145 1354 1211 membranae
1397 1147 1751 1231 rescriptae
1798 1145 2233 1230 antiquissimi
2276 1144 2517 1210 codicis
2562 1145 2840 1226 Lucani,
2899 1165 3175 1229 quarum

596 1259 846 1335 partem
894 1250 960 1314 in
1003 1247 1493 1312 Vindobonensi
1539 1245 1736 1327 libro,
1782 1257 2034 1331 partem
2076 1247 2145 1312 in
2188 1246 2615 1332 Neapolitano
2660 1247 2989 1310 inventam
3032 1268 3175 1310 esse

596 1351 817 1416 docuit
861 1348 1352 1415 Eichenfeldius
1396 1351 1464 1413 in
1511 1347 2035 1434 ephemeridibus
2080 1348 2410 1412 annalium
2440 1347 3041 1412 Vindobonensium
3089 1347 3176 1432 (a.

598 1454 787 1537 1824)
835 1451 967 1514 vol.
1015 1458 1095 1519 26
1139 1475 1204 1534 p.
1251 1459 1332 1518 20
1379 1473 1516 1537 sqq.
1575 1449 1656 1514 de
1700 1451 1779 1513 iis
1826 1449 2009 1514 libris
2055 1472 2216 1535 quos
2264 1451 2403 1515 dixi
2446 1449 2765 1536 quaedam
2808 1451 3176 1515 accuratius

523 1625 528 1630 ,
593 1555 750 1618 mihi
794 1552 1113 1618 indicavit
1156 1552 1431 1617 Ioannes
1475 1552 1831 1617 VahlenuS.
1888 1550 1955 1615 hi
1998 1552 2201 1636 igitur
2242 1553 2307 1615 in
2352 1551 2575 1617 codice
2620 1553 2844 1638 scripti
2886 1560 3035 1615 sunt
3062 1553 3178 1633 ita,

593 1657 642 1720 f.
691 1663 770 1726 76
827 1657 1308 1718 PRAEFATIO
1357 1654 1367 1740 Ι
1423 1659 1649 1734 Accipe
1700 1665 1911 1718 nostra
1968 1655 2060 1739 (Ρ.
2108 1654 2258 1738 219)
2318 1692 2400 1701 —
2454 1654 2502 1718 f.
2551 1654 2680 1723 95*
2726 1659 2972 1720 abstulit
3023 1661 3182 1718 ensis

469 1813 477 1825 ‚
601 1755 694 1841 (p.
742 1765 892 1832 264)
931 1756 940 1840 Ι
981 1761 1095 1820 DE
1139 1758 1629 1820 CATHOLICIS
1669 1759 1930 1820 PROBI
1974 1758 1986 1842 1
2048 1759 2339 1830 Quoniam
2382 1763 2653 1820 instituta
2698 1763 2921 1820 artium
2971 1759 3062 1856 (Ρ.ο
3106 1757 3179 1855 3)

596 1896 678 1906 —
721 1857 770 1923 f.
819 1868 941 1928 110
977 1859 1308 1938 praeteriti
1339 1857 1351 1944 Ι
1388 1861 1633 1922 FINIT
1674 1862 1789 1920 DE
1828 1860 2317 1922 CATHOLICIS
2356 1861 2611 1923 PROBI
2648 1863 2657 1938 Ι
2698 1845 2887 1935 (ARS
2928 1862 3189 1923 SERUI

598 1947 862 2039 GRAM’
907 1964 1343 2039 EXPLICIT)
1383 1967 1394 2039 Ι
1433 1963 1885 2024 FELICITER
1930 1959 2070 2042 (40,
2121 1961 2227 2046 13)
2288 1970 2353 2024 et
2408 1959 2676 2024 dimidia
2718 1959 2855 2024 fere
2899 1961 3183 2047 paginae

599 2073 802 2150 parte,
836 2084 1002 2150 quae
1033 2064 1342 2140 restabat,
1375 2083 1586 2126 vacua
1626 2061 1854 2126 relicta
1897 2060 1944 2125 f.
1984 2061 2141 2129 110*
2185 2067 2261 2125 de
2292 2069 2633 2142 participio
2677 2068 2961 2142 temporis
2994 2083 3185 2143 prae-

593 2172 758 2230 teriti
815 2169 1106 2240 Quoniam
1163 2168 1238 2227 de
1291 2169 1554 2244 pedibus
1614 2164 1754 2246 (40,
1806 2163 1910 2250 15)
1961 2201 2033 2210 -
2080 2163 2131 2227 f.
2182 2166 2338 2232 111*
2382 2170 2687 2228 delectare
2729 2169 3187 2230 FELICITER

593 2271 754 2331 ARS
781 2270 1044 2330 PROBI
1075 2265 1086 2351 Ι
1127 2269 1669 2330 GRAMMATICI
1691 2270 1944 2330 URBIS
1980 2265 1989 2348 Ι
2028 2270 2432 2331 EXPLICIT
2458 2269 2916 2332 CATHOLICA
2942 2270 3184 2350 (43,10)

597 2372 603 2452 1
689 2371 1058 2432 Theodosius
1129 2372 1468 2432 macrobius
1538 2405 1615 2414 -
1677 2368 1889 2432 (ΥΛω
1962 2368 2101 2433 Aa(
2156 2369 2225 2432 II
2296 2366 2491 2450 (anal.
2560 2391 2831 2453 gramm.
2898 2369 3185 2433 Vindob.

591 2493 657 2554 p.
708 2476 854 2548 194)
895 2469 904 2552 Ι
943 2475 1090 2532 Item
1138 2475 1262 2533 alio
1305 2475 1481 2533 modo
1532 2507 1597 2515 -
1651 2491 1732 2534 ex
1776 2475 2091 2549 trisyllabo
2134 2480 2194 2533 et
2236 2475 2419 2534 isdem
2468 2469 2597 2552 (43,
2646 2472 2942 2554 11—13).

762 2570 870 2636 Ex
913 2571 1034 2656 hoc
1079 2570 1300 2635 codice
1347 2570 1604 2634 saeculo
1651 2572 1875 2657 quinto
1922 2569 2170 2636 decimo
2217 2580 2494 2635 exeunte
2539 2571 2645 2636 vel
2701 2581 2883 2636 sexto
2932 2570 3189 2637 decimo

593 2675 856 2738 incunte
913 2672 1222 2759 descripti
1275 2682 1430 2738 sunt
1483 2672 1610 2737 duo
1621 2719 1640 2753 ,
1697 2674 1808 2759 qui
1866 2695 2039 2737 nunc
2096 2671 2368 2758 Neapoli
2425 2674 2493 2738 in
2549 2673 2731 2758 regia
2781 2673 3191 2738 bibliotheca

599 2783 973 2855 servantur,
1049 2775 1212 2839 alter
1275 2774 1680 2839 Borbonicus
1744 2773 1839 2838 IV
1896 2775 1959 2838 A
2019 2785 2127 2854 11,
2194 2796 2385 2860 quem
2454 2775 2802 2860 descripsit
2868 2774 3191 2840 Cataldus

597 2876 908 2941 Ianellius
963 2877 1031 2940 in
1085 2877 1382 2960 catalogo
1438 2875 1872 2941 bibliothecae
1928 2877 2136 2940 musei
2192 2876 2541 2942 Borbonici
2586 2899 2650 2962 p.
2699 2877 2768 2959 9,
2816 2877 2979 2942 alter
3022 2878 3189 2943 Bor-

594 2980 864 3044 bonicus
921 2977 1016 3043 IV
1060 2981 1121 3042 A
1172 2987 1248 3047 17
1307 2978 1480 3064 apud
1540 2976 1881 3044 Ianellium
1928 2976 1969 3042 l.
2013 3001 2070 3042 c.
2115 3000 2179 3063 p.
2229 2987 2336 3059 13,
2395 3000 2669 3066 quorum
2722 2981 2898 3064 prior
2938 2979 3188 3044 librum

595 3079 674 3144 dc
721 3079 965 3144 ultimis
1015 3080 1288 3166 syllabis
1333 3102 1480 3145 cum
1513 3077 1656 3144 aliis
1702 3081 2142 3166 grammaticis
2172 3080 2365 3145 Bobii
2393 3081 2709 3161 inventiS,
2755 3082 3073 3166 posterior
3121 3092 3193 3146 et

591 3183 766 3247 hunc
825 3191 893 3246 et
951 3181 1316 3247 catholicon
1371 3182 1609 3247 librum
1665 3183 1973 3246 continet.
2060 3191 2406 3269 utrumque
2462 3181 2615 3246 olim
2660 3181 2802 3248 Iani
2847 3183 3189 3249 Parrhasii

595 3284 798 3348 fuisse
821 3331 838 3363 ,
898 3285 964 3348 in
1021 3286 1378 3370 posteriore
1434 3284 1858 3348 Parrhasium
1908 3295 2293 3368 argumenta
2347 3307 2561 3348 rerum
2606 3306 2773 3369 quae
2816 3293 3191 3350 tractantur

599 3388 682 3450 in·
713 3387 1006 3468 margine
1053 3385 1505 3470 adscripsisse,
1567 3387 1759 3471 ‘quin
1804 3387 2181 3449 universum
2224 3386 2503 3451 fortasse
2556 3408 2753 3449 manu
2798 3409 2917 3451 sua
2956 3389 3191 3452 iuveni

607 3487 818 3552 adhuc
865 3488 1234 3572 scripsisse’
1281 3486 1527 3551 indicat
1567 3485 1906 3552 Ianellius:
1964 3487 2049 3551 cf.
2094 3487 2261 3552 anal.
2316 3509 2585 3571 gramm.
2632 3487 2912 3553 Vindob.
2972 3491 3191 3574 praef.

595 3613 658 3676 p.
709 3588 858 3652 XV.
904 3597 1162 3674 praeter
1207 3587 1323 3652 hos
1372 3611 1571 3652 unum
1617 3609 1959 3674 superesse
2002 3590 2155 3653 novi
2200 3588 2523 3670 codicem,
2581 3591 2647 3652 in
2692 3612 2817 3675 quo
2864 3591 3195 3676 quaedam

597 3715 680 3754 cx
735 3689 1068 3758 catholicis
1127 3691 1326 3754 Probi
1382 3699 1692 3776 excerpta
1753 3697 2011 3770 extant,
2081 3690 2449 3754 Parisinum
2518 3699 2682 3762 7520
2748 3714 2831 3757 ex
2906 3693 3195 3758 diversis

595 3793 1114 3856 membranarum
1167 3790 1498 3855 fasciculis
1555 3793 1984 3876 conpositum.
2071 3792 2141 3856 in
2195 3793 2405 3877 prima
2460 3794 2631 3858 enim
2686 3794 2927 3858 codicis
2998 3809 3195 3879 parte

597 3903 908 3979 excerpta
953 3894 1148 3960 Probi
1195 3892 1453 3957 saeculo
1499 3893 1869 3973 undecimo,
1926 3903 1999 3958 ut
2043 3894 2198 3958 mihi
2244 3894 2619 3975 videbatur,
2676 3896 2919 3981 scripta
2962 3897 3195 3981 legun-

597 4007 702 4062 tur
747 4001 863 4075 ita,
923 3996 970 4059 f.
1022 4007 1051 4064 1
1112 3999 1274 4059 ARS
1315 3998 1578 4058 PROBI
1615 4000 1733 4058 DE
1776 4001 2126 4060 ULTIMIS
2174 4000 2588 4060 SVLLABIS
2630 4001 2868 4062 CUIUS
2910 4002 3195 4064 DECLI-

597 4101 1002 4162 NATIONIS
1047 4102 1204 4161 UEL
1253 4102 1404 4161 UBI
1445 4103 1931 4178 Praepositiones
1973 4104 2245 4162 locorum
2304 4109 2588 4178 quattuor
2630 4106 2817 4178 uulqo
2859 4114 3199 4164 seruantur

598 4223 695 4266 ex.
759 4208 844 4265 in.
903 4205 1004 4263 ad.
1066 4204 1162 4262 ab.
1223 4205 1426 4263 audio.
1489 4204 1807 4265 audiebam
1864 4205 2058 4264 audeo
2118 4206 2433 4264 audebam.
2528 4205 2706 4264 Nunc
2750 4207 2827 4264 de
2868 4207 3199 4267 catholicis

599 4309 902 4366 nominum
949 4307 1389 4380 uerborumque
1431 4307 1774 4366 rationibus
1818 4307 2135 4366 doceamus
2183 4307 2273 4387 (p.
2322 4303 2389 4388 3)
2438 4341 2519 4350 —
2564 4303 2611 4366 f.
2659 4313 2697 4373 9
2742 4307 2935 4368 Sexta
2972 4308 3199 4380 forma

597 4411 848 4468 senaria
903 4415 990 4468 es!
1047 4410 1107 4467 in.
1165 4425 1414 4468 numero
1468 4409 1775 4482 simulari
1814 4410 2083 4482 primam
2139 4411 2297 4482 reqit
2338 4411 2467 4468 sola
2512 4413 2571 4469 in
2628 4411 2865 4484 plurali
2903 4412 3074 4470 nulla
3122 4421 3198 4471 ut

598 4513 825 4571 nullum
869 4512 1032 4568 nulle
1077 4511 1242 4569 nullo
1290 4505 1418 4589 (37,
1465 4509 1548 4588 7).
1597 4515 1958 4591 sequuntur
1986 4505 2249 4570 Alcuini
2294 4506 2374 4571 dc
2418 4507 2825 4593 philosophia
2872 4517 2935 4571 et
2964 4507 3197 4572 Bcdae

599 4608 678 4672 dc
725 4607 1159 4672 schematibus
1206 4606 1376 4672 libri.

769 4713 986 4794 Atque
1044 4709 1202 4773 haec
1265 4709 1528 4794 quidem
1583 4709 1663 4774 dc
1723 4709 1907 4774 libris
1962 4731 2155 4774 manu
2202 4711 2480 4795 scriptis.
2570 4711 2727 4776 editi
2772 4721 2987 4776 autem
3032 4723 3199 4776 sunt

596 4813 794 4877 Probi
841 4813 992 4876 libri
1043 4813 1322 4896 primum
1367 4834 1406 4875 a
1451 4812 1606 4875 lano
1639 4811 2017 4892 Parrhasio,
2063 4814 2175 4896 qui
2219 4813 2455 4878 librum
2500 4813 2579 4877 de
2622 4813 2865 4877 ultimis
2910 4811 3197 4898 syllabis
