3434 5442
845 348 942 410 DE
987 347 1290 411 CENTVM
1333 347 1614 412 METRIS
1657 349 1759 412 vll
1806 357 1838 416 1
1858 350 2033 412 —l'X
2080 357 2159 418 10
2576 424 2586 438 ,
2664 359 2787 420 465

315 465 366 506 p.
391 454 510 513 tau.
545 455 596 496 π
623 453 672 498 Ρ.
2373 471 2419 513 p.
2444 458 2533 502 su.
2561 461 2611 502 ⁷5
2638 459 2689 501 c.

1167 561 1176 570 ’
1231 587 1330 650 nn
1374 587 1773 650 DISPERSIS.

383 719 630 801 Reliqua
687 719 966 802 deinceps
1021 730 1208 784 metra
1263 742 1383 786 non
1437 743 1507 786 ea
1561 723 1692 804 lege
1749 735 1863 805 qua
1906 726 2214 805 superiora
2256 725 2604 787 referemus.
2692 724 2791 788 illa

208 822 373 882 enim
423 821 578 884 velut
631 823 874 885 confusa
921 824 1168 904 digessi,
1225 825 1373 886 haec
1426 825 1585 887 velut
1628 827 1895 907 dispersa
1940 825 2169 907 collegi.
2260 827 2363 888 sed
2408 845 2479 888 ex
2524 825 2794 907 plurimis

209 925 478 1005 quinque
523 931 581 984 et
623 925 828 1005 viginti
873 927 1004 988 usui
1047 926 1333 989 tradenda
1376 927 1622 989 subieci.

383 1026 468 1088 De
512 1023 732 1088 falisco.
821 1027 1088 1090 faliscum
1133 1036 1363 1090 constat
1404 1029 1594 1090 tribus
1637 1029 1882 1110 dactylis
1926 1038 1987 1091 et
2029 1027 2329 1110 pyri'l‘chio
2351 1078 2366 1101 ,
2414 1036 2479 1091 ut
2522 1038 2610 1091 est
2656 1031 2787 1102 hoc,
2814 1066 2841 1106 5

791 1128 960 1190 docta
1001 1128 1204 1192 falisca
1249 1131 1474 1192 Serene
1517 1149 1779 1211 reparas,
2660 1123 2671 1130 ’

392 1227 404 1312 Ι
442 1229 524 1291 De
569 1230 962 1310 pherecratio.
1063 1232 1501 1312 pherecratium
1563 1239 1793 1295 constat
1834 1232 2083 1314 spondio
2127 1233 2356 1314 dactylo
2414 1233 2684 1314 spondio,
2730 1243 2795 1295 ut

206 1339 302 1392 est
347 1331 494 1402 hoc,

788 1452 959 1514 reges
1002 1454 1266 1518 purpura
1309 1444 1618 1499 monstrat.

383 1491 469 1597 he
513 1533 798 1616 glyconio.
874 1536 1208 1618 glyconium
1252 1546 1484 1601 constat
1527 1538 1777 1619 spondio
1822 1537 2164 1601 choriambo
2208 1539 2542 1619 pyrrichio,
2592 1545 2655 1602 ut
2698 1547 2797 1602 est
2824 1577 2873 1618 ω

205 1636 360 1703 hoc,

787 1740 886 1801 odi
928 1740 1308 1803 Parthenium
1353 1760 1581 1804 nemus.

381 1841 468 1904 De
532 1839 904 1922 asclepiadio.
995 1841 1413 1923 asclepiadium
1488 1850 1716 1907 constat
1787 1845 2067 1927 spondio,
2138 1846 2371 1908 duobus
2414 1845 2793 1918 choriambis,

205 1944 552 2025 pyrrichio,
595 1949 660 2005 ut
705 1953 793 2005 est
833 1944 977 2016 hoc,

788 2046 940 2108 vitae
986 2065 1124 2127 pars
1168 2047 1380 2114 melior
1422 2067 1596 2129 quam
1643 2051 1761 2109 cito
1804 2047 2040 2112 labitur.
2822 2091 2870 2132 ,5

383 2148 469 2210 De
523 2146 763 2209 alcaico.
853 2146 1136 2212 alcaicum
1195 2157 1424 2212 constat
1465 2150 1746 2232 spondio,
1806 2149 1995 2212 tribus
2038 2150 2428 2224 choriambis,
2474 2151 2797 2232 pyrrichio,

203 2259 276 2312 ut
321 2258 416 2312 est
457 2249 600 2318 hoc,

617 2370 727 2432 pro
773 2351 860 2413 sas
903 2352 1184 2414 Aeacides
1226 2352 1544 2435 procubuit
1585 2354 1694 2416 sub
1740 2354 1966 2417 Paridis
2008 2373 2207 2416 manu.

382 2454 469 2517 De
513 2452 790 2533 elegiaco.
879 2453 1206 2534 elegiacum
1252 2462 1479 2517 constat
1524 2455 1597 2516 de
1639 2457 2099 2536 penthemimeri
2143 2457 2332 2537 prima
2378 2456 2619 2518 heroica
2640 2503 2657 2528 ,
2702 2475 2793 2518 se-

205 2557 408 2619 cunda
453 2555 766 2637 dactylica,
811 2565 877 2619 ut
920 2563 1010 2618 est
1052 2557 1195 2630 hoc,

787 2667 1015 2721 maeret
1057 2659 1280 2721 diffusis
1321 2660 1472 2722 flens
1516 2659 1704 2741 elegia
1751 2662 1957 2724 comis.

379 2762 466 2824 De
511 2760 754 2824 aeolico.
843 2760 1130 2826 aeolicum
1177 2769 1406 2825 constat
1444 2764 1640 2843 primo
1682 2763 1835 2843 pede
1882 2761 2167 2844 disyllabo
2210 2761 2475 2844 quolibet
2520 2771 2581 2824 et
2622 2770 2795 2845 quat-

205 2871 346 2926 tuor
391 2862 667 2945 dactylis,
711 2869 778 2924 ut
821 2871 909 2925 est
951 2863 1093 2937 hoc,

786 2965 1022 3047 Sappho
1065 2966 1376 3046 conposuit
1415 2965 1570 3029 male
1614 2974 1771 3030 casta
1815 2976 2107 3048 poemata.

380 3067 466 3130 De
509 3069 724 3130 miuro.
795 3069 1056 3131 miurum
1100 3076 1328 3130 constat
1370 3070 1449 3131 ita
1493 3076 1560 3131 ut
1599 3067 1939 3138 heroicum.
1982 3069 2087 3131 sed
2131 3069 2435 3150 pyrrichio
2478 3068 2789 3142 clauditur,
2816 3115 2867 3158 25

205 3175 274 3232 ut
317 3176 408 3232 est
447 3169 593 3243 hoc,

783 3281 1038 3336 mortem
1081 3280 1470 3335 contemnunt
1509 3272 1749 3336 laudato
1792 3272 2035 3336 vulnere
2079 3274 2281 3338 Getae.
2332 3270 2362 3358 ΙΙ

380 3374 466 3437 De
521 3376 809 3458 priapeio.
893 3376 1224 3458 priapeium
1280 3383 1512 3437 constat
1563 3375 1638 3436 de
1691 3374 1966 3457 glyconio
2022 3383 2081 3437 et
2132 3375 2511 3456 pherecratio
2532 3425 2547 3448 ,
2594 3385 2661 3438 ut
2704 3385 2796 3440 est

205 3475 356 3550 hoc,
2380 3485 2395 3495 '

783 3578 1290 3660 Hellespontiacos
1331 3588 1496 3642 tuum
1540 3597 1763 3642 numen
1806 3581 2067 3661 protegit
2105 3580 2332 3644 hortos.

380 3681 468 3744 De
508 3679 834 3766 phalaecio.
921 3680 1290 3761 phalaecium
1335 3689 1564 3746 constat
1605 3682 1888 3764 spondio,
1934 3682 2195 3765 dactylo,
2242 3681 2433 3746 tribus
2478 3683 2789 3758 trochaeis,

207 3793 274 3847 ut
316 3791 408 3848 aet
447 3784 588 3856 hoc,

2818 3627 2871 3670 ³0

351 3941 380 3992 1
421 3939 496 3990 De
533 3939 754 3990 diuersis
787 3948 1064 3990 metrorum
1102 3941 1380 4006 generibus
1419 3953 1454 3996 ς
1595 3941 1630 3990 2
1665 3938 1937 3992 efferemus
1966 3942 2019 3990 P
2121 3937 2155 3989 3
2185 3935 2417 3990 comfusa
2452 3939 2504 3990 P
2604 3941 2640 3990 4
2674 3940 2795 3991 sub-

209 4011 304 4060 ieci
338 4025 481 4064 corr.
515 4009 790 4060 subieciam
815 4011 872 4060 N
1003 4011 1036 4062 5
1071 4009 1147 4060 De
1183 4009 1362 4061 falisco
1397 4034 1468 4045 —
1503 4007 1736 4076 reparas]
1770 4009 2124 4076 ityphallicum
2155 4010 2292 4074 qnod
2329 4017 2677 4062 tetrametrum
2712 4019 2795 4060 est

209 4087 410 4132 constat
441 4081 606 4130 tribus
638 4079 852 4144 dactylis
883 4087 934 4130 et
971 4078 1250 4146 pyrrichio,
1283 4087 1342 4130 ut
1375 4087 1455 4130 est
1481 4079 1598 4144 hoe,
1633 4081 1723 4143 qui
1756 4095 1929 4130 serere
1964 4080 2229 4146 ingenium
2268 4080 2405 4130 uolet
2440 4095 2623 4147 agrum
2660 4093 2695 4138 ς

209 4149 244 4202 6
279 4163 460 4200 serene
485 4157 689 4217 reparat
725 4153 776 4201 P
807 4149 1124 4215 pheronyme
1152 4165 1308 4217 paras
1332 4151 1602 4200 Pandam
1744 4151 1776 4198 7
1811 4150 2013 4214 dactylo
2051 4159 2101 4200 et
2140 4149 2378 4200 trochaeo
2413 4164 2449 4206 ς
2518 4175 2521 4180 -
2588 4151 2623 4202 9
2646 4164 2793 4198 mon-

211 4227 372 4270 strant
407 4222 458 4271 P
573 4217 640 4270 10
674 4219 739 4270 de
773 4219 1012 4287 glyconio
1040 4221 1324 4288 gliconium
1359 4221 1412 4272 N
1447 4219 1512 4269 de
1549 4219 1773 4286 gliconio
1810 4219 2087 4286 gliconium
2122 4220 2174 4268 P
2266 4219 2607 4270 choriambico
2643 4222 2694 4271 P

213 4290 278 4342 13
309 4291 376 4340 de
411 4289 755 4356 asclepiadeio
779 4289 1172 4356 asclepiadeium
1211 4291 1293 4342 P.-
1326 4291 1508 4342 lacum
1542 4290 1935 4340 membranarum
1970 4297 2051 4339 eat
2082 4291 2135 4339 in
2170 4289 2220 4339 Ν
2324 4289 2630 4341 choriambis
2665 4305 2789 4358 pyr-

159 4383 166 4390 ·
209 4360 390 4411 riehiis
417 4362 470 4410 P
597 4359 662 4410 15
698 4361 834 4410 vitae
869 4385 937 4396 -·
977 4362 1041 4412 17
1077 4369 1134 4410 ut
1171 4369 1247 4411 est
1275 4360 1374 4410 hoc
1407 4377 1504 4412 om.
1541 4360 1620 4411 P:
1646 4361 1781 4410 vitae
1814 4375 1935 4427 pars
1971 4359 2149 4410 melior
2186 4361 2237 4409 in
2266 4361 2448 4411 lacuna
2478 4375 2569 4410 om.
2602 4359 2655 4409 N

211 4431 280 4484 18
311 4444 521 4480 manum
553 4443 589 4486 ς
621 4443 806 4481 manus
841 4430 892 4479 P
997 4429 1060 4482 19
1095 4430 1158 4480 de
1194 4429 1582 4496 penthimimere
1619 4429 1669 4480 P
1692 4431 1761 4482 de
1791 4430 2151 4498 pentemimere
2180 4431 2233 4479 N
2260 4430 2380 4480 bina
2406 4429 2789 4495 penthemimeri

211 4501 478 4552 Santmiua
513 4500 956 4566 dipenthemimeri
989 4502 1198 4551 coniecit
1225 4501 1355 4551 idem
1385 4503 1438 4550 in
1477 4499 1680 4554 Terent.
1717 4502 1897 4554 Maur.
1931 4515 1987 4563 p.
2029 4499 2131 4550 287
2164 4499 2191 4504 ”’
2305 4501 2372 4550 22
2413 4500 2721 4567 eulogieium
2756 4515 2789 4558 ς

212 4571 534 4637 eulogiacum
567 4571 835 4622 Putschius
940 4570 1010 4623 25
1043 4569 1118 4620 De
1153 4571 1318 4620 miuro
1352 4597 1419 4609 —-
1455 4570 1576 4637 467,
1613 4572 1648 4622 5
1685 4555 1923 4636 congruit
1954 4569 2051 4621 hoe
2079 4571 2187 4620 loeo
2222 4571 2403 4620 omina
2432 4578 2554 4634 post
2584 4569 2792 4635 sapphi-

212 4657 314 4691 cum
342 4650 546 4693 metrum
569 4640 691 4706 464,
723 4641 788 4693 21
819 4641 974 4692 habet
993 4640 1045 4690 P
1147 4647 1346 4690 constat
1373 4648 1462 4691 aut
1487 4656 1626 4692 cor-r.
1655 4648 1855 4692 constat
1887 4641 1961 4690 ita
1992 4649 2048 4690 ut
2070 4639 2123 4689 N
2223 4640 2476 4691 clauditur
2512 4656 2605 4692 om.
2643 4643 2694 4692 P

213 4711 279 4761 27
313 4708 550 4778 mortem]
589 4719 760 4762 monte
792 4709 844 4760 P
1013 4717 1374 4776 contempnunt
1406 4710 1458 4760 N
1628 4711 1698 4763 28
1733 4709 1984 4777 gliconico
2014 4712 2067 4760 P
2234 4708 2305 4760 30
2338 4711 2789 4778 hellespontiacum

213 4787 354 4832 tuum
383 4781 438 4831 N
467 4781 893 4849 heilespontiacos
925 4787 1046 4832 tuos
1079 4783 1128 4832 P
1233 4795 1423 4832 nomen
1459 4781 1514 4832 P
1647 4791 1789 4832 ortos
1810 4781 1862 4832 P
1996 4779 2061 4834 31
2102 4779 2167 4831 de
2196 4780 2380 4832 falecio
2418 4780 2657 4832 falecium
2693 4781 2795 4832 NP

214 4850 536 4916 phaleucium
574 4865 610 4910 ς
747 4851 818 4904 32
852 4857 909 4901 nt
943 4859 1024 4902 est
1056 4851 1154 4902 hoc
1189 4867 1284 4906 om·
1322 4851 1374 4900 P

313 4943 611 4989 cumr.
638 4943 763 4987 LAT.
791 4943 890 4987 1111.
2305 4943 2386 5005 30
