3434 5442
1094 357 1511 422 CATHOLICA
1558 357 1633 420 111
1682 355 1949 420 15-1111
1993 361 2028 419 5
2773 357 2848 420 41

346 485 391 525 p.
418 471 636 516 1480-01
668 473 721 516 P.
2527 487 2571 526 p.
2601 473 2676 515 141
2707 473 2752 515 L.

258 541 473 622 ‘quae
518 563 687 607 cum
736 546 859 608 his
896 545 1342 609 civitatibus
1388 547 1457 610 G.
1502 545 1715 607 Verri
1775 547 2322 607 communicata
2365 550 2593 616 sunt’,
2653 554 2711 607 et
2749 545 2856 606 ‘id

264 647 447 725 quod
504 647 849 727 populus
902 649 1275 710 Romanus
1333 649 1470 708 iam
1527 647 1862 726 flagitat,
1927 649 2262 709 extincta
2323 653 2548 726 atque
2603 646 2856 709 deleta

224 795 229 802 .
266 750 465 810 sint’.
520 750 636 811 hae
684 752 1142 830 compositiones
1184 751 1519 811 demutatae
1564 751 1782 811 sacient
1823 752 2010 811 nostri
2055 751 2338 828 temporis
2380 756 2707 810 structuras
2751 751 2854 820 sic,

264 868 336 910 ex
370 850 685 932 tribrachy
730 859 787 913 et
818 853 1157 914 ditrochaeo
1204 852 1315 912 ‘ab
1344 853 1507 912 istius
1542 851 1864 930 petulantia
1908 869 2025 912 non
2063 861 2152 912 est
2193 851 2412 912 licitum
2447 869 2796 913 conservare
2813 856 2853 920 ’,

266 970 335 1012 ex
382 953 673 1016 trochaeo
719 962 779 1015 et
822 953 1050 1034 dactylo
1095 955 1280 1034 ‘quae
1324 961 1463 1014 sunt
1507 955 1575 1016 G.
1623 952 1791 1015 Verri
1835 971 1970 1014 cum
2017 953 2109 1014 his
2155 953 2482 1015 civitatibus
2526 955 2853 1014 communi·
2905 977 2931 1017 s

264 1058 447 1125 cata',
506 1073 579 1116 ex
634 1055 979 1116 ditrochaeo
1034 1063 1093 1116 et
1138 1055 1385 1116 bacchio
1428 1073 1459 1116 a
1502 1054 1673 1132 ionga
1733 1056 1828 1116 ‘id
1875 1055 2032 1135 quod
2085 1054 2340 1135 populus
2383 1055 2685 1117 Romanus
2739 1056 2854 1116 iam

264 1155 365 1216 diu
420 1157 709 1234 efflagitat
766 1159 1019 1218 extincta
1064 1159 1139 1218 sit
1182 1164 1357 1235 atque
1412 1156 1657 1220 deleta’.
1749 1155 2027 1237 disyllaba
2080 1164 2407 1225 structura,
2459 1154 2486 1239 Η
2537 1175 2688 1238 quae
2735 1175 2854 1217 non

262 1255 429 1318 valde
460 1258 815 1339 quibusdam
858 1259 1071 1338 placet,
1116 1261 1389 1338 antiquos
1428 1261 1585 1321 viros
1622 1260 2136 1321 vehementissime
2171 1257 2517 1320 delectabat.
2575 1266 2662 1319 est
2697 1261 2852 1325 enim

266 1360 435 1422 fortis
480 1361 799 1422 admodum
832 1363 1135 1440 vitansque
1181 1363 1353 1422 ctiam
1396 1363 1581 1423 nostri
1622 1363 1908 1442 temporis
1953 1360 2410 1430 barbarismum,
2455 1362 2650 1421 sinon
2682 1361 2858 1422 suerit

260 1462 531 1539 spondeo
589 1461 675 1522 vel
730 1463 1013 1523 trochaeo
1068 1470 1202 1542 post
1258 1463 1551 1542 dactylum
1602 1465 1794 1531 linita,
1861 1470 1926 1522 ut
1995 1464 2316 1542 ‘primus
2381 1463 2466 1524 ab
2537 1464 2732 1522 oris’
2797 1473 2932 1526 etio

262 1564 369 1624 ‘in
412 1583 556 1644 quo
600 1583 827 1626 meam
875 1564 1337 1626 voluntatem
1388 1565 1712 1644 populus
1756 1565 2124 1625 Romanus
2181 1565 2630 1645 perspicere
2685 1582 2854 1642 pos·

260 1668 421 1726 sit’.
511 1667 599 1726 sic
652 1669 815 1753 enim·
857 1683 1090 1728 versum
1148 1667 1373 1728 heroici
1432 1669 1605 1726 metri
1657 1667 1901 1748 sacient,
1971 1684 2122 1745 quae
2179 1666 2302 1727 sola
2359 1667 2706 1728 versificatio
2767 1674 2857 1727 est

260 1767 599 1828 oratoribus
642 1768 971 1829 devitanda.
1058 1785 1195 1829 nam
1238 1771 1289 1828 si
1328 1787 1564 1830 omnem
1610 1769 1818 1846 fugere
1863 1766 2185 1837 voluerint,
2231 1767 2529 1838 tacebunt,
2577 1769 2852 1848 quoniam

260 1869 420 1930 nulla
468 1869 659 1930 oratio
701 1869 828 1930 sine
868 1876 1059 1930 metro
1099 1877 1341 1932 constat.
1432 1869 1731 1954 trisyllaba
1779 1875 2076 1930 structura
2116 1877 2320 1930 nostro
2368 1879 2638 1949 tempore
2683 1871 2854 1931 caute

262 1971 539 2048 ponenda
592 1979 713 2040 est,
780 1988 857 2033 ne
902 1979 1005 2032 aut.
1058 1989 1293 2033 versum
1348 1973 1653 2033 heroicum
1712 1972 1890 2032 saciat
1949 1990 2018 2031 ex
2075 1972 2358 2032 trochaeo
2411 1973 2736 2051 composita
2795 1979 2854 2031 et
2885 1991 2932 2032 is

260 2071 513 2132 bacchio
553 2091 585 2133 a
630 2071 827 2143 brevi,
882 2081 949 2134 ut
987 2078 1191 2152 ‘capta
1236 2076 1533 2144 fuissent’‚
1582 2080 1711 2144 aut,
1770 2079 1836 2133 ut
1881 2073 2233 2152 quibusdam
2279 2070 2501 2151 placet,
2559 2073 2854 2134 barbaris·

256 2191 445 2243 mum,
484 2176 535 2235 si
574 2191 645 2234 cx
683 2175 949 2252 spondeo
993 2175 1083 2236 vel
1126 2176 1321 2236 iambo
1358 2175 1447 2237 vel
1490 2177 1699 2255 quovis
1741 2174 1911 2253 pede,
1959 2177 2127 2236 cuius
2169 2176 2240 2236 sit
2279 2176 2590 2236 novissima
2633 2173 2850 2254 syllaba

256 2283 467 2338 natura
498 2275 695 2354 longa,
742 2284 1133 2354 componatur
1172 2285 1232 2338 et
1259 2276 1455 2356 aliquo
1486 2276 1667 2337 verbo
1710 2275 2033 2356 trisyllabo,
2070 2278 2168 2356 qui
2203 2278 2427 2356 positus
2457 2276 2611 2338 bene
2661 2284 2848 2338 sonet.

254 2395 393 2438 nam
448 2379 499 2438 si
558 2377 891 2456 plausibilis
942 2397 1057 2439 non
1122 2379 1326 2449 fuerit,
1391 2377 1828 2440 barbarismum
1889 2380 2073 2438 nostri
2137 2380 2423 2457 temporis
2482 2381 2673 2440 vitans
2741 2395 2853 2440 nec

250 2487 617 2540 structuram
664 2480 841 2540 saciet
884 2479 1053 2541 nobis
1096 2481 1456 2560 placentem,
1506 2486 1568 2542 ut
1610 2479 1749 2540 illud
1799 2480 1950 2539 inter
1993 2479 2176 2540 multa
2221 2478 2332 2540 alia
2377 2479 2586 2542 similia
2634 2478 2850 2540 Tullia·
2879 2501 2931 2541 ao

250 2599 399 2642 num
436 2580 1037 2643 ‘sententiasua
1081 2582 1644 2644 liberaverant’
1690 2591 1750 2644 et
1791 2583 2046 2642 ‘cuius
2083 2597 2216 2658 ego
2262 2599 2484 2642 causa
2529 2580 2850 2642 laboro’.

246 2688 535 2760 quattuor
599 2682 959 2764 syllabarum
1020 2690 1315 2746 structura
1384 2685 1470 2744 sic
1538 2683 1740 2746 vitabit
1799 2684 1985 2743 nostri
2045 2685 2328 2762 temporis
2395 2683 2850 2753 barbarismum,

244 2785 403 2844 sicut
449 2783 768 2865 disyllaba,
826 2789 1095 2866 quamvis
1136 2785 1305 2848 multi
1362 2804 1477 2846 nou
1536 2787 1835 2865 sapienter
1891 2792 1949 2846 et
1988 2785 2048 2844 in
2086 2784 2189 2845 tali
2243 2787 2669 2864 compositione
2715 2785 2853 2846 bar-

246 2884 547 2946 barismos
586 2905 719 2947 esse
760 2885 1053 2955 dixerunt,
1100 2890 1149 2949 si
1189 2886 1549 2966 paenultima
1594 2887 1854 2948 habeant
1896 2888 2274 2948 novissimam
2315 2887 2596 2967 syllabam
2641 2895 2850 2950 natura

244 2986 509 3066 longam,
554 2997 623 3050 ut
669 2989 793 3050 ‘ad
838 3007 1065 3050 meam
1112 3007 1405 3068 capsam
1450 2989 1864 3050 admisero’
1899 2989 2605 3068 et‘industriaeque
2645 3007 2928 3050 measa-2

244 3092 859 3153 contendercm’.
949 3108 1093 3169 ergo
1134 3094 1187 3152 si
1225 3109 1334 3154 nos
1388 3092 1460 3153 ad
1504 3092 1678 3152 huius
1721 3091 1880 3151 modi
1929 3097 2258 3151 structuras
2300 3091 2492 3170 aliqua
2533 3093 2852 3152 necessitas

244 3189 563 3260 detinlerit,
610 3194 939 3272 poterimus
974 3192 1467 3270 reprehendentis
1510 3193 1984 3272 imperitissimos
2028 3191 2448 3270 comprobare,
2489 3194 2538 3253 si
2581 3200 2850 3253 nostrum

246 3303 483 3354 nosmet
526 3293 789 3355 officium
836 3295 1153 3356 fecerimus
1197 3297 1585 3373 corripientes
1629 3293 1883 3375 syllabas
1919 3293 2130 3356 breves
2176 3303 2235 3355 et
2279 3294 2676 3373 producentes
2720 3295 2849 3355 lon·

244 3411 373 3472 gas,
410 3399 630 3458 ‘causa
676 3395 919 3457 lahoro'
958 3415 1021 3458 sa
1064 3398 1483 3476 producenteS,
1522 3397 1768 3475 ‘capsas
1810 3397 2142 3458 admisero’
2187 3413 2250 3457 as
2285 3396 2698 3474 producentes
2786 3399 2848 3458 in

244 3496 373 3556 istis
409 3499 571 3559 enim
604 3507 835 3560 tantum
866 3499 1045 3559 modo
1076 3498 1339 3579 syllabis,
1380 3501 1429 3559 si
1469 3507 1782 3577 correptae
1823 3499 2061 3568 fuerint,
2103 3499 2215 3559 erit
2260 3496 2682 3568 barbarismus,
2729 3517 2848 3559 non
2875 3517 2928 3557 κιο

244 3599 311 3657 in
352 3606 477 3659 tota
524 3601 955 3679 compositione
1008 3609 1345 3662 structurae
1404 3603 1647 3680 ‘capsas
1698 3600 1995 3661 admisero
2011 3606 2052 3669 ’,
2113 3601 2388 3679 quoniam
2446 3598 2852 3661 barbarismus

246 3717 365 3760 nna
410 3707 585 3780 parte
632 3703 913 3763 orationis
950 3703 1045 3772 fit,
1088 3701 1363 3782 pluribus
1402 3721 1745 3782 numquam.
1836 3720 1972 3764 nam
2018 3704 2066 3761 si
2109 3701 2224 3762 hoc
2273 3703 2350 3762 ita
2395 3709 2580 3771 esset,
2623 3719 2741 3762 non
2789 3703 2846 3762 in

246 3809 477 3863 tantum
516 3803 787 3864 doctrina
828 3801 1119 3874 latuisset,
1166 3811 1231 3866 ut
1270 3823 1399 3865 eam
1442 3803 1667 3866 Tullius
1698 3800 1727 3889 Η
1759 3805 2086 3882 ignoraret,
2145 3801 2237 3864 vel
2271 3810 2500 3864 tantum
2543 3804 2847 3882 potuisset,

246 3911 311 3962 ut
342 3923 411 3966 ω
448 3912 587 3983 post
629 3903 793 3966 illum
840 3913 900 3967 et
932 3905 1147 3967 multos
1182 3913 1319 3967 ante
1352 3907 1497 3967 alios
1538 3907 1758 3968 nostris
1784 3905 2155 3984 temporibus
2195 3905 2552 3974 discet-etun
2595 3921 2849 3983 quorum

248 4003 571 4068 obscuram
624 4008 901 4088 peritiam
958 4006 1232 4069 devitabo
1299 4007 1537 4070 illorum
1608 4006 1965 4069 nobilissima
2022 4007 2392 4088 neglegentia
2451 4005 2785 4068 decoratus.
2833 4003 2924 4088 135

380 4211 409 4262 1
460 4209 621 4277 quae]
676 4211 780 4265 050.
818 4213 921 4266 div.
957 4214 1009 4265 in
1046 4214 1197 4265 Caec.
1234 4215 1287 4277 4,
1322 4214 1387 4264 14
1554 4212 1635 4262 his
1673 4213 1930 4264 Sacerdos
1962 4229 2017 4276 p.
2055 4213 2117 4263 71
2169 4211 2216 4261 is
2254 4211 2307 4261 B
2347 4211 2411 4260 iis
2446 4207 2711 4260 Panchrus
2929 4199 2960 4226 ⁰

246 4277 319 4345 id]
358 4281 462 4332 050.
503 4283 605 4333 div.
646 4283 697 4331 in
734 4281 887 4336 Gaea.
920 4282 972 4347 8,
1004 4283 1071 4334 26
1174 4285 1207 4333 2
1242 4289 1473 4334 extructa
1511 4297 1547 4340 ς
1666 4283 1699 4333 5
1738 4299 1868 4345 quae
1903 4289 2020 4334 sunt
2053 4281 2211 4348 igitur
2243 4281 2394 4329 Verri
2429 4291 2464 4336 ς’
2569 4293 2684 4328 cum
2718 4280 2762 4329 is
2801 4279 2850 4330 B

251 4365 355 4400 ctum
386 4352 451 4400 iis
488 4351 773 4402 Paracletus
941 4354 972 4403 7
1024 4353 1223 4419 flagitat
1257 4355 1477 4404 extincta
1524 4353 1626 4401 sint
1673 4361 1825 4415 atque
1873 4352 2040 4402 deleta
2073 4365 2106 4407 ς
2153 4351 2405 4416 efflagitat
2440 4349 2660 4399 extincta
2697 4357 2848 4414 atque

250 4419 407 4470 deleta
440 4424 511 4472 sit
546 4421 825 4473 Panchrus
994 4423 1031 4474 9
1076 4423 1447 4472 barbarismum
1486 4437 1519 4478 ς
1555 4430 1607 4472 et
1643 4423 1904 4474 Sacerdos
1955 4421 2298 4470 barbarismos
2331 4418 2384 4468 B
2525 4419 2590 4470 10
2623 4417 2845 4486 primus]

262 4487 405 4556 Ver-9.
439 4493 575 4543 Aen.
618 4493 639 4540 1
686 4493 712 4543 1
865 4489 927 4540 11
968 4492 1021 4542 iu
1056 4491 1179 4558 qno]
1214 4493 1316 4546 Cic.
1356 4495 1407 4542 in
1451 4493 1605 4543 Verr.
1645 4500 1745 4544 oct.
1776 4508 1861 4556 pr.
1901 4491 1982 4549 12,
2022 4489 2088 4541 34
2197 4491 2261 4540 15
2300 4487 2560 4539 heroicum
2599 4503 2634 4546 ς
2669 4498 2720 4540 ec
2749 4493 2844 4542 Sa-

256 4563 417 4611 cerdon
444 4563 671 4612 stichum
716 4561 767 4610 B
914 4560 974 4612 18
1012 4560 1080 4627 et]
1122 4579 1183 4611 ex
1221 4565 1273 4613 B
1412 4561 1481 4612 20
1514 4570 1570 4610 ut
1604 4561 1730 4612 illud
1771 4560 2037 4610 Putat-hius·
2069 4568 2117 4608 et
2155 4559 2266 4608 illut
2301 4558 2352 4609 B
2454 4559 2518 4610 21
2569 4559 2842 4625 sententia]

256 4629 343 4679 OEe.
378 4634 425 4681 in
464 4633 628 4682 Ver-r.
672 4638 777 4680 act.
816 4645 921 4682 sec.
960 4633 979 4682 1
1016 4634 1066 4694 4,
1102 4634 1137 4684 9
1310 4629 1478 4697 cuius]
1522 4633 1622 4682 Cio.
1663 4631 1762 4683 div.
1811 4633 1862 4680 in
1895 4631 2044 4681 Gaec.
2085 4630 2136 4688 7,
2175 4627 2243 4679 23
2426 4627 2494 4680 23
2541 4631 2775 4692 quamuis
2813 4643 2846 4685 ς

258 4707 299 4748 et
334 4701 585 4754 Sacer-doe
632 4715 743 4764 qua
785 4699 835 4749 B
1008 4703 1075 4751 24
1119 4702 1480 4767 paenultimam
1521 4701 1742 4750 habeant
1773 4701 1826 4751 B
1864 4699 2231 4764 paenultimum
2269 4699 2476 4748 verbum
2509 4698 2694 4748 haheat
2731 4717 2766 4758 ς
2797 4708 2846 4748 ec

255 4769 481 4824 Sacerdos·
588 4775 663 4824 25
697 4766 795 4834 nd]
836 4769 939 4820 Cic.
972 4771 1068 4820 ᾱίυ.
1094 4775 1143 4821 in
1163 4773 1310 4822 Gaee.
1337 4771 1419 4834 16,
1439 4772 1503 4822 51
1609 4765 2012 4832 industriaeque]
2045 4769 2147 4818 Cic.
2175 4771 2226 4817 in
2251 4769 2408 4822 Verr.
2433 4776 2535 4818 aet.
2559 4783 2642 4831 pr.
2669 4767 2753 4829 12,
2778 4768 2844 4818 35
2911 4805 2922 4816 .

336 4842 395 4895 34
424 4853 475 4894 ut
508 4859 629 4894 eam
656 4851 787 4911 post
816 4837 873 4888 B
980 4850 1273 4891 nosceretur
1308 4857 1343 4900 ς
1376 4849 1425 4892 et
1449 4841 1707 4892 Sacerdos
1822 4840 1888 4892 :35
1925 4839 2166 4889 debitauo
2193 4838 2244 4890 B
2275 4838 2504 4888 deuitare
2541 4838 2778 4896 constitui
2810 4850 2845 4893 ς
