3434 5442
755 1539 1019 1609 Quoniam
1049 1549 1302 1598 notarum
1333 1541 1648 1604 laterculos,
1674 1559 1817 1616 quos
1847 1541 2106 1598 habemus
2122 1542 2392 1599 Romanae
2420 1545 2629 1606 aetatis.
2654 1544 2719 1600 ad
2743 1545 3239 1616 grammaticorum

627 1660 833 1717 corpus
865 1643 1227 1699 adiunxerunt
1271 1651 1377 1700 tam
1409 1643 1779 1700 Gothol‘redus
1821 1661 1980 1718 quam
2011 1644 2305 1701 Putschius
2348 1660 2524 1718 neque
2562 1645 2876 1702 inconsulto
2922 1661 3109 1719 neque
3156 1645 3243 1698 in-

587 1745 592 1750 ’
627 1745 908 1801 commode
947 1744 1089 1816 (nam
1121 1746 1359 1819 pendere
1389 1762 1484 1802 eos
1529 1761 1592 1801 ex
1633 1748 2110 1818 grammaticorum
2151 1746 2703 1804 commentationibus
2732 1748 2799 1803 Μ.
2830 1747 3033 1803 Valerii
3063 1747 3243 1802 Probi

625 1851 743 1903 eius
767 1849 984 1920 generis
1010 1855 1274 1904 tractatus
1304 1848 1642 1905 demonstrat
1671 1855 1729 1903 et
1752 1857 2021 1922 quaerunt
2051 1848 2153 1904 sibi
2180 1851 2400 1906 omnino
2432 1849 2789 1923 flagitantque
2818 1848 3245 1923 quodammode

628 1948 799 2004 libelli
829 1949 907 2006 illi
951 1957 1156 2004 certam
1188 1957 1242 2004 et
1273 1949 1519 2006 stabilem
1553 1949 1732 2005 sedem
1765 1957 1820 2006 et
1851 1951 2004 2024 quasi
2044 1950 2265 2024 aliquod
2304 1953 2359 2007 in
2389 1951 2587 2008 litteris
2617 1949 3003 2016 domicilium),
3050 1949 3247 2004 noluit

628 2051 693 2106 ab
725 2051 827 2107 hac
855 2067 952 2107 sua
996 2052 1476 2124 grammaticorum
1505 2051 1823 2108 Latinorum
1863 2051 2099 2109 editione
2140 2052 2268 2108 illos
2298 2052 2490 2109 abesse
2536 2053 2801 2109 Hem-icus
2830 2051 3067 2108 Keilius.
3138 2049 3249 2117 Qui

627 2170 751 2209 cum
795 2155 962 2210 sciret
1003 2169 1090 2208 me
1141 2161 1270 2227 post
1310 2160 1552 2210 curatam
1596 2171 1645 2210 a.
1691 2155 1825 2207 1853
1873 2153 1931 2210 in
1970 2161 2217 2211 actorum
2272 2153 2551 2211 societatis
2604 2154 2895 2212 saxonicae
2946 2152 3251 2209 volumine

628 2257 821 2329 quinto
869 2256 1302 2314 commentarioli
1341 2255 1504 2312 Probi
1547 2254 1843 2313 editionem
1880 2271 1982 2330 per
2022 2255 2232 2330 aliquot
2279 2273 2451 2313 annos
2492 2255 2775 2318 subsidiis,
2828 2271 2970 2329 quae
3024 2254 3107 2310 ad
3152 2271 3253 2310 eas

631 2356 843 2413 tabulas
873 2357 1214 2431 castigandas
1257 2365 1476 2415 servant
1515 2356 1925 2421 bibliothecae„
1951 2358 2275 2430 colligendis
2321 2375 2539 2433 operam
2582 2358 2821 2422 dedisse,
2866 2366 2979 2414 tam
3012 2375 3133 2432 pro
3170 2359 3256 2412 rei

629 2458 930 2516 litterariae
971 2460 1254 2516 commodo
1301 2476 1462 2533 quam
1505 2478 1606 2534 pro
1649 2461 1851 2515 veteris
1893 2461 2159 2517 amicitiae
2200 2461 2317 2516 iure
2364 2477 2395 2517 a
2435 2476 2520 2516 me
2563 2460 2890 2534 postulavit,
2931 2467 3003 2514 ut
3050 2461 3255 2531 magni

628 2563 812 2634 operis
842 2561 1166 2635 particulam
1197 2561 1338 2618 hanc
1369 2564 1422 2617 in
1453 2578 1538 2617 me
1569 2563 1922 2635 susciperem.
1966 2560 2121 2630 Quod
2152 2563 2255 2619 feci
2285 2561 2547 2626 libenter;
2578 2579 2699 2619 nam
2730 2563 2834 2617 etsi
2864 2559 2990 2616 lieri
3026 2569 3255 2635 potest,

628 2670 688 2719 ut
720 2681 750 2719 a
779 2679 864 2719 me
893 2665 1173 2738 usurpatis
1203 2663 1460 2720 meliores
1499 2671 1757 2720 notarum
1797 2663 2012 2720 codices
2042 2663 2219 2722 adhuc
2256 2664 2485 2727 lateant,
2528 2680 2649 2721 cum
2692 2665 3027 2738 praesertim
3078 2665 3255 2720 huius

629 2766 845 2838 generis
876 2763 1046 2820 libelli
1075 2765 1382 2822 brevissimi
1413 2766 1525 2822 fere
1550 2773 1605 2821 et
1634 2765 1960 2840 plerumque
1991 2769 2231 2822 auctoris
2260 2768 2480 2822 nomine
2508 2773 2755 2824 carentes
2784 2765 2839 2822 in
2872 2764 3256 2823 bibliothecis

629 2884 759 2923 casu
799 2866 989 2941 potius
1028 2866 1373 2925 inveniantur
1414 2885 1573 2942 quam
1615 2867 1738 2925 data
1781 2885 1949 2942 opera
1991 2868 2415 2942 investigentur,
2463 2876 2637 2925 tamen
2683 2883 2819 2942 quae
2860 2870 3057 2942 reperi
3118 2867 3255 2924 snb·

629 2968 762 3024 sidia
805 2971 912 3025 iam
953 2969 1084 3024 mihi
1127 2969 1380 3026 sulficere
1421 2971 1534 3025 visa
1574 2977 1703 3025 sunt
1745 2969 1811 3025 ad
1852 2970 2047 3026 horum
2088 2969 2397 3027 libellorum
2439 2971 2635 3032 crisin,
2681 2985 2821 3044 quae
2866 2969 3062 3026 adhuc
3096 2971 3255 3026 nulla

627 3071 749 3133 suit,
782 3087 890 3126 non
924 3069 1322 3133 absolvendam,
1355 3071 1450 3127 sed
1481 3071 1835 3128 inchoandam
1868 3078 1924 3127 et
1953 3080 2103 3128 certo
2136 3072 2485 3129 fundamento
2518 3070 2913 3128 stabiliendam.
