3434 5442
639 339 844 387 xxxu
1720 323 2142 388 PRAEFATIO

640 515 758 576 DE
799 513 1013 577 UOCE
1063 517 1198 576 Vox
1240 522 1328 574 est
1369 531 1480 574 aer
1524 517 1678 576 ictus
1723 509 1894 595 (367,
1943 511 2009 594 4)
2064 548 2137 558 -
2185 511 2233 575 f.
2282 517 2356 580 31
2420 517 2587 575 vexit
2638 516 2723 575 ad
2778 516 2981 576 urbem
3050 513 3229 596 (402,

641 613 771 698 34).
861 619 1172 694 Incipiunt
1225 619 1670 677 terminationes
1726 620 2047 677 nominum.
2138 618 2319 691 Fuya
2384 624 2584 677 aestas
2641 633 2873 692 parens
2938 623 3061 678 etc.
3132 636 3233 678 se-

639 725 929 802 quuntur
985 714 1230 779 indices
1285 716 1614 780 nominum
1671 731 1737 781 et
1780 713 2159 796 verborum,
2222 723 2531 800 excerpta
2576 713 2830 796 Isidori,
2888 715 3101 780 Servii
3146 715 3232 778 de

639 814 886 882 ultimis
931 815 1204 902 syllabis
1251 814 1533 897 libellus,
1579 815 1802 880 Bedae
1848 814 1929 880 de
1974 817 2216 898 metris,
2264 815 2344 881 de
2388 815 2842 899 schematibus,
2888 818 2970 882 de
3014 818 3234 883 ortho-

641 918 914 1005 graphia
955 917 1127 998 libri,
1173 918 1677 984 commentarius
1722 919 1789 982 in
1833 918 2184 982 Donatum.

816 1019 1044 1084 Codex
1085 1019 1527 1102 Monacensis,
1585 1019 1741 1085 olim
1796 1019 2320 1101 Ratisbonensis‚
2366 1021 2816 1086 Emmeramus
2862 1021 2944 1087 G.
2994 1029 3113 1091 121
3164 1023 3236 1085 in

649 1120 1046 1187 membranis
1090 1121 1302 1187 forma
1345 1122 1662 1208 quadrata
1705 1124 1951 1187 minore
1996 1121 2253 1188 saeculo
2298 1123 2546 1188 decimo
2592 1125 2901 1210 scriptuS,
2944 1123 3013 1187 in
3054 1123 3235 1209 prin-

641 1225 813 1311 cipio
859 1223 1010 1288 libri
1055 1221 1304 1310 aliquot
1345 1225 1739 1289 membranis
1784 1226 2060 1290 abscisis
2104 1225 2461 1289 mutilatus.
2516 1226 2565 1289 f.
2614 1236 2643 1294 1
2705 1231 2913 1290 littera
2957 1229 3233 1289 dativum

637 1337 696 1390 et
749 1331 1076 1391 ablativum
1133 1332 1198 1389 in
1256 1332 1404 1405 quid
1453 1334 1697 1391 mittunt
1755 1327 1937 1410 (356,
1999 1327 2108 1412 35)
2151 1366 2236 1377 —-
2280 1339 2337 1391 et
2388 1333 2564 1406 siqua
2604 1340 2744 1392 sunt
2784 1333 3025 1392 similia.
3118 1331 3242 1390 DE

645 1431 870 1492 UOCE.
973 1433 1107 1492 Vox
1150 1439 1239 1492 est
1291 1449 1402 1492 aer
1456 1435 1609 1493 ictus
1650 1467 1737 1476 —
1779 1429 1827 1492 f.
1864 1436 1942 1498 89
2000 1434 2168 1493 uexit
2213 1435 2301 1493 ad
2342 1434 2534 1492 urbes,
2628 1432 3030 1492 EXPLICIT
3072 1432 3239 1491 ARS

639 1533 955 1595 DONATI
999 1534 1537 1595 GRAMMATICI
1585 1535 1839 1596 URBIS
1879 1534 2192 1595 ROMAE.
2282 1535 2433 1594 Item
2480 1535 2555 1594 de
2589 1536 3073 1612 pronominibu&
3120 1536 3232 1594 Ge-

639 1639 802 1696 neris
865 1638 1186 1696 masculini
1245 1639 1484 1696 numeri
1543 1638 1881 1712 sinqularis
1946 1639 2103 1697 idem
2157 1642 2278 1698 etc.
2348 1643 2707 1719 sequuntur
2763 1631 3230 1698 declinationes

639 1735 1088 1820 pronominum
1132 1743 1197 1798 et
1239 1734 1567 1799 variorum
1611 1736 2180 1818 grammaticorum
2224 1734 2397 1799 libri.

810 1834 1036 1901 Codex
1077 1835 1516 1900 Berolinensis
1560 1837 1919 1902 Diezianus
1964 1845 2045 1906 66
2088 1838 2619 1902 membranaceus
2648 1836 2861 1901 forma
2889 1836 3231 1923 quadrata,

642 1937 753 2023 qui
797 1936 925 2002 fuit
969 1936 1123 2002 olim
1165 1938 1505 2002 Laurentii
1537 1937 1847 2020 Santenii,
1892 1940 2078 2004 cuius
2120 1959 2355 2004 nomen
2398 1941 2464 2004 in
2508 1939 2691 2004 initio
2732 1937 2881 2004 libri
2914 1940 3229 2025 scriptum

640 2049 742 2105 est
781 2039 896 2119 ita,
943 2042 1060 2104 ‘ex
1103 2037 1500 2105 bibliotheca
1545 2039 1895 2105 Santenii’.
1952 2043 2242 2106 continet
2284 2051 2503 2106 autem
2547 2039 2973 2127 plurimorum
3017 2062 3235 2124 gram-

641 2141 1024 2204 maticorum
1069 2138 1270 2206 libros
1317 2163 1356 2204 a
1400 2141 1675 2206 diversis
1723 2143 2039 2225 librariiS,
2096 2152 2171 2208 ut
2223 2143 2380 2208 mihi
2436 2143 2651 2208 visum
2694 2151 2821 2224 est,
2880 2143 3235 2207 maximam

640 2251 892 2328 partem
941 2252 1171 2308 octavo
1219 2241 1476 2307 saeculo
1524 2246 1822 2330 scriptos·
1880 2267 1963 2310 ex
2018 2245 2120 2309 his
2178 2267 2346 2330 qua-e
2404 2245 2487 2309 ad
2529 2245 2863 2309 Donatum
2906 2245 3235 2327 pertinent

641 2355 870 2410 octavo
917 2343 1175 2409 saeculo
1221 2345 1466 2431 scripta
1511 2358 1662 2412 sunt
1703 2371 1768 2432 Ρ.
1818 2355 1855 2417 3
1902 2351 1991 2410 De
2033 2353 2271 2411 nomine
2314 2352 2464 2412 dicit
2506 2353 2784 2412 donatus.
2834 2351 3049 2411 Partes
3093 2367 3234 2410 ora-

640 2452 820 2511 tionis
860 2458 1000 2510 sunt
1045 2458 1196 2510 octo.
1245 2467 1418 2525 quae.
1481 2451 1706 2512 Nomen
1746 2469 2083 2528 pronomen
2126 2487 2208 2494 —
2251 2472 2315 2535 p.
2365 2456 2445 2518 59
2502 2459 2610 2514 aut
2663 2461 2917 2514 moetum
2962 2461 3028 2512 ut
3073 2459 3235 2512 attat

639 2559 698 2612 et
739 2555 953 2628 siquae
1003 2559 1145 2614 sunt
1195 2555 1454 2613 similia:
1519 2551 2017 2616 commentarius
2077 2552 2158 2615 de
2212 2561 2357 2616 octo
2412 2551 2711 2636 partibus
2767 2551 3078 2615 orationis
3134 2551 3235 2614 in-

641 2649 796 2715 fima
840 2659 1053 2715 aetate
1097 2653 1497 2736 conpositus,
1554 2653 1621 2717 in
1678 2674 1871 2738 quem
1928 2653 2209 2738 plurima
2266 2673 2347 2716 ex
2404 2654 2616 2740 priore
2661 2666 2801 2718 arte
2844 2652 3091 2718 Donati
3134 2675 3235 2716 re-

639 2762 834 2840 cepta
887 2762 1054 2817 sunt.
1115 2775 1181 2838 Ρ.
1240 2760 1320 2820 59
1377 2757 1494 2817 DE
1547 2756 1771 2818 UOCE.
1842 2761 1979 2818 Vox
2032 2767 2120 2820 est
2174 2776 2285 2818 aer
2338 2761 2495 2820 ictus
2542 2754 2725 2840 (367,
2772 2754 2839 2840 4)
2904 2791 2973 2802 -
3035 2777 3100 2840 Ρ.
3148 2762 3235 2824 66

639 2861 778 2920 cola
819 2865 880 2919 et
921 2867 1220 2920 commata
1275 2861 1343 2918 id
1383 2866 1469 2920 est
1511 2861 1778 2920 membra
1821 2868 1881 2920 et
1923 2877 2103 2921 caesa
2174 2857 2357 2940 (372,
2420 2859 2561 2942 23):
2633 2857 2989 2921 recentiore
3032 2878 3235 2920 manu

643 2958 1082 3044 subscriptum
1128 2966 1228 3020 est
1269 2963 1526 3036 explicit
1568 2962 1843 3023 Donatus
1887 2965 1963 3022 de
1997 2971 2184 3038 parte
2224 2965 2463 3023 minori.
2510 2982 2575 3045 p.
2626 2967 2745 3029 129
2791 2961 3241 3022 INCIPIUNT

641 3063 967 3123 PARTES
1050 3061 1370 3123 DONATI
1453 3063 1993 3125 GRAMMATICI
2068 3065 2323 3125 URBIS
2390 3064 2687 3124 ROMAE
2752 3063 3231 3124 FELICITER.

643 3165 858 3225 Partes
902 3167 1197 3225 orationis
1245 3163 1427 3246 (372,
1477 3163 1586 3247 24)
1641 3201 1709 3210 —
1761 3185 1823 3248 p.
1874 3169 1994 3233 159
2050 3169 2391 3228 inconditas
2445 3169 2793 3226 inuenimus.
2866 3165 2983 3224 DE
3034 3165 3234 3224 BAR-

645 3265 1020 3328 BARISMO
1062 3268 1302 3328 IDEM.
1353 3268 1787 3330 Barbarismus
1830 3277 1915 3330 est
1946 3303 2015 3312 —
2042 3287 2105 3352 p.
2136 3277 2249 3335 171
2286 3273 2455 3361 uexit
2483 3271 2568 3328 ad
2598 3270 2771 3330 urbes
2817 3264 2989 3347 (402,
3022 3263 3230 3346 34).*)

775 3449 826 3517 *)
865 3453 1138 3516 Quoniam
1174 3453 1398 3518 saepius
1435 3453 1767 3504 Santeniani
1805 3453 2009 3504 codicis
2046 3455 2249 3504 mentio
2284 3454 2547 3505 facienda
2586 3457 2687 3514 est,
2723 3455 2947 3504 brevem
2984 3451 3235 3517 descrip-

643 3539 846 3587 tionem
885 3552 1070 3587 eorum
1108 3551 1250 3600 quae
1287 3539 1344 3587 in
1381 3555 1446 3588 eo
1485 3538 1672 3588 codice
1722 3539 1933 3602 scripta
1983 3543 2112 3588 sunt
2149 3538 2253 3586 boc
2289 3538 2412 3589 loco
2449 3538 2739 3589 subiciam.
2812 3539 2867 3587 in
2904 3537 3093 3602 primis
3130 3552 3233 3602 pa-

644 3622 790 3686 ginis
827 3621 993 3671 index
1029 3621 1291 3672 librorum
1329 3624 1426 3685 qui
1466 3623 1658 3672 codiee
1699 3625 2051 3673 eontinentur
2086 3624 2313 3673 saeculo
2362 3628 2559 3687 quarto
2596 3621 2807 3672 decimo
2843 3623 3084 3686 scriptus
3122 3627 3232 3671 est.

641 3723 694 3771 p.
732 3709 764 3757 3
799 3721 949 3758 saec.
989 3705 1123 3756 VIII
1157 3707 1235 3756 De
1261 3708 1454 3757 nomine
1479 3708 1602 3757 dicit
1626 3710 1844 3758 donatus
1882 3737 1943 3742 —
1982 3724 2033 3773 p.
2072 3709 2138 3757 66
2176 3709 2388 3772 eoeplicil
2412 3711 2629 3758 donatus
2662 3709 2728 3756 de
2760 3715 2912 3770 parte
2936 3708 3129 3758 minori.
3174 3707 3235 3754 iu

643 3790 862 3855 reliqua
901 3795 1058 3856 parte
1095 3791 1337 3857 paginae
1374 3797 1432 3841 et
1465 3793 1522 3842 in
1559 3809 1610 3857 p.
1648 3793 1714 3840 67
1750 3793 1909 3842 varia
1957 3791 2227 3856 quaedam
2284 3793 2591 3842 recentiore
2626 3807 2791 3842 manu
2828 3792 3043 3856 scripta
3079 3796 3234 3854 sunt,

642 3877 697 3925 in
737 3881 984 3926 extrema
1019 3877 1228 3942 pagina
1265 3880 1449 3926 autem
1487 3893 1634 3926 saec.
1673 3876 1803 3926 XIV
1840 3877 2009 3940 haec,
2048 3880 2223 3942 incipit
2258 3878 2385 3926 liber
2418 3879 2647 3942 Μαρίαν-ἱ
2678 3877 2837 3926 cencii
2871 3878 2935 3926 de
2972 3878 3143 3925 littera
3182 3884 3237 3924 et

639 3959 840 4025 syllaba
876 3964 1026 4025 longa
1062 3961 1206 4010 breui
1239 3969 1289 4010 et
1324 3964 1566 4011 communi
1597 3964 1763 4010 media
1799 3969 1951 4028 atque
1980 3965 2141 4026 finali.
2190 3965 2255 4012 de
2290 3961 2577 4012 accentibus
2614 3969 2664 4010 et
2698 3963 2921 4026 ipsorum
2948 3961 3131 4024 figuris
3167 3962 3235 4009 de

641 4047 889 4111 posituris
925 4047 990 4096 de
1026 4045 1342 4110 ortkoqrafia
1377 4048 1441 4095 de
1477 4048 1715 4112 analogia
1751 4053 1803 4095 et
1839 4047 2157 4112 ethimologia
2192 4050 2255 4097 de
2292 4050 2446 4112 alosis
2482 4053 2531 4095 et
2556 4045 2861 4110 differentiis
2885 4047 2949 4094 de
2976 4059 3139 4108 prosa
3166 4045 3235 4094 de

637 4132 815 4194 fabula
849 4139 901 4180 et
936 4131 1169 4183 historia.
1210 4125 1233 4197 [1
1275 4147 1324 4196 p.
1361 4132 1427 4182 68
1465 4131 1581 4180 alia
1616 4145 1782 4180 manu
1819 4146 1967 4184 saec.
1996 4131 2132 4181 vm
2167 4133 2245 4182 De
2282 4135 2455 4182 littera
2488 4131 2583 4181 hoc
2614 4131 2871 4180 sciendum
2906 4135 2983 4178 est
3019 4131 3144 4194 quid
3164 4132 3237 4178 sit

635 4217 1012 4278 fundamentum
1033 4217 1320 4280 sapientiae
1355 4241 1418 4250 --
1455 4231 1506 4280 p.
1535 4217 1598 4266 76
1635 4233 1748 4265 nam
1778 4217 1983 4278 faceret
2005 4219 2201 4280 Ionyam
2221 4218 2553 4281 superiorem.
2589 4217 2686 4266 sed
2718 4216 2916 4266 nomina
2950 4215 3050 4263 ista
3069 4229 3235 4278 ,qr-eea

639 4309 756 4350 sunl
790 4309 841 4350 et
877 4303 994 4352 licet
1027 4300 1169 4351 nobis
1203 4317 1303 4365 pro
1336 4302 1508 4364 simpli
1536 4317 1578 4350 x
1611 4315 1824 4365 ponere.
1850 4296 1875 4366 [l
1899 4316 1950 4365 p.
1992 4302 2055 4350 76
2092 4303 2169 4350 De
2197 4301 2455 4365 finialihus
2488 4299 2713 4350 sullabis.
2762 4299 2927 4348 Omnis
2962 4301 3233 4348 nominati-

641 4401 734 4434 τινε
775 4387 1049 4448 sinqularis
1090 4403 1124 4434 a
1165 4389 1460 4436 terminatus
1505 4385 1673 4434 breuis
1717 4393 1799 4434 est
1838 4411 1909 4420 —
1948 4397 2001 4444 p.
2040 4386 2106 4435 85
2151 4387 2385 4450 est-ceptis
2427 4387 2623 4434 scilicet
2660 4385 2916 4448 positione
2952 4386 3114 4448 lonyis
3150 4388 3238 4432 uel

641 4471 901 4534 diptonqis
925 4486 1054 4534 quae
1090 4471 1310 4521 omnibus
1342 4477 1552 4534 palent:
1591 4469 1818 4520 Servius
1857 4469 1924 4518 de
1962 4469 2061 4519 ult.
2104 4469 2228 4533 syn.
2266 4486 2316 4535 p.
2356 4463 2736 4535 1803—181011
2768 4483 2818 4532 p.
2855 4469 2921 4518 85
2960 4469 3036 4519 De
3070 4471 3231 4532 sylla-

641 4555 734 4604 bis.
762 4552 972 4618 Syllaba
997 4563 1074 4605 est
1097 4557 1235 4605 dicta
1258 4558 1322 4605 de
1342 4571 1498 4618 ‚qr-cco
1526 4581 1586 4590 -
1614 4570 1666 4618 p.
1695 4556 1792 4604 102
1829 4553 1894 4603 de
1933 4553 2163 4618 pedibus
2200 4562 2250 4603 et
2277 4556 2507 4618 duplices
2530 4569 2687 4620 usque
2710 4555 2784 4603 ad
2812 4569 2938 4603 sex:
2964 4558 3235 4617 excerpta

643 4654 711 4687 ex
745 4637 1006 4703 Pompeio
1042 4656 1094 4705 p.
1114 4641 1315 4690 34-65
1353 4638 1437 4692 ed.
1475 4639 1634 4690 Lind.
1660 4636 1683 4704 [Ι
1707 4652 1761 4703 p.
1803 4641 1898 4688 102
1934 4639 2013 4688 De
2042 4639 2348 4692 accentibus.
2384 4641 2641 4689 Accentus
2674 4640 2761 4704 qui
2791 4653 2946 4701 grece
2979 4640 3233 4702 prosodia

642 4725 828 4773 dicitur·
857 4751 922 4760 --
957 4741 1008 4790 p.
1039 4725 1135 4774 116
1171 4723 1237 4774 de
1273 4724 1508 4774 historia
1544 4733 1724 4775 contra
1766 4733 1993 4774 naturam
2026 4732 2170 4775 sunt.-
2206 4723 2451 4774 Isidorus
2487 4724 2553 4774 de
2590 4723 2937 4780 accentibus,
2974 4721 3043 4772 de
3084 4724 3233 4786 posi—

641 4809 796 4874 turis,
833 4807 900 4858 de
938 4809 1349 4876 orthographia,
1387 4809 1454 4859 de
1479 4809 1763 4874 analogia,
1800 4807 1865 4858 de
1894 4809 2245 4874 etymologia,
2282 4809 2349 4859 de
2376 4810 2595 4875 glossis,
2630 4808 2699 4858 de
2726 4808 2973 4860 historia.
3001 4803 3099 4873 [lp.
3132 4809 3229 4862 117
