3434 5442
654 365 778 429 528
1786 356 2090 439 [senen]

756 465 790 510 s.
821 467 899 509 57*
927 469 1022 510 cod.
1051 467 1153 508 Lav.
2800 477 2847 519 p.
2874 465 2973 508 529.
2996 464 3049 506 30
3074 464 3126 507 V.

655 547 914 618 dicatur,
960 546 1118 626 quod
1163 547 1406 608 minime
1449 554 1736 627 respuant
1788 543 2022 626 aures],
2081 544 2221 607 dum
2264 544 2443 605 modo
2487 544 2727 606 auribus
2770 563 2842 604 eo
2886 546 3220 606 serviamus,

653 651 716 710 in
761 647 1113 728 quibusdam
1171 649 1326 709 enim
1384 647 1725 709 nominibus
1769 646 1909 708 licet
1950 645 2150 708 videre
2192 645 2507 727 plerosque
2549 648 2701 708 recti
2742 665 2915 708 casus
2958 644 3225 726 ambiguo

652 757 857 812 tenore
903 751 1182 830 deceptos
1225 750 1512 812 mendose
1556 749 1782 811 oblicos
1824 749 2124 829 proferre,
2170 756 2237 809 ut
2279 751 2381 829 qui
2424 749 2486 809 in
2529 751 2757 829 patrico
2802 767 2945 810 casu
2975 747 3229 810 Euandri

653 860 712 913 et
752 854 989 932 tyranni
1041 854 1294 931 primam
1349 851 1631 931 syllabam
1689 858 1907 913 acuunt
1959 852 2155 931 potius
2212 869 2387 930 quam
2432 850 2719 922 mediam,
2777 848 3003 912 nullam
3050 850 3230 911 secuti

601 973 627 1014 5
652 955 960 1015 rationem.
1051 972 1186 1014 nam
1243 972 1434 1034 neque
1489 973 1529 1014 a
1574 955 1815 1016 Graecis
1867 971 1937 1014 ea
1993 955 2262 1023 nomina,
2320 971 2457 1014 cum
2500 971 2637 1014 casu
2680 954 2797 1013 isto
2840 961 3007 1023 sunt,
3068 951 3231 1012 aliter

651 1075 828 1137 quam
873 1055 1234 1137 paenultima
1265 1064 1433 1117 acuta
1463 1056 1882 1137 proferuntur,
1915 1047 2278 1136 Εὐάνδρου
2320 1051 2667 1135 τυράννου
2710 1054 3081 1125 dicentibuS,
3126 1072 3233 1114 nec

649 1176 888 1220 rursum
943 1177 976 1218 a
1034 1157 1230 1229 nobiS‚
1287 1161 1422 1238 quia
1478 1158 1838 1239 paenultima
1894 1158 2185 1237 positione
2240 1155 2417 1236 longa
2472 1175 2709 1237 semper
2752 1155 3024 1218 acuenda
3066 1154 3231 1216 nobis

651 1269 756 1322 est.
823 1260 1025 1341 [tertia
1080 1258 1153 1320 ab
1211 1257 1416 1321 ultima
1471 1279 1502 1321 a
1560 1279 1680 1323 non
1735 1258 1910 1321 nullis
1954 1260 2201 1321 acuitur.
2292 1277 2429 1320 nam
2471 1258 2895 1341 paenultimam
2940 1261 3077 1319 acui
3122 1266 3226 1318 tam

650 1362 855 1424 Latina
911 1361 1074 1423 iubet
1127 1364 1309 1433 ratio,
1367 1365 1505 1443 quia
1548 1361 1724 1441 longa
1767 1370 1881 1432 est,
1928 1379 2105 1441 quam
2150 1363 2403 1432 Graeca,
2449 1365 2587 1441 quia
2629 1350 3111 1441 παροξυτόνως
3148 1359 3227 1420 di-

581 1482 627 1522 ιο
655 1463 848 1546 cunt]
895 1464 1052 1525 idem
1098 1465 1159 1524 in
1203 1463 1398 1525 dativo
1440 1462 1807 1544 ablativoque
1852 1481 1990 1524 casu
2034 1462 2387 1524 servandum
2430 1471 2547 1536 est,
2603 1471 2671 1525 ut
2710 1481 2849 1524 cum
2893 1461 3057 1542 apud
3096 1461 3226 1522 Ver·

652 1566 854 1645 gilium
899 1564 1150 1645 legimus
2234 1640 2242 1648 ι

952 1668 1315 1750 Amphion
1359 1668 1718 1730 Dircaeus
1761 1669 1835 1729 in
1878 1668 2150 1730 Actaeo
2195 1667 2617 1747 Aracyntho

651 1779 712 1832 et

953 1873 1146 1953 quod
1191 1873 1372 1934 fieri
1417 1873 1629 1934 ferro
1673 1871 2064 1953 liquidove
2106 1879 2359 1954 potest
2402 1871 2723 1939 electro,

575 1994 624 2036 ιε
648 1979 790 2036 item
837 1974 1246 2037 ‘Centauro
1287 1974 1670 2036 invehitur
1711 1975 2005 2053 magna’
2064 1983 2123 2036 et
2180 1975 2569 2054 ‘Sergesto
2612 1974 3135 2054 Mnesthique’
3176 1984 3229 2035 et

651 2077 1156 2156 ‘classemque
1211 2075 1341 2137 sub
1392 2078 1557 2156 ipsa
1613 2075 2061 2138 Antandro'.
2151 2076 2297 2137 haec
2351 2077 2549 2138 omnia
2601 2077 2841 2137 nomina
2896 2071 3227 2158 Aracyntho

654 2179 878 2240 electro
923 2179 1214 2240 Centauro
1261 2179 1538 2258 Sergesto
1583 2179 1889 2240 Antandro
1942 2176 2302 2259 paenultima
2348 2185 2518 2240 acuta
2560 2177 2981 2258 proferuntur,
3030 2196 3226 2257 quam-

653 2282 736 2344 vis
797 2289 963 2344 recto
1025 2291 1088 2342 et
1147 2283 1477 2342 accusativo
1543 2299 1682 2342 casu
1740 2288 1989 2361 possunt
2044 2289 2274 2342 acutam
2330 2282 2563 2342 tertiam
2620 2279 2694 2342 ab
2740 2279 2947 2341 ultima
2992 2278 3226 2340 habere.

651 2383 754 2446 sed
799 2385 862 2444 in
905 2390 1071 2444 recto
1115 2391 1290 2463 atque
1334 2386 1665 2445 accusativo
1710 2401 1851 2446 casu
1895 2382 2045 2445 solet
2086 2382 2325 2463 quidam
2366 2400 2538 2444 error
2579 2381 2897 2463 plerosque
2944 2381 3226 2450 obtinere,

573 2506 627 2546 20
654 2489 756 2566 qui
799 2487 863 2547 in
907 2484 1000 2546 his
1045 2469 1338 2556 versibuS,

953 2596 1132 2650 tunc
1175 2588 1402 2666 etiam
1443 2587 1622 2649 satis
1665 2589 1913 2668 aperit
1954 2587 2361 2650 Cassandra
2403 2587 2692 2649 futuris

959 2707 1090 2750 ora

652 2801 712 2854 et
777 2792 951 2854 ‘huc
1018 2799 1220 2854 casta
1285 2789 1631 2870 Sibylla’‚
1676 2792 1931 2871 inperite
1983 2799 2459 2871 proparoxytona
2514 2792 2737 2853 faciunt
2790 2791 3123 2854 Cassandra
3174 2802 3231 2852 et

651 2893 899 2974 Sibylla,
947 2913 1082 2954 cum
1127 2893 1188 2954 id
1234 2895 1431 2955 sinant
1474 2911 1667 2973 neque
1710 2893 1917 2954 Latina
1962 2902 2307 2974 praecepta,
2354 2895 2494 2974 quia
2539 2902 2627 2954 est
2670 2892 3035 2973 paenultima
3078 2896 3230 2974 posi-

575 3019 623 3058 25
653 2999 813 3058 tione
867 2995 1075 3075 longa,
1136 3013 1328 3075 neque
1353 3029 1360 3034 -
1385 2995 1532 3056 adeo
1586 2996 1840 3068 Graeca,
1900 3014 2033 3057 cum
2060 2997 2602 3076 sint-paroxytona
2642 2991 2661 3076 l
2720 2990 3135 3076 Κασσάνδρα
3178 3002 3234 3054 et

651 3093 987 3179 Σιβύλλα.
1036 3100 1333 3178 quoniam,
1379 3097 1482 3159 ubi
1524 3098 1698 3176 longa
1745 3107 1833 3159 est
1870 3096 2081 3159 ,ultima
2122 3099 2186 3158 in
2232 3097 2491 3170 Graecis,
2537 3101 2773 3160 tertiam
2816 3115 2850 3157 a
2892 3115 2961 3158 se
3004 3105 3231 3159 acutam

651 3219 779 3262 esse
823 3219 944 3262 non
987 3200 1224 3280 patitur.

775 3431 780 3436 ⁴
817 3407 1109 3466 Accentus
1164 3405 1407 3484 proprie
1461 3403 1709 3484 qualitas
1766 3401 2119 3483 syllabarum
2164 3410 2280 3474 est,
2326 3404 2440 3465 hoc
2484 3410 2575 3466 est
2614 3403 2899 3465 indicium
2946 3405 3230 3484 temporis

653 3505 1006 3588 syllabarum
1076 3511 1344 3566 naturam
1409 3507 1879 3587 positionemque
1942 3506 2299 3584 significans.
2368 3504 2537 3586 [sunt
2598 3507 2755 3567 enim
2813 3513 2965 3576 tres,
3032 3515 3231 3568 acutus

585 3627 636 3667 30
667 3612 860 3688 gravis
901 3607 1180 3678 inflexus;
1239 3607 1303 3668 hi
1357 3625 1388 3668 a
1446 3609 1686 3669 Graecis
1744 3605 2113 3690 προσῳδίαι
2156 3606 2483 3689 dicuntur.]
2558 3624 2701 3687 ergo
2745 3611 2810 3669 in
2852 3607 2971 3670 hoc
3017 3627 3231 3687 cogno-

651 3729 822 3772 scere
881 3709 1062 3771 debes
1127 3711 1404 3790 quoniam
1465 3707 1658 3770 littera
1715 3710 1933 3770 vocalis
2000 3709 2139 3770 facit
2204 3717 2515 3771 accentum
2570 3710 2896 3772 secundum
2962 3710 3229 3773 ordinem

789 3899 822 3950 5
851 3913 880 3947 a
911 3913 1002 3950 om.
1035 3895 1154 3962 LO,
1193 3897 1315 3953 add.
1351 3915 1379 3948 υ
1520 3897 1621 3947 alia
1659 3913 1811 3961 quam
1850 3896 1891 3948 O
1930 3895 2155 3961 aliquam
2193 3912 2331 3951 corr.
2374 3897 2475 3948 alia
2518 3914 2671 3962 quam
2706 3898 2758 3948 L
2932 3899 2965 3949 6
3006 3899 3229 3950 euandru

649 3979 864 4038 tyn-annu
902 3967 993 4018 LO
1204 3966 1238 4018 8
1274 3969 1416 4018 tertia
1449 3993 1518 4003 —
1549 3969 1723 4018 dicunt
1770 3969 1913 4019 uncis
1955 3968 2200 4030 adpositis
2234 3970 2425 4020 notavit
2456 3969 2625 4020 editor·
2665 3967 3073 4022 vindobonensis

651 4048 847 4090 acutam
893 4038 1048 4088 latina
1080 4039 1170 4088 LO
1311 4038 1344 4088 9
1383 4039 1500 4100 quia
1522 4039 1775 4103 positione
1812 4039 1968 4104 longa
2002 4047 2078 4088 est
2110 4055 2139 4088 v
2280 4039 2396 4101 qnia
2426 4030 2826 4102 παροξυτόνως
2858 4055 2885 4088 υ
2923 4055 3058 4104 quae
3084 4053 3229 4106 para-

651 4111 853 4160 xitonos
889 4108 986 4159 LO
1128 4108 1192 4160 10
1223 4123 1343 4158 casu
1383 4106 1452 4158 Ov
1489 4123 1639 4159 casus
1675 4107 1725 4157 L
1864 4107 1930 4160 12
1969 4107 2191 4174 anphion
2222 4107 2285 4157 01
2308 4107 2533 4175 anphiau
2568 4109 2646 4158 L:
2694 4108 2852 4174 Vem.
2890 4108 3055 4163 bucol.
3084 4111 3136 4170 2,
3161 4111 3225 4158 24

790 4181 840 4228 in
878 4178 1263 4244 aetheoracynto
1295 4180 1344 4229 L
1377 4179 1428 4227 in
1469 4177 1644 4228 actheo
1685 4179 1907 4228 racincto
1944 4179 1985 4230 0
2154 4178 2222 4230 14
2258 4175 2414 4244 quod]
2472 4180 2632 4242 Vera.
2669 4177 2798 4231 Aen.
2834 4179 2954 4228 vm
2992 4179 3099 4229 402

654 4249 718 4300 15
751 4259 989 4300 centauro
1026 4250 1246 4299 inueitur
1279 4251 1366 4300 L:
1411 4250 1568 4314 Ver-9.
1603 4250 1733 4300 Aen.
1771 4248 1818 4297 V
1859 4249 1957 4298 122
2130 4257 2362 4315 sergesto
2399 4249 2685 4312 mnestique
2721 4245 2851 4301 LO.-
2898 4249 3059 4314 Very.
3100 4251 3228 4298 Aen.

650 4321 696 4370 V
735 4321 836 4372 184
1004 4317 1069 4370 16
1105 4319 1396 4382 clasemque
1433 4320 1512 4369 L.-
1569 4319 1730 4384 Ver-9.
1773 4319 1904 4370 Aen.
1940 4317 2007 4368 111
2044 4319 2077 4369 5
2252 4317 2377 4368 haec
2412 4344 2477 4354 —
2516 4317 2752 4384 Sergesto
2786 4335 2883 4370 om·
2921 4319 2987 4384 L,
3026 4319 3153 4372 add.
3190 4320 3228 4370 1.-

650 4387 777 4440 haec
811 4415 880 4425 -—
905 4389 1167 4439 Antandro
1195 4405 1289 4439 om.
1325 4388 1366 4438 0
1508 4389 1572 4440 18
1609 4398 1658 4439 et
1693 4405 1787 4443 οηι.
1829 4387 1939 4448 LO,
1976 4389 2097 4440 add.
2124 4403 2153 4438 v
2294 4388 2361 4440 21
2400 4384 2538 4453 tunc]
2589 4389 2748 4454 Vera.
2787 4389 2921 4442 Aen.
2954 4387 2997 4438 Il
3028 4389 3133 4442 246

652 4455 795 4526 fatis]
829 4460 954 4509 satis
995 4460 1043 4509 L
1182 4459 1248 4510 23
1282 4455 1406 4523 huc]
1444 4457 1538 4508 hac
1573 4458 1647 4510 0:
1693 4460 1851 4524 Ver-9.
1882 4458 2014 4510 Aen.
2047 4457 2095 4506 V
2131 4457 2233 4510 735
2372 4457 2568 4522 sybella
2598 4457 2646 4506 L
2784 4457 3039 4510 casandra
3070 4467 3120 4508 et
3148 4474 3229 4522 sy-

653 4529 778 4579 billa
814 4530 862 4578 L
1001 4528 1069 4580 24
1107 4544 1220 4579 cum
1260 4527 1312 4580 id
1349 4527 1490 4592 (cum
1527 4530 1580 4579 iu
1615 4528 1668 4578 id
1705 4531 1747 4591 l)
1775 4530 1942 4580 sinant
1969 4528 2013 4578 L
2037 4543 2152 4577 cum
2190 4529 2240 4577 in
2278 4528 2331 4578 id
2368 4528 2604 4579 desinant
2640 4525 2683 4577 O
2821 4530 2890 4580 25
2920 4543 3229 4579 cassanen-on

654 4598 842 4664 sybilla
883 4597 1027 4660 (casa
1063 4614 1220 4649 aaron
1247 4597 1412 4649 sibilla
1441 4596 1506 4664 O)
1545 4609 1628 4650 ton
1665 4599 1821 4666 longa
1855 4607 1932 4648 est
1966 4597 2144 4648 ultima
2169 4598 2221 4647 in
2256 4613 2409 4664 greca
2434 4599 2580 4648 tertia
2611 4613 2644 4647 a
2672 4611 2731 4648 se
2764 4596 2857 4647 LO
2879 4595 3229 4661 Κασσάνδρα

653 4664 907 4733 Σιβύλλα
943 4669 1182 4734 quoniam
1213 4670 1366 4735 longa
1402 4677 1480 4718 est
1510 4669 1687 4720 ultima
1732 4671 1779 4718 in
1821 4683 2004 4735 graeco
2038 4683 2168 4732 quae
2206 4669 2403 4718 tertiam
2440 4682 2471 4716 a
2506 4683 2562 4718 se
2596 4683 2625 4718 υ
2764 4668 2835 4720 26
2868 4676 3016 4717 acuta
3053 4665 3095 4716 0

652 4737 722 4788 28
761 4747 838 4788 est
875 4747 994 4802 post
1027 4739 1334 4803 syllabarum
1371 4754 1462 4788 om.
1507 4740 1580 4803 L,
1617 4741 1740 4791 add.
1784 4738 1825 4789 0
1964 4747 2195 4805 tempora
2231 4736 2325 4788 LO
2464 4735 2532 4788 30
2568 4735 2889 4804 προσῳδίαι
2923 4755 2953 4788 v
2990 4736 3229 4804 prosodia

652 4805 753 4927 ,ἐξ
885 4822 1008 4875 ergo
1045 4811 1098 4857 in
1133 4805 1230 4858 hoc
1265 4823 1327 4858 eo
1367 4823 1675 4874 cognoscere
1715 4809 1790 4863 0.·
1819 4811 2047 4872 fortasse
2070 4823 2193 4876 ergo
2224 4817 2272 4858 et
2301 4807 2399 4859 hoe
2434 4821 2741 4873 cognoscere
2882 4805 2949 4860 31
2986 4807 3140 4857 debes
3166 4806 3226 4857 10

691 4891 718 4925 e
757 4891 897 4926 emus
931 4879 982 4927 L
