3434 5442
617 1014 642 1052 5

593 1521 642 1562 10

586 2153 636 2194 15

582 2663 634 2703 20

581 3175 632 3216 2⁶

671 321 800 384 464
1834 318 2077 380 SERvn

773 435 816 475 p.
849 424 1045 466 ιδῃ-24
1073 423 1122 468 P.
2820 439 2865 481 ῃ.
2890 428 2979 470 επ.
3006 429 3055 470 ⁷4
3078 431 3127 474 c.

1521 519 1619 616 on
1663 555 1937 618 10N1cls
1978 557 2029 618 A
2072 527 2375 619 MAlon‘E.

835 690 1022 752 Metra
1065 692 1258 753 ionica
1301 709 1332 752 a
1376 692 1603 754 maiore
1647 691 2055 772 principaliter
2086 699 2357 756 constant
2384 694 2583 755 ionico
2627 712 2765 765 suo;
2814 713 3011 756 verum
3043 705 3202 758 tamen

673 791 700 874 Η
747 800 806 853 et
849 791 1172 854 diiambum
1217 802 1276 855 et
1319 793 1725 856 ditrochaeum
1773 813 1891 856 non
1948 805 2225 858 recusant
2288 795 2763 878 solutionemque
2806 799 3089 877 patienter
3124 799 3205 860 ad=

669 895 930 956 mittunt.
1017 894 1122 955 sed
1169 915 1239 956 ex
1285 894 1555 977 plurimis
1600 897 1711 957 tria
1756 898 1891 957 usui
1935 897 2217 958 tradenda
2262 897 2506 960 subieci.
2876 975 2881 978 Ι

837 997 922 1058 De
976 997 1374 1077 hipponactio.
1463 997 1905 1079 hipponactium
1962 1007 2191 1060 constat
2266 998 2519 1064 dimetro
2576 977 3105 1081 brachycatalecto,
3152 1014 3203 1064 ut

667 1107 756 1160 est
799 1079 946 1170 hoc,

1235 1200 1491 1282 palmam
1537 1221 1681 1283 cape
1725 1203 1927 1264 victor.

836 1301 917 1362 De
960 1301 1249 1381 praxillio.
1313 1293 1658 1383 'praxillium
1705 1291 1935 1366 constat
1976 1306 2247 1366 trimetro
2275 1304 2823 1385 brachycatalecto,
2868 1315 2933 1369 ut
2975 1317 3059 1368 est
3096 1309 3204 1377 hoc,

1235 1405 1404 1466 sortis
1444 1408 1674 1468 iuvenis
1717 1425 1887 1470 sume
1930 1424 2229 1472 coronam.

838 1505 922 1567 De
966 1506 1247 1568 sotadico.
1307 1508 1635 1570 sotadicum
1669 1515 1901 1570 constat
1944 1516 2288 1571 tetrametro
2334 1508 2863 1589 brachycatalecto,
2896 1517 2959 1572 ut
2984 1519 3070 1573 eet
3095 1513 3205 1582 hoc,

1242 1608 1473 1690 salpinx
1518 1629 1686 1682 cane,
1732 1619 1967 1692 tempus
2012 1611 2189 1690 fugit,
2234 1612 2477 1673 intende
2519 1610 2805 1674 laborem.

1522 1797 1620 1860 DE
1662 1797 1937 1860 IONICIS
1978 1799 2026 1859 A
2068 1797 2379 1862 MINORE.

830 1919 1014 1994 Metra
1061 1933 1250 1994 ionica
1296 1953 1326 1995 a
1372 1937 1607 1994 minore
1651 1934 2057 2014 principaliter
2099 1934 2357 2014 gaudent
2395 1935 2593 1997 ionico
2638 1954 2745 1996 suo
2803 1953 2873 1996 ac
2916 1953 3047 1997 raro
3086 1935 3207 1997 alte·

665 2035 787 2095 rius
831 2035 998 2114 pedis
1042 2038 1343 2113 patiuntur
1388 2053 1712 2098 accessum.
1774 2037 1877 2097 sed
1922 2055 1994 2098 ex
2040 2035 2311 2115 plurimis
2338 2055 2441 2098 sex
2484 2039 2620 2098 usui
2663 2037 2949 2099 tradenda
2991 2037 3205 2100 subieci.

831 2135 916 2199 De
962 2138 1310 2200 timocratio.
1400 2139 1794 2199 timocratium
1844 2146 2072 2199 constat
2114 2137 2368 2199 dimetro
2414 2138 2787 2212 catalectico,
2842 2149 2911 2201 ut
2962 2149 3047 2201 est
3096 2140 3205 2212 hoc,

1230 2257 1366 2301 rosa
1409 2241 1566 2300 veris
1607 2241 1929 2319 specimen.

825 2340 914 2402 De
957 2343 1356 2403 anacreontio.
1417 2343 1865 2402 anacreontium
1912 2348 2142 2402 constat
2184 2341 2439 2404 dimetro
2484 2341 2833 2415 acatalecto,
2880 2351 2945 2404 ut
2986 2351 3073 2404 eet
3096 2343 3207 2412 hoc,

1231 2444 1528 2524 sapientes
1569 2445 1753 2504 Amor
1798 2441 1939 2504 odit.

829 2544 912 2606 De
957 2547 1358 2607 anacreontio.
1417 2546 1859 2607 anacreontium
1904 2552 2134 2606 constat
2178 2547 2445 2608 trimetro
2490 2545 2864 2617 catalectico,
2894 2555 2959 2608 ut
2986 2554 3073 2608 est
3096 2546 3207 2617 hoc,

1063 2647 1201 2726 fuge
1247 2648 1442 2726 virgo,
1491 2647 1628 2726 suge
1674 2665 1889 2708 munus
1932 2645 2195 2708 Veneris.

826 2748 912 2809 De
955 2747 1258 2829 sapphico.
1346 2747 1692 2829 sapphicum
1740 2756 1970 2811 constat
2012 2750 2282 2810 trimetro
2328 2747 2678 2823 acatalecto,
2725 2757 2792 2811 ut
2834 2758 2926 2810 est
2966 2749 3098 2821 hoc,

1057 2859 1227 2911 sonat
1269 2849 1384 2911 alta
1427 2849 1593 2911 trabe
1635 2851 1785 2912 fixus
1830 2850 1936 2912 tibi
1979 2850 2173 2918 nidus,

826 2952 909 3014 De
937 2951 1309 3033 phrynichio.
1369 2952 1787 3033 phrynichium
1831 2959 2061 3014 constat
2090 2961 2433 3016 tetrametro
2475 2951 2845 3027 catalectico,
2890 2961 2957 3015 ut
2984 2961 3069 3014 est
3093 2953 3205 3024 hoc,

961 3053 1070 3116 tibi
1112 3057 1266 3116 veris
1311 3055 1440 3116 fero
1485 3054 1739 3126 donum,
1786 3053 1910 3117 sola
1954 3055 2113 3135 quod
2158 3054 2300 3116 dant
2341 3053 2575 3116 Veneri.

863 3153 874 3240 Ι
935 3156 1018 3218 De
1063 3156 1373 3219 alcmanio.
1433 3157 1789 3219 alcmanium
1834 3164 2065 3218 constat
2106 3163 2451 3219 tetrametro
2494 3155 2843 3228 acatalecto,
2890 3166 2957 3218 ut
2984 3165 3067 3218 est
3092 3156 3203 3224 hoc,

963 3260 1139 3320 timor
1184 3260 1376 3321 omnis
1421 3258 1595 3321 docet
1637 3261 1809 3331 artie,
1855 3261 2035 3320 timor
2078 3267 2255 3337 auget
2295 3258 2454 3321 bona
2498 3259 2732 3320 mentis,

833 3499 857 3550 1
893 3499 1160 3550 ionicorum
1191 3514 1226 3546 a
1258 3499 1449 3548 maiore
1482 3499 1729 3562 definitam
1778 3511 1845 3548 οι
1894 3511 2081 3549 nomme
2116 3512 2149 3548 a
2184 3511 2382 3547 narona
2422 3523 2484 3534 —
2526 3496 2585 3547 11
2627 3496 2881 3560 laborem,
2925 3505 3038 3560 pou
3066 3505 3205 3546 metra

654 3572 820 3620 ionica
847 3585 882 3618 a
911 3569 1118 3632 ntinore,
1147 3583 1212 3618 nr.
1248 3583 1435 3618 urata
1471 3583 1658 3620 mulcta
1695 3583 1725 3617 Δ
1763 3582 1957 3619 numan
1994 3595 2058 3604 —
2092 3565 2160 3618 26
2194 3568 2412 3632 mentia,
2450 3568 2765 3630 transposita
2801 3575 2883 3618 eat
2910 3570 2962 3619 in
2987 3565 3116 3623 1²85.
3150 3582 3205 3615 ns

656 3653 844 3689 narare
878 3652 1065 3689 xou1c1e
1101 3654 1132 3688 A
1168 3653 1360 3688 mucan
1397 3639 1446 3686 P
1481 3653 1546 3688 nn
1583 3651 1765 3688 nomem
1800 3651 2075 3688 flammaue
2108 3636 2153 3687 S
2324 3641 2357 3687 2
2404 3652 2436 3687 a
2469 3653 2563 3692 om,
2598 3635 2641 3686 S
2806 3637 2840 3689 3
2890 3637 3131 3687 diambum
3166 3635 3208 3684 N

655 3710 978 3759 diambocum
1011 3710 1062 3758 P
1198 3712 1232 3758 4
1265 3709 1358 3759 aed
1388 3723 1454 3757 ex
1489 3707 1724 3775 plurimis
1758 3723 1853 3760 om.
1889 3705 1933 3757 S
2069 3707 2101 3756 7
2133 3707 2304 3774 palma
2329 3709 2380 3758 P
2517 3721 2670 3773 carpe
2704 3705 2749 3757 S
2886 3705 2922 3758 8
2956 3707 3019 3758 de
3053 3705 3205 3772 praxi-

654 3779 724 3830 lio
762 3778 1042 3846 praxilium
1073 3776 1164 3826 NS
1199 3778 1262 3828 de
1299 3778 1518 3844 praxillo
1557 3777 1836 3844 praxillum
1866 3779 1917 3828 P
2057 3776 2121 3828 10
2156 3779 2221 3828 de
2256 3779 2475 3828 aotatico
2511 3777 2783 3827 eotaticum
2812 3778 2865 3826 P
3000 3775 3092 3826 hoc
3124 3791 3205 3826 om.

653 3849 696 3900 S
861 3849 920 3898 11
977 3849 1180 3914 salpina
1215 3849 1264 3898 P
1298 3848 1470 3915 alpina
1505 3849 1549 3898 S
1722 3857 1869 3898 canet
1914 3863 2053 3900 corr.
2093 3863 2220 3896 cane
2256 3846 2309 3896 N
2342 3849 2479 3897 canit
2508 3845 2552 3897 S
2724 3846 2971 3898 intendito
3006 3847 3207 3896 laborem

653 3919 922 3970 Pedachinae
1062 3918 1124 3969 12
1163 3934 1227 3968 nr.
1266 3933 1453 3970 narare
1493 3932 1678 3970 ionicus
1715 3919 1767 3968 P
1798 3932 1865 3968 nn
1892 3931 2077 3970 tomcta
2114 3932 2390 3968 numentana
2425 3917 2467 3968 S
2608 3917 2673 3968 12
2707 3931 2740 3965 a
2762 3931 2858 3970 om.
2884 3916 2927 3966 S
3038 3915 3208 3982 gadem

651 3987 695 4038 S
831 3988 994 4040 ionico
1030 4004 1120 4042 om.
1158 3987 1200 4037 S
1235 3990 1350 4040 ione
1387 3991 1438 4040 P
1605 4003 1728 4038 auos
1764 4002 1825 4038 ac
1854 3989 1905 4038 P
2080 3988 2146 4038 14
2180 3987 2341 4052 pedes
2376 3989 2426 4038 P
2594 4001 2808 4038 accessu
2844 3987 2892 4037 S
3035 3986 3122 4036 aed
3152 3999 3207 4032 ex

655 4058 885 4126 pluribus
913 4059 1136 4124 quinque
1170 4061 1441 4110 Puteolana
1582 4058 1644 4108 15
1681 4058 1747 4108 de
1784 4058 2076 4124 timogratio
2114 4058 2463 4123 timogratium
2497 4058 2540 4108 S
2718 4055 2782 4108 16
2818 4053 2977 4123 veris]
3012 4055 3207 4104 Veneris

653 4129 922 4180 Puteolanas
1061 4130 1338 4194 specimen.
1389 4129 1465 4179 De
1501 4128 1823 4178 anacreontio
1872 4129 2253 4178 anacreontium
2288 4135 2486 4177 constat
2522 4135 2813 4177 tetrametro
2847 4127 3127 4176 catalectico
3160 4133 3207 4172 ut

652 4208 730 4249 est
765 4198 862 4250 hoc
895 4199 1164 4250 infandum
1201 4200 1346 4265 tetigi
1381 4198 1550 4250 sidera
1585 4212 1789 4248 carmen
1823 4197 2137 4263 magicorum
2174 4197 2268 4261 (ef.
2303 4213 2466 4260 cupra
2502 4197 2625 4260 463,
2652 4195 2749 4260 26)
2786 4196 2853 4245 de
2888 4195 3205 4246 anacreontiu.

654 4269 1036 4320 anacreontium
1071 4279 1269 4320 constat
1305 4269 1524 4318 dimetro
1557 4269 1600 4318 S
1775 4267 1837 4318 17
1876 4263 2295 4331 Anacreontium]
2334 4265 2655 4316 Alcmanium
2700 4268 2917 4318 coniecit
2942 4265 3209 4316 Summas

653 4343 705 4390 ἐπ
739 4340 941 4393 Ter-ent.
983 4341 1162 4392 Maur.
1190 4355 1244 4404 p.
1277 4337 1381 4390 336
1522 4336 1795 4387 acatalecto
1830 4349 1885 4386 ut
1921 4347 1999 4386 eat
2034 4335 2132 4386 hoc
2164 4336 2395 4386 catalecti
2431 4336 2681 4402 sapientie
2716 4339 2767 4386 P
2910 4335 2975 4386 18
3018 4336 3209 4400 sapiens

653 4407 694 4458 S
703 4425 724 4458 .·
759 4411 1018 4476 sapientes
1056 4437 1116 4446 —-
1163 4408 1227 4458 19
1272 4417 1326 4458 ut
1357 4415 1435 4458 eat
1469 4406 1566 4456 hoe
1608 4422 1701 4459 om.
1742 4405 2009 4457 Puteclzius
2151 4405 2218 4457 19
2248 4407 2313 4456 de
2348 4406 2687 4456 anacreontio.
2734 4407 3109 4456 anacreontium
3142 4404 3209 4452 di-

653 4487 814 4530 metro
847 4480 1167 4531 acatalectico
1206 4477 1278 4530 Ρ.·
1324 4477 1633 4546 Sapphicum
1677 4478 1951 4528 Smceniue
2125 4478 2352 4527 trimetro
2406 4475 2631 4527 acatalec
2672 4475 2721 4524 N
2780 4515 2785 4522 .
2894 4476 2957 4526 21
2996 4473 3207 4525 eamcam

653 4559 852 4601 constat
883 4550 1110 4600 trimetro
1147 4550 1387 4599 catalecto
1423 4549 1546 4606 465,
1583 4549 1650 4598 25
1687 4561 1753 4598 na
1787 4561 1944 4598 numm
1982 4545 2201 4596 Minrum
2252 4555 2450 4597 constat
2496 4547 2569 4596 ita
2598 4572 2664 4582 —
2698 4545 2824 4609 467,
2853 4546 2890 4596 4
2924 4543 3207 4612 penultimae

655 4618 959 4686 adcongruit
993 4627 1144 4672 sonat
1179 4619 1278 4669 alta
1315 4618 1455 4668 trabe
1489 4619 1539 4667 P
1707 4617 1777 4668 22
1814 4625 1953 4667 tonat
1986 4615 2029 4664 S
2196 4616 2365 4667 trabea
2402 4617 2445 4667 S
2580 4616 2719 4667 nilus
2750 4618 2795 4667 S
2816 4629 2954 4666 ooo-r.
2993 4615 3132 4664 nidus
3164 4611 3207 4659 Ν

793 4691 862 4740 23
903 4691 974 4740 De
1011 4688 1226 4753 frynicio
1263 4688 1532 4752 srynicium
1573 4687 1621 4735 N
1657 4687 1722 4737 de
1759 4687 1975 4738 foenicio
2014 4685 2283 4736 foenicium
2322 4687 2372 4735 P
2402 4689 2469 4736 de
2502 4685 2703 4736 fricinio
2738 4685 2995 4735 fricinium
3025 4684 3068 4736 S
3092 4681 3203 4748 pha-

657 4759 828 4807 letium
864 4773 898 4815 ς
1036 4760 1106 4808 24
1137 4756 1292 4825 veria]
1337 4758 1484 4807 senua
1525 4757 1791 4808 Putscltiua
1926 4755 2066 4805 solae
2102 4755 2372 4806 Putschius
2510 4756 2579 4806 2ss
2624 4771 2802 4806 ornnes
2838 4756 2984 4804 docet
3016 4761 3138 4804 artes
3168 4751 3206 4800 S

795 4827 962 4892 docet]
1005 4829 1149 4877 decet
1181 4830 1230 4877 Ρ
1365 4825 1570 4892 mentis]
1609 4828 1807 4877 meritis
1842 4828 1885 4877 S
