3434 5442
683 359 807 420 416
1848 355 2089 417 SERvu

2812 479 2856 518 p.
2884 465 3087 508 1793-95
3112 464 3152 507 r.

681 542 916 619 paniam
982 544 1220 619 pergo’,
1283 541 1392 602 ‘de
1441 543 1757 621 Campania
1816 545 2043 614 venio',
2092 545 2187 602 ‘in
2232 543 2545 623 Campania
2587 550 2773 606 sum'.
2862 564 2897 606 e
2960 547 3239 607 contrario

681 644 920 703 nomina
978 644 1296 704 civitatium
1352 662 1670 724 numquam
1729 645 2023 722 recipiunt
2118 664 2220 705 rae
2264 645 2575 716 ositioneS,
2644 647 2883 726 quando
2936 649 3240 727 funguntur

681 729 1340 848 viQ
1361 765 1563 807 verum
1609 753 1805 806 tamen
1852 749 1903 806 si
1948 747 2018 807 ad
2065 746 2259 808 locum
2302 750 2661 826 significant,
2708 751 3031 810 accusahvi
3072 751 3237 810 forma

680 846 976 926 sequenda
1032 855 1146 918 est,
1204 855 1267 908 ut
1321 847 1769 926 ‘Carthaginem
1824 849 2036 918 vado’;
2094 851 2143 910 si
2200 849 2273 909 de
2328 848 2487 920 loco,
2548 851 2871 912 secundum
2940 853 3235 931 septimum

629 965 654 1004 5
681 947 1004 1027 loquimur,
1062 957 1128 1010 ut
1170 949 1554 1028 ‘Carthagine
1599 950 1841 1020 venio';
1902 953 1951 1010 si
1994 953 2057 1011 in
2101 950 2265 1021 loco,
2324 951 2539 1033 duplex
2580 952 2787 1031 regula
2832 961 2937 1014 est.
3032 972 3159 1015 nam
3196 956 3237 1012 si

681 1069 896 1111 nomen
939 1052 1120 1112 fuerit
1163 1053 1456 1114 secundae
1501 1052 1941 1122 declinationiS,
1989 1053 2330 1115 adverbium
2376 1055 2438 1114 in
2482 1053 2612 1114 loco
2656 1056 2719 1115 fit
2762 1055 3091 1116 secundum
3132 1055 3235 1115 for-

677 1171 832 1214 mam
879 1155 1166 1232 genetivi:
1231 1155 1478 1216 dicimus
1524 1157 1681 1216 enim
1740 1154 1904 1216 ‘Deli
1961 1155 2101 1224 fui’,
2163 1156 2523 1216 ‘Beneventi
2578 1156 2714 1228 l'ui’,
2761 1159 3039 1237 quoniam
3084 1157 3236 1217 huius

679 1255 834 1325 Deli,
893 1255 1066 1316 huius
1109 1256 1430 1318 Beneventi
1489 1259 1790 1336 genetivus
1835 1266 1941 1319 est.
2016 1260 2066 1318 si
2122 1267 2313 1319 autem
2362 1276 2576 1318 nomon
2622 1260 2737 1318 erit
2778 1259 3021 1320 alterius
3064 1261 3234 1319 cuius-

680 1375 932 1437 cumque
987 1357 1424 1428 declinationiS,
1481 1368 1621 1420 tunc
1675 1361 1927 1421 formam
1974 1360 2277 1440 sequimur
2321 1359 2497 1420 dativi
2542 1377 2737 1420 casus:
2802 1360 3053 1422 dicimus
3095 1363 3231 1422 enim

605 1477 654 1517 ιο
681 1459 1056 1538 ‘Carthagini
1103 1459 1242 1529 fui’,
1289 1460 1536 1521 ‘Tiburi
1581 1461 1718 1531 sui’,
1766 1463 2045 1541 quoniam
2088 1463 2226 1523 huic
2264 1461 2630 1540 Carthagini,
2678 1461 2815 1522 huic
2858 1461 3065 1523 Tiburi
3108 1462 3231 1523 dati·

677 1580 780 1622 vus
825 1569 931 1622 est.
1021 1562 1326 1624 sciendum
1382 1571 1472 1622 est
1524 1581 1666 1624 sane
1721 1582 1903 1644 pauca
1950 1565 2189 1624 nomina
2233 1563 2325 1623 his
2368 1562 2587 1642 regulis
2632 1581 2999 1644 repugnare,
3060 1574 3121 1625 ut
3159 1573 3233 1624 est

676 1662 954 1724 Narbone
998 1665 1059 1724 in
1104 1662 1446 1744 Philippicis
1491 1664 1819 1735 Ciceronis,
1880 1666 2073 1727 ‘cum
2122 1675 2195 1726 tu
2240 1664 2581 1726 Narbone
2646 1683 2943 1727 mensas
2999 1667 3231 1746 hospi-

677 1768 856 1828 tium
903 1769 1459 1828 conuomeres’:
1518 1765 1804 1828 debuerat
1847 1768 2003 1826 enim
2048 1767 2244 1828 dicore
2288 1767 2567 1828 Narboni.
2655 1769 2798 1828 item
2843 1767 3125 1847 Vergilius
3164 1770 3230 1826 ait

675 1866 939 1927 ‘Turia
987 1869 1437 1946 Carthagine
1492 1870 1616 1949 qui
1671 1887 1866 1930 nunc
1910 1869 2348 1949 Exspectat'
2398 1868 2618 1949 [inquit
2661 1868 3071 1950 Carthagine],
3126 1888 3229 1929 non

603 1987 650 2026 ιτ.
679 1969 1045 2048 Carthagini,
1102 1971 1258 2051 quod
1314 1979 1440 2032 erat
1495 1970 1751 2048 regulae.
1840 1970 1943 2030 sed
1990 1971 2196 2032 Cicero
2240 1971 2558 2050 antiptosin
2601 1971 2742 2033 fecit
2783 1973 3059 2050 figuram,
3104 1972 3227 2031 Ver-

674 2070 846 2150 gilius
903 2091 1042 2132 vero
1089 2076 1264 2134 metri
1325 2075 1731 2134 necessitatem
1779 2080 1997 2132 mutata
2042 2072 2243 2151 regula
2290 2075 2558 2134 servavit.
2648 2073 3000 2152 generaliter
3044 2083 3227 2135 tenen-

677 2175 816 2235 dum
849 2171 876 2257 ss
911 2182 998 2236 est
1040 2176 1196 2256 quod
1244 2175 1534 2238 adverbiis
1580 2193 1697 2235 non
1745 2173 1922 2235 debet
1964 2175 2243 2252 coniungi
2285 2177 2642 2255 praepositio
2686 2177 3014 2256 separatIm.
3072 2195 3228 2236 nemo

675 2279 831 2339 enim
879 2279 1022 2338 dicit
1079 2277 1190 2338 ‘de
1235 2297 1368 2340 sero
1386 2281 1428 2348 ',
1486 2277 1593 2337 ‘de
1636 2277 1883 2348 modo';
1944 2277 2099 2338 unde
2143 2295 2253 2337 nec
2300 2277 2409 2337 ‘de
2451 2283 2659 2339 mane'
2706 2276 2905 2338 dicere
2947 2277 3224 2345 debemus,

672 2380 830 2461 quod
885 2380 1154 2461 plerique
1211 2381 1272 2440 in
1329 2398 1438 2441 usu
1495 2379 1733 2440 habent.
1824 2380 1924 2440 sed
1983 2381 2257 2459 quoniam
2315 2378 2564 2457 legimus
2620 2380 2815 2441 ‘dum
2872 2397 3071 2440 mane
3110 2398 3225 2440 no·

597 2488 885 2554 eovum’,
952 2483 1011 2542 id
1077 2491 1166 2542 est
1229 2483 1502 2562 quoniam
1574 2481 1823 2560 legimus
1878 2480 1991 2542 hoc
2047 2483 2238 2562 ipsum
2296 2499 2469 2541 mane
2522 2483 2639 2542 iam
2706 2499 2925 2542 nomen
2976 2483 3223 2542 ellectum

675 2585 881 2663 (genus
926 2585 1082 2644 enim
1129 2603 1248 2644 non
1293 2585 1503 2662 recipit
1546 2585 1659 2644 nisi
1703 2585 1973 2664 nomen),
2020 2583 2289 2644 videnlur
2334 2585 2389 2644 ei
2444 2583 2677 2644 adicere
2732 2603 2907 2664 posse
2949 2585 3223 2664 praeposi-

671 2687 912 2747 tionem.
974 2705 1158 2766 quare
1203 2688 1382 2746 tutius
1426 2684 1747 2765 loquuntur
1791 2687 1891 2764 qui
1943 2693 2001 2747 et
2042 2685 2229 2746 solum
2276 2684 2614 2746 adverbium
2646 2687 2773 2746 sine
2818 2687 3223 2766 praepositione

671 2797 929 2869 ponunt,
979 2797 1043 2850 ut
1087 2794 1294 2849 ‘mane
1337 2787 1559 2857 venit',
1609 2795 1667 2847 et
1710 2786 1945 2866 quando
1989 2786 2190 2849 volunt
2232 2786 2449 2847 addere
2495 2790 3014 2867 praepositionem,
3058 2805 3221 2866 genus

673 2893 1066 2970 coniungunt,
1124 2898 1192 2952 ut
1247 2888 1358 2950 ‘de
1417 2891 1610 2968 primo
1655 2908 1827 2951 mane
1872 2891 2099 2951 venio'.
2184 2891 2300 2950 iam
2346 2891 2503 2950 enim
2551 2908 2669 2950 non
2714 2891 2943 2952 videtur
2981 2893 3131 2968 iungi
3170 2889 3219 2946 ei

596 3017 647 3058 25
676 2995 828 3074 parti
874 2994 1156 3054 orationis
1201 3010 1350 3072 quae
1396 2999 1484 3051 est
1527 3010 1733 3070 mane,
1782 2990 1885 3052 sed
1930 3010 2081 3071 quae
2126 2999 2219 3052 est
2258 2993 2469 3071 primo.

1658 3214 1757 3275 DE
1800 3211 2239 3276 PARTICIPIO.

837 3351 1218 3431 participium
1264 3352 1482 3412 dictum
1529 3359 1644 3421 est,
1692 3351 1861 3430 quasi
1902 3352 2309 3430 particapium.
2396 3348 2576 3412 habet
2618 3351 2775 3411 enim
2820 3359 3013 3431 partes
3050 3369 3081 3409 a
3120 3367 3209 3408 no-

673 3456 831 3514 mine
877 3453 1048 3525 duaS,
1097 3472 1281 3532 genus
1327 3463 1386 3514 et
1429 3471 1657 3523 casum,
1705 3472 1739 3512 a
1785 3453 1966 3513 verbo
2010 3453 2180 3524 duaS,
2226 3461 2458 3532 tempus
2504 3461 2563 3513 et
2605 3453 3105 3532 significationem,
3144 3448 3209 3508 ab

672 3565 922 3634 utroque
967 3557 1139 3627 duaS,
1187 3573 1500 3617 numerum
1556 3563 1615 3614 et
1670 3555 1947 3634 figuram:
2008 3555 2140 3616 ideo
2196 3554 2269 3616 ab
2316 3563 2593 3634 utroque,
2642 3557 2918 3634 quoniam
2960 3567 3209 3616 numerus

595 3679 645 3720 ao
673 3667 731 3716 et
773 3659 958 3735 figura
1003 3665 1122 3718 tam
1167 3658 1393 3718 nomini
1439 3657 1714 3718 accidunt
1758 3676 1933 3738 quam
1979 3656 2188 3728 verbo;
2233 3656 2333 3717 illa
2376 3675 2515 3716 vero
2560 3655 2697 3718 bina
2743 3657 2835 3719 his
2878 3666 3088 3718 tantum
3124 3671 3205 3712 ac-

670 3760 897 3830 cidunt,
944 3777 977 3818 a
1021 3758 1231 3839 quibus
1276 3759 1605 3820 trahuntur.

839 3862 1070 3922 Genera
1124 3860 1573 3941 participiorum
1633 3869 1770 3923 sunt
1813 3862 1984 3931 haec,
2034 3860 2421 3922 masculinum
2468 3860 2819 3924 femininum
2864 3871 3116 3924 neutrum
3154 3865 3201 3916 et

671 3982 865 4026 omne.
955 3963 1342 4025 masculinum
1399 3965 1772 4043 participium
1831 3964 1892 4023 in
1949 3983 2017 4025 us
2076 3962 2291 4042 syllaba
2348 3965 2728 4035 terminatur,
2788 3965 3112 4025 femininum
3158 3977 3198 4022 a.

670 4075 944 4127 neutrum
989 4085 1120 4140 um,
1175 4074 1240 4126 ut
1281 4063 1468 4127 lectus
1511 4064 1660 4126 lecta
1707 4063 1952 4137 lectum,
2012 4063 2270 4126 lecturus
2324 4063 2548 4127 lectura
2592 4065 2914 4138 lecturum,
2957 4061 3201 4144 legendus

594 4191 644 4232 35
671 4169 918 4247 legenda
963 4167 1296 4246 legendum.
1368 4186 1503 4229 nam
1549 4167 1696 4228 haec
1740 4175 1877 4228 sunt
1921 4167 2036 4227 duo
2083 4176 2379 4247 tempora,
2426 4169 2813 4246 praeteritum
2858 4178 2916 4230 et
2958 4169 3197 4229 futurum.

668 4290 818 4352 quae
877 4289 1097 4349 genera
1150 4270 1472 4332 secundum
1533 4268 1766 4349 regulas
1821 4287 1966 4350 quas
2010 4269 2264 4331 diximus
2308 4269 2589 4331 dividunt.
2676 4273 3000 4350 praesentis
3038 4275 3195 4330 autem

811 4527 868 4581 11
909 4543 1195 4594 repugnare
1231 4541 1265 4584 ς
1300 4543 1533 4594 pugnare
1567 4528 1618 4577 P
1795 4528 1859 4577 12
1896 4529 1946 4577 in
1980 4527 2223 4594 filippicis
2256 4525 2337 4576 P.-
2372 4527 2417 4576 Π
2460 4525 2547 4588 30,
2581 4527 2647 4582 75
2787 4527 3034 4592 hospitum
3062 4521 3197 4572 ‹vde-r

672 4600 987 4648 Lavanlinus
1021 4602 1191 4664 Sergii
1209 4616 1265 4664 p.
1301 4600 1402 4653 521
1433 4599 1516 4650 ed.
1545 4599 1698 4650 Lina.
1846 4596 1909 4647 13
1936 4611 2284 4648 cornuomeres
2320 4597 2369 4644 P
2508 4595 2794 4664 Vergilius]
2844 4599 2967 4649 Aen.
3002 4595 3085 4643 llll
3116 4587 3195 4638 224

809 4669 874 4720 16
909 4672 1134 4718 semauit
1171 4683 1204 4725 ς
1239 4669 1442 4718 sanauit
1472 4669 1522 4717 Ρ
1663 4669 1725 4717 17
1764 4667 2022 4718 aduerbiis
2061 4669 2114 4716 id
2152 4677 2227 4716 est
2259 4666 2384 4715 solis
2420 4668 2601 4732 positis
2628 4681 2664 4723 5
2812 4667 2874 4718 19
2908 4661 3039 4728 dum]
3064 4663 3189 4722 l'ery.

663 4753 838 4802 year-9.
879 4740 942 4787 lll
979 4739 1082 4789 325
1219 4737 1288 4788 20
1315 4739 1368 4787 id
1405 4749 1480 4786 est
1511 4737 1606 4786 hoc
1641 4739 1811 4802 ipsum
1836 4752 1983 4786 mane
2022 4738 2121 4786 iam
2154 4752 2333 4786 nomen
2356 4738 2591 4786 effectum
2628 4745 2703 4786 est
2740 4751 2803 4793 ς.·
2824 4737 3041 4800 sortasse
3062 4731 3105 4781 id
3132 4733 3191 4776 esi

670 4811 906 4869 qnoniam
945 4807 1040 4854 lioc
1077 4809 1247 4873 ipsum
1279 4823 1424 4856 mane
1459 4809 1558 4856 iam
1598 4823 1777 4858 nomen
1838 4807 2071 4856 effectum
2118 4817 2193 4858 est
2369 4807 2435 4858 34
2486 4801 2724 4870 lecturus]
2769 4806 2979 4856 lecturos
3014 4803 3057 4852 P

667 4878 734 4928 35
771 4877 1096 4941 praeteritum
1133 4893 1168 4933 5
1201 4893 1445 4942 praesens
1484 4877 1532 4924 P
