3434 5442
686 361 810 425 466
1504 332 1512 340 ’
1850 353 2092 416 εΕιινιῐ

788 477 834 518 ρ.
861 465 975 506 1825.
1002 465 1052 505 2ss
1083 463 1125 505 v.
2852 475 2892 514 p.
2920 463 3011 502 3⁷0.
3034 463 3081 502 π
3104 463 3145 502 c.

1257 543 1510 603 Hermus
1554 540 1828 602 divitibus
1870 541 2137 622 superbit
2180 540 2371 602 uudiS.

863 643 874 727 Ι
921 645 1005 706 De
1049 645 1349 725 sapphico.
1411 644 1758 725 sapphicum
1790 651 2019 704 constat
2048 643 2355 712 trochaeo,
2404 643 2683 722 spondio,
2733 641 2989 722 dactylo,
3034 643 3225 704 duobus

689 747 1006 818 trochaeiS,
1051 755 1118 807 ut
1162 755 1252 808 est
1293 747 1440 816 hoc,

1259 849 1459 910 Faune
1503 847 1908 926 Nympharum
1954 856 2145 907 metus
2190 855 2249 907 et
2292 845 2577 928 voluptas,

635 967 660 1007 5
855 952 939 1013 De
984 953 1266 1012 saturnio.
1283 1009 1320 1044 Ι
1358 951 1687 1011 saturnium
1745 957 1974 1009 constat
2030 949 2281 1009 dimetro
2325 947 2580 1008 iambico
2626 945 2967 1008 catalectico
3010 955 3065 1008 et
3101 949 3225 1028 ithy-

685 1052 972 1134 phallico,
1018 1060 1084 1114 ut
1128 1060 1216 1114 est
1260 1053 1403 1125 hoc,

1257 1154 1364 1215 Isis
1406 1159 1680 1233 pererrat
1723 1151 1929 1213 orbem
1978 1151 2241 1214 crinibus
2285 1151 2559 1231 profusis.

856 1256 940 1317 De
985 1255 1366 1316 archilochio.
1458 1253 1883 1316 archilochium
1930 1260 2161 1314 constat
2214 1255 2590 1333 paroemiaco
2647 1263 2707 1315 et
2748 1253 3143 1334 ithyphallico,
3180 1265 3229 1314 ut

687 1366 776 1420 est
818 1358 959 1428 hoc,

611 1486 662 1527 10
1259 1460 1542 1519 remeavit
1583 1457 1658 1518 ab
1704 1476 1842 1518 arce
1888 1467 2171 1536 tyrannus
2217 1455 2470 1518 vultibus
2514 1459 2792 1518 cruentis,

860 1561 942 1622 De
975 1557 1472 1638 'encomiologicm
1550 1559 2081 1638 encomiologicum
2129 1566 2357 1620 constat
2400 1557 2683 1638 dactylica
2730 1569 2789 1619 et
2830 1559 3071 1620 iambica
3108 1579 3227 1639 pen·

687 1664 1053 1732 themimeri,
1099 1670 1165 1724 ut
1209 1671 1298 1724 est
1339 1661 1484 1732 hoc,

1265 1765 1526 1826 carmina
1571 1764 1724 1825 bella
1771 1765 1955 1842 magis
2000 1761 2173 1823 velim
2218 1781 2448 1824 sonare.

860 1867 944 1928 De
986 1865 1336 1945 iambelego.
1421 1864 1815 1944 iambelegum
1879 1874 2106 1926 constat
2159 1865 2615 1946 penthemimeri
2671 1863 2923 1926 iambica
2968 1873 3023 1924 et
3064 1863 3229 1943 dacty-

617 1996 668 2037 ιε,
695 1969 834 2040 lica,
879 1977 945 2030 ut
989 1977 1079 2030 est
1121 1969 1264 2038 hoc,

1265 2069 1457 2131 fontes
1500 2068 1764 2146 ligabant
1809 2069 2074 2148 gramina
2120 2067 2421 2139 laetificos.

855 2172 942 2234 De
998 2170 1236 2234 alcaico.
1326 2172 1609 2234 alcaicum
1667 2179 1897 2232 constat
1948 2171 2402 2251 penthemimeri
2459 2171 2709 2232 iambica
2770 2178 2831 2232 et
2886 2169 3101 2231 duobus
3150 2169 3229 2230 da·

691 2271 887 2354 ctyIiS,
931 2281 998 2334 ut
1041 2280 1132 2335 est
1174 2276 1314 2344 hoc,

1266 2393 1506 2436 carmen
1550 2374 1775 2436 relaxat
1817 2375 2010 2436 taedia
2054 2375 2330 2453 pectoris,

613 2505 666 2548 20
864 2477 948 2538 De
992 2474 1230 2538 alcaico.
1305 2475 1589 2538 alcaicum
1637 2485 1869 2538 constat
1912 2475 2144 2538 duobus
2188 2475 2430 2556 dactylis
2475 2485 2533 2537 et
2576 2475 2807 2538 duobus
2852 2475 3143 2546 trochaeis,
3182 2485 3233 2534 ut

692 2588 782 2641 est
826 2579 968 2649 hoc,

1261 2678 1400 2740 luna
1446 2679 1668 2741 rubens
1713 2681 2001 2760 zephyros
2044 2682 2321 2741 minatur.

860 2782 944 2843 De
1002 2780 1381 2844 archilochio.
1471 2779 1894 2842 archilochium
1953 2792 2182 2842 constat
2238 2790 2581 2844 tetrametro
2638 2783 2909 2844 bucolico
2967 2791 3023 2843 et
3074 2781 3233 2842 tribus

691 2885 986 2946 trochaeis
1007 2931 1022 2954 ,
1067 2890 1131 2946 ut
1174 2891 1265 2944 est
1305 2884 1420 2944 hoc
1439 2931 1454 2954 ,

620 3016 671 3058 25
1273 2984 1425 3046 linea
1470 2987 1729 3066 piscator
1772 2985 1881 3046 tibi
1924 2983 2183 3046 concidit
2223 2987 2288 3047 in
2330 2985 2625 3065 profunda
2668 2991 2851 3066 ponti.
2896 2983 2923 3070 ΙΙ

868 3089 952 3151 De
997 3085 1386 3168 gallia'mbico.
1477 3085 1913 3166 galliambicum
1960 3095 2190 3148 constat
2233 3087 2487 3148 dimetro
2531 3087 2784 3150 iambico
2830 3087 3150 3149 catalectico
3186 3097 3233 3146 et

693 3199 1011 3272 anapaesto
1055 3188 1146 3250 vel
1190 3189 1440 3269 spondio
1487 3206 1620 3250 cum
1666 3188 1899 3251 duobus
1940 3189 2180 3260 iambiS,
2228 3197 2294 3250 ut
2336 3198 2426 3251 est
2469 3190 2609 3260 hoc,

1267 3301 1474 3352 tenera
1518 3293 1811 3371 recrispat
1856 3307 1999 3351 aura
2042 3290 2329 3353 tremulos
2378 3295 2540 3353 sinus
2584 3292 2742 3353 freti.

863 3393 947 3454 De
994 3391 1374 3454 archilochio.
1463 3391 1888 3454 archilochium
1948 3400 2177 3454 constat
2217 3394 2678 3514 penthemimeri
2734 3392 3013 3474 dactylica
3066 3402 3117 3452 et
3164 3391 3235 3451 di·

619 3527 670 3569 30
697 3504 886 3558 metro
931 3493 1184 3557 iambico
1230 3497 1584 3566 acatalecw,
1633 3503 1697 3556 ut
1742 3504 1830 3555 est
1872 3494 2012 3566 hoc,

1269 3595 1464 3658 sidera
1508 3605 1720 3658 cuncta
1763 3599 1984 3658 micant
2028 3598 2243 3658 decore
2284 3595 2435 3658 lucis
2478 3616 2676 3660 aureo.

837 3871 862 3920 l
905 3869 1118 3920 isthmos
1151 3883 1186 3928 5
1325 3869 1568 3920 diditibus
1612 3871 1663 3920 P
1797 3871 1831 3919 2
1875 3871 2089 3936 spondio
2136 3885 2231 3920 om.
2268 3869 2538 3922 Putsclaius
2678 3873 2711 3922 5
2757 3873 3043 3922 catalectico
3093 3871 3237 3921 astim-

697 3939 868 3991 fallico
907 3940 959 3989 P
1091 3939 1123 3989 7
1160 3949 1396 4006 perperat
1431 3939 1608 3988 urbem
1641 3939 1690 3988 P
1826 3941 1860 3991 8
1900 3948 2098 3991 constat
2144 3939 2469 4005 partheniaco
2506 3953 2541 3996 5
2682 3951 2731 3991 et
2768 3941 3051 4007 stymfalico
3086 3941 3129 3991 P

701 4009 768 4064 10
803 4009 1061 4060 remeabat
1095 4009 1180 4066 P5
1319 4009 1380 4061 11
1421 4009 1929 4076 encomiumlogicum
1968 4011 2021 4061 Ν
2052 4011 2417 4078 aenitologium
2460 4023 2494 4066 5
2635 4011 3027 4077 penthemimere
3058 4011 3107 4060 N
3136 4023 3237 4076 pen·

701 4079 985 4130 thimimere
1011 4081 1064 4129 P
1203 4078 1268 4130 13
1303 4079 1460 4129 uelim
1497 4094 1680 4130 sonare
1717 4095 1751 4136 ς
1787 4079 1951 4130 belem
1986 4093 2169 4131 sonare
2214 4083 2267 4130 ἔτι
2298 4095 2459 4146 mar-9.
2495 4079 2620 4133 add.
2656 4080 2710 4129 N
2740 4081 2925 4132 bellem
2958 4095 3175 4134 sonarem
3206 4079 3244 4127 P

843 4151 906 4202 14
937 4149 1000 4199 de
1037 4149 1290 4200 iambilico
1327 4149 1636 4199 iambilicum
1672 4151 1726 4199 P
1828 4149 2213 4216 penthimimere
2242 4153 2293 4202 P
2325 4147 2687 4216 pentemimere
2718 4149 2767 4198 N
2909 4151 2973 4204 16
3007 4153 3243 4216 litigabant

699 4235 838 4274 corr.
876 4221 1107 4286 ligabant
1141 4221 1192 4270 N
1218 4219 1456 4286 rigabant
1496 4219 1570 4269 P.-
1603 4219 1838 4285 rigabant
1874 4222 2109 4287 gramina
2147 4220 2351 4272 laetifici
2384 4223 2597 4272 coniecit
2631 4222 2903 4274 Santeniua
3038 4221 3243 4288 gramine

699 4307 838 4344 corr.
876 4304 970 4339 -na
994 4289 1045 4338 Ν
1185 4289 1247 4340 17
1290 4290 1532 4339 alcaicum
1569 4290 1851 4356 spondeum
1889 4300 2084 4341 constat
2129 4291 2513 4356 penthemimeri
2556 4291 2835 4358 spondaica
2870 4307 2923 4344 et
2956 4293 3141 4342 duobus
3168 4290 3243 4339 da-

701 4363 846 4426 ctylis
881 4361 1170 4411 Putscln'us:
1219 4360 1464 4410 alcaicum
1509 4368 1709 4411 constat
1752 4361 2101 4425 pentimemeri
2144 4361 2393 4426 dactylica
2429 4369 2478 4411 et
2520 4361 2717 4412 duobus
2756 4361 3033 4424 trochaeis,
3065 4369 3114 4410 ut
3146 4361 3243 4408 luna

701 4432 890 4481 rubens
927 4429 1178 4496 zephyros
1213 4430 1563 4481 comminatur.
1602 4432 1847 4481 alcaicum
1875 4441 2072 4482 constat
2104 4433 2457 4497 pentimemeri
2492 4431 2709 4483 iambica
2740 4441 2789 4481 et
2812 4433 3009 4484 duobus
3038 4429 3241 4496 dactylis,

703 4509 758 4550 ut
795 4510 873 4550 est
909 4499 1022 4559 hoc,
1057 4515 1262 4550 carmen
1296 4500 1490 4551 relaxat
1521 4500 1661 4551 tedia
1676 4500 1940 4571 pectoris.
1992 4499 2353 4551 archilochium
2390 4515 2425 4558 5
2598 4502 2987 4569 penthimimere
3016 4503 3065 4552 P
3096 4509 3241 4567 peme-

701 4572 910 4620 mimere
945 4571 996 4619 Ν
1097 4572 1166 4621 22
1205 4571 1380 4620 zefuro
1415 4571 1468 4622 P
1575 4569 1642 4621 23
1675 4579 1963 4620 tetrametra
1999 4571 2222 4620 bucolice
2258 4573 2339 4622 P.-
2370 4579 2663 4624 tetrametro
2702 4573 2927 4623 bucolico
2956 4571 3238 4622 acatalectico

703 4639 1032 4705 ithyphallico
1083 4641 1246 4692 tribus
1285 4641 1540 4692 trochaeis
1569 4655 1604 4696 5
1744 4640 1814 4691 26
1849 4640 1915 4690 de
1950 4641 2265 4691 calliambico
2298 4641 2667 4692 calliamhicum
2708 4643 2759 4692 P
2894 4643 2963 4693 27
2997 4657 3103 4692 cum
3132 4640 3236 4688 duo-

703 4710 797 4760 bus
833 4709 1083 4760 trochaeis
1117 4720 1202 4760 aut
1233 4711 1414 4762 iambis
1451 4709 1721 4763 Paracletus
1892 4720 1947 4759 ut
1982 4718 2057 4760 est
2093 4711 2191 4761 hoc
2224 4727 2318 4764 om.
2350 4711 2401 4760 P
2607 4712 2675 4763 28
2708 4713 2894 4764 tenella
2930 4714 3106 4778 crispat
3136 4721 3235 4758 aum

703 4785 906 4830 teneros
937 4781 1080 4830 sinus
1115 4779 1230 4830 freti
1264 4781 1564 4832 Βαηιεηὰιε
1669 4781 1741 4833 29
1774 4781 1840 4831 tle
1875 4777 2180 4831 archilochio
2220 4809 2282 4818 —
2320 4780 2385 4832 31
2422 4797 2577 4832 aureo
2610 4797 2702 4832 om.
2733 4783 2783 4831 Ρ
2916 4781 3235 4849 pentemimrre

707 4848 754 4896 Ν
891 4847 959 4900 30
993 4848 1266 4899 acatalecto
1303 4867 1395 4902 om.
1431 4851 1499 4915 N,
1534 4851 1658 4902 add.
1693 4853 1963 4903 Smtenius
