3434 5442
586 307 626 366 4
1720 263 1985 368 'raoni

691 434 732 476 p.
761 421 877 462 ιω.
897 422 949 464 42
975 422 1024 463 ι».
2770 435 2815 475 ρ.
2846 422 2935 464 1⁰2.
2954 423 2982 464 a
3010 421 3059 462 L.

586 511 902 570 generum,
959 493 1262 554 masculini
1319 502 1378 555 et
1433 494 1727 564 seminini,
1790 493 1884 554 hic
1942 501 1999 554 et
2045 493 2189 556 haec
2242 494 2366 554 dies
2421 495 2595 555 huius
2648 494 2785 556 diei.
2872 513 2905 554 e
2948 501 3165 562 autem,

586 613 735 674 quae
778 602 912 656 ante
959 597 974 655 i
1016 604 1104 656 est
1145 597 1200 656 in
1251 595 1550 674 genetivo,
1607 602 1666 656 et
1701 595 2051 674 producitur
2094 603 2153 656 et
2197 597 2545 675 corripitur:
2605 607 2749 656 tunc
2795 595 3163 674 producitur,

585 716 718 758 cum
767 699 1153 758 nominativus
1206 697 1516 776 singularis
1562 715 1624 758 es
1668 715 1817 776 pura
1855 697 2141 776 producta
2193 696 2411 778 syllaba
2465 700 2849 768 terminatur,
2902 704 2968 758 ut
3014 698 3165 758 haec

583 801 766 861 series
808 800 982 860 huius
1022 801 1224 869 seriei;
1273 807 1412 860 tunc
1459 799 1805 878 corripitur,
1852 817 1987 860 cum
2032 819 2094 860 es
2140 799 2359 880 syllaba
2406 800 2582 862 habet
2628 809 2761 860 ante
2804 819 2867 861 se
2908 800 3165 879 aliquam

531 923 556 962 5
584 910 1000 962 consonantem
1044 904 1266 979 pariter
1310 901 1658 980 copulatam,
1702 910 1769 962 ut
1809 902 1953 962 fides
1996 902 2154 974 fidei,
2197 920 2295 963 res
2339 904 2445 971 rei,
2492 921 2629 982 spes
2671 905 2817 982 spei.

753 1004 947 1064 Prima
992 1003 1302 1064 declinatio
1353 1005 1610 1065 dativum
1653 1003 2013 1081 singularem
2054 1003 2313 1066 similem
2364 1007 2629 1084 genetivo
2688 1005 2861 1065 faciat
2920 1021 3206 1070 necesse,-

584 1113 672 1166 est
715 1123 785 1166 ae
827 1105 1192 1184 diphthongo
1232 1108 1628 1179 terminatum,
1675 1105 1814 1166 huic
1855 1113 2083 1185 poetae,
2125 1109 2517 1168 accusativum
2562 1125 2675 1182 am,
2714 1107 2873 1168 hunc
2907 1114 3165 1184 poetam,

581 1209 904 1268 vocativum
945 1227 997 1282 a,
1047 1227 1081 1267 o
1118 1215 1310 1286 poeta,
1355 1207 1668 1269 ablativum
1704 1227 1755 1282 a,
1802 1207 1875 1268 ab
1910 1208 2025 1270 hoc
2061 1216 2254 1288 poeta,
2298 1210 2711 1270 nominativum
2751 1216 2809 1268 et
2838 1209 3165 1269 vocativum

579 1308 868 1387 pluralem
927 1328 995 1370 ae
1042 1309 1434 1389 diphthongo,
1488 1310 1548 1371 hi
1599 1328 1634 1369 o
1681 1317 1917 1388 poetae,
1976 1312 2305 1387 genetivum
2346 1329 2512 1384 rum,
2570 1311 2785 1371 horum
2832 1317 3163 1389 poetarum,

506 1431 553 1471 ιο
580 1412 836 1472 dativum
877 1418 934 1472 et
968 1410 1283 1473 ablativum
1326 1417 1404 1486 ie,
1432 1412 1542 1498 ,¹¹1⁵
1588 1419 1660 1488 et,
1689 1411 1764 1472 ab
1805 1412 1896 1472 his
1940 1413 2156 1490 poetiS‚
2204 1414 2594 1474 accusativum
2640 1431 2739 1486 as,
2788 1411 2899 1472 hos
2938 1418 3165 1489 poetas,

579 1513 836 1574 secunda
892 1497 1225 1573 declinatio*
1257 1514 1512 1574 dativum
1571 1521 1630 1574 et
1679 1512 1995 1574 ablativum
2050 1514 2407 1591 singularem
2466 1533 2501 1574 o
2558 1517 2837 1576 terminat
2888 1515 2947 1573 in
3001 1513 3165 1572 omni

581 1633 828 1692 genere,
881 1614 1020 1675 huic
1066 1623 1124 1675 et
1167 1615 1238 1676 ab
1286 1615 1401 1676 hoc
1445 1617 1864 1694 grammatico,
1920 1616 2058 1676 huic
2102 1623 2161 1677 et
2204 1615 2277 1677 ab
2323 1616 2435 1677 hac
2482 1617 2739 1687 fraxino,
2800 1617 2937 1676 huic
2984 1623 3043 1675 et
3086 1614 3163 1674 ab

581 1717 694 1776 hoc
748 1733 963 1795 regno;
1023 1719 1430 1778 'accusativum
1491 1736 1624 1788 um,
1686 1718 1849 1778 hunc
1904 1720 2384 1796 grammaticum,
2449 1717 2980 1786 hanc.fraxinum‚
3046 1715 3165 1776 hoc

580 1835 863 1895 regnum:
939 1821 1265 1879 vocativum
1327 1821 1560 1898 generis
1627 1820 1863 1897 quidem
1918 1818 2223 1880 masculini
2280 1827 2383 1881 aut
2428 1839 2460 1880 e
2510 1831 2779 1898 correpta
2838 1827 2938 1880 aut
2988 1819 3039 1888 i,
3096 1827 3167 1878 ut

504 1941 553 1981 ιε»
579 1939 616 1980 o
655 1938 896 1998 magne,
947 1940 982 1981 o
1028 1920 1260 1981 Salusti;
1345 1923 1608 1982 invenies
1652 1923 1971 2000 antiquitus
2016 1930 2073 1982 et
2116 1940 2186 1983 us
2238 1921 2459 2002 syllaba
2511 1925 2887 1984 terminatum
2946 1921 3165 1981 vocati-

581 2041 714 2082 vum
747 2018 1156 2105 ‚sinngularem
1199 2024 1494 2085 secundae
1539 2023 1961 2092 declinationis
2014 2031 2081 2084 ut
2123 2023 2408 2102 Vergilius

985 2127 1328 2202 corniger
1373 2127 1851 2204 Hesperidum
1900 2124 2168 2186 fluvius

579 2244 688 2305 pro
754 2225 944 2286 ssuvie.
1047 2227 1310 2288 seminini
1377 2230 1611 2306 generis
1669 2228 1963 2290 secundae
2028 2227 2433 2290 declinationis
2500 2229 2791 2288 vocativus
2846 2226 3167 2306 singularis

471 2313 486 2326 ⁸
577 2347 811 2406 semper
860 2347 892 2389 e
946 2335 1224 2407 correpto
1277 2331 1650 2400 terminatur,
1715 2337 1784 2390 ut
1846 2349 1881 2388 o
1927 2329 2176 2399 fraxine‚
2246 2332 2437 2391 neutri
2494 2347 2621 2402 um,
2684 2335 2748 2392 ut
2804 2349 2839 2390 o
2885 2348 3163 2408 regnum.

499 2449 552 2490 20
579 2430 1002 2490 nominativum
1043 2435 1102 2491 et
1129 2432 1451 2492 vocativum
1496 2429 1784 2510 pluralem
1821 2433 2055 2509 generis
2100 2431 2403 2493 masculini
2448 2441 2507 2493 et
2544 2433 2857 2494 semininii
2891 2432 3031 2493 facit
3066 2449 3163 2492 se-

578 2531 770 2592 cunda
802 2531 1130 2603 declinatio,
1169 2531 1229 2592 bi
1260 2540 1318 2592 et
1353 2551 1388 2592 o
1420 2534 1700 2612 magistri,
1732 2535 1847 2596 hae
1876 2543 1933 2596 et
1960 2553 1995 2596 o
2033 2536 2263 2610 fraxini,
2305 2536 2499 2595 neutri
2530 2553 2581 2608 a,
2620 2536 2765 2596 haec
2793 2541 2851 2594 et
2878 2551 2915 2593 o
2944 2551 3161 2610 regna;

577 2635 910 2710 genetivum
955 2635 1013 2692 in
1053 2637 1213 2695 omni
1257 2653 1475 2712 genere
1517 2653 1684 2706 rum,
1728 2636 1941 2696 harum
1996 2637 2391 2706 fraxinorum;
2441 2636 2696 2698 dativum
2742 2643 2799 2697 et
2840 2634 3161 2696 ablativum

578 2738 626 2796 is
670 2737 728 2795 in
775 2737 936 2796 omni
990 2753 1238 2814 genere,
1297 2737 1389 2798 his
1445 2745 1502 2798 et
1560 2736 1632 2798 ab
1677 2737 1769 2798 his
1820 2740 2114 2815 magistris
2168 2739 2413 2799 fraxinis
2466 2740 2696 2815 regnis;
2762 2740 3161 2800 accusativum

579 2840 810 2915 generis
855 2836 1164 2900 masculini
1208 2846 1264 2899 et
1305 2839 1563 2900 seminini
1607 2859 1693 2908 os,
1734 2840 1843 2901 hos
1889 2843 2301 2918 grammaticos
2344 2841 2635 2909 fraxinos,
2680 2843 2875 2901 neutri
2922 2859 3063 2902 vero
3102 2861 3159 2915 a,

498 2959 549 2998 25
577 2939 723 3000 haec
762 2938 964 3017 regna.
1055 2941 1258 3001 tertiae
1297 2940 1699 3002 declinationis
1755 2941 1982 3002 dativus
2026 2941 2336 3018 singularis
2386 2945 2447 3002 in
2492 2943 2652 3002 omni
2696 2960 2915 3021 genere
2960 2946 2978 3003 i
3024 2945 3163 3004 fini·

575 3048 690 3110 tur,
737 3041 874 3101 huic
917 3041 1237 3112 sacerdoti,
1283 3042 1420 3102 huic
1465 3043 1742 3112 carmini;
1790 3045 2152 3105 accusativus
2188 3046 2422 3123 generis
2468 3045 2703 3124 quidem
2747 3042 3053 3106 masculini
3099 3055 3163 3106 et

573 3143 838 3204 feminini
878 3162 990 3214 em,
1039 3143 1199 3204 hunc
1244 3153 1302 3206 et
1344 3144 1496 3205 hanc
1538 3146 1927 3217 sacerdotem,
1972 3145 2181 3230 neultni
2224 3166 2363 3208 vero
2402 3146 2607 3208 similis
2652 3149 2763 3208 erit
2800 3149 3161 3208 nominativo

575 3251 632 3304 et
674 3247 967 3316 vocativo,
1011 3245 1125 3306 hoc
1167 3265 1428 3308 carmen.
1518 3249 1812 3310 vocativus
1855 3250 2087 3326 generis
2140 3249 2329 3310 omnis
2372 3249 2575 3310 similis
2620 3250 2732 3309 erit
2778 3250 3160 3318 nominativo,

575 3364 610 3405 o
657 3347 950 3415 sacerdos,
995 3367 1030 3408 o
1075 3365 1334 3409 carmen.
1421 3348 1706 3411 ablativus
1752 3351 1812 3410 in
1857 3367 2076 3427 genere
2118 3350 2444 3411 masculino
2500 3351 2591 3411 vel
2645 3350 2927 3412 feminino
2984 3359 3085 3412 aut
3122 3373 3159 3414 e

497 3466 548 3507 ao
576 3455 846 3527 correpta
893 3449 1329 3520 terminabitur,
1375 3458 1440 3511 ut
1481 3451 1556 3512 ab
1601 3452 1715 3512 hoc
1754 3460 1811 3514 et
1852 3452 1924 3513 ab
1960 3451 2080 3528 ‘hac
2114 3451 2435 3525 sacerdote,
2489 3460 2588 3512 aut
2622 3454 2661 3522 i,
2708 3461 2775 3514 ut
2818 3453 2893 3514 ab
2938 3453 3053 3513 hoc
3096 3463 3161 3515 et

575 3549 648 3610 ab
695 3550 805 3610 hac
844 3551 1008 3628 agili;
1057 3553 1114 3611 in
1157 3569 1376 3628 genere
1421 3560 1633 3613 neutro
1673 3571 1909 3632 semper
1954 3573 1987 3614 e
2029 3561 2335 3633 correpto,
2384 3563 2448 3615 ut
2490 3555 2563 3615 ab
2604 3555 2719 3616 hoc
2761 3557 3039 3624 carmine,
3078 3555 3157 3615 ab

573 3651 687 3710 hoc
726 3669 920 3712 suave.
1011 3654 1427 3714 nominativum
1465 3657 1861 3716 accusativum
1906 3663 1962 3716 et
1998 3658 2315 3718 vocativum
2357 3656 2613 3735 plurales
2652 3659 3159 3736 generis'mascu-

574 3750 672 3812 lini
720 3759 778 3812 et
817 3752 1078 3815 seminini
1117 3774 1180 3815 es
1218 3756 1502 3834 produ-cta
1546 3755 1765 3836 syllaba
1827 3758 2167 3819 terminabit
2208 3760 2377 3819 tertia
2422 3758 2762 3830 declinatio,
2824 3759 2885 3820 hi
2921 3769 2981 3820 et
3020 3759 3157 3835 hae,

573 3854 682 3913 hos
723 3865 780 3914 et
823 3855 927 3915 has
973 3866 1030 3916 et
1074 3876 1107 3916 o
1143 3859 1509 3928 sacerdoteS‚
1555 3859 1853 3919 interdum
1894 3863 2283 3921 accusativum
2328 3861 2401 3926 is,
2448 3867 2513 3920 ut
2554 3860 2663 3920 hos
2708 3870 2765 3922 et
2807 3859 2914 3922 has
2957 3861 3157 3941 agilis;

495 3974 545 4014 aa
573 3958 768 4017 neutri
805 3975 940 4017 vero
981 3977 1032 4026 a,
1077 3966 1140 4018 ut
1173 3959 1320 4020 haec
1359 3966 1416 4020 et
1459 3979 1494 4020 o
1527 3962 1819 4021 carmina:
1858 3963 2191 4039 genetivum
2230 3963 2287 4021 in
2318 3963 2477 4022 omni
2516 3979 2736 4039 genere
2774 3980 2893 4034 um,
2936 3963 3157 4025 horum

575 4067 632 4118 et
677 4059 886 4118 harum
937 4061 1340 4133 sacerdotum,
1395 4061 1609 4122 horum
1667 4065 2030 4136 carminum,
2084 4063 2337 4125 dativum
2395 4071 2453 4125 et
2506 4063 2819 4126 ablativum
2876 4067 2933 4125 in
2992 4068 3157 4128 omni

573 4177 790 4238 genere
830 4160 959 4232 bus,
1006 4162 1094 4223 liis
1138 4172 1196 4223 et
1231 4162 1304 4228 ab
1352 4161 1442 4223 his
1477 4164 1903 4228 sacerdotibus:
1995 4173 2199 4245 quarta
2240 4164 2547 4228 declinatio
2591 4167 2847 4228 dativum
2892 4167 3157 4246 singula—

709 4367 740 4415 7
775 4375 894 4429 post
927 4367 1044 4416 huic
1079 4377 1258 4433 poetae
1303 4371 1692 4432 superscriptum
1724 4376 1801 4419 est
1831 4367 1950 4419 huic
1984 4385 2186 4432 musae,
2243 4373 2357 4422 item
2400 4380 2518 4434 post
2550 4371 2683 4421 hunc
2726 4379 2926 4438 poetam
2969 4387 3155 4436 cuper—

572 4437 807 4497 sert'pmm
846 4437 976 4486 hauc
1005 4453 1199 4487 mnsam
1235 4441 1285 4488 in
1318 4440 1369 4489 B
1531 4441 1562 4490 8
1601 4455 1628 4487 a
1664 4441 1727 4488 ab
1753 4439 1846 4489 hoc
1880 4449 2033 4505 poeta
2061 4443 2153 4491 sed
2178 4443 2440 4507 producto.
2478 4443 2541 4491 ab
2572 4441 2667 4491 hac
2690 4442 2893 4494 fortuna
2919 4446 3157 4494 nomina-

575 4505 732 4553 tiuum
765 4507 816 4555 B
852 4522 880 4555 a
912 4508 1000 4556 sed
1029 4509 1276 4573 producto
1315 4510 1376 4557 ab
1413 4508 1510 4558 hoc
1549 4519 1694 4574 poeta
1736 4511 1798 4556 ab
1834 4509 1929 4558 hac
1963 4510 2179 4560 fortuna.
2220 4513 2585 4561 nominatiuum
2628 4525 2663 4568 ς
2794 4512 2858 4563 10
2892 4514 2937 4562 is
2975 4529 3068 4564 om.
3099 4515 3155 4564 B

711 4591 768 4622 as
806 4589 896 4624 om.
937 4577 986 4625 B
1133 4581 1191 4628 14
1224 4586 1340 4640 post
1375 4586 1460 4626 aut
1495 4581 1510 4627 i
1551 4582 1601 4628 in
1639 4581 1678 4627 Β
1714 4582 2068 4644 super-scripta
2103 4591 2219 4632 sunt
2253 4584 2408 4640 haec,
2454 4583 2533 4631 uel
2566 4584 2779 4632 similem
2813 4584 3150 4643 nominarint),

569 4646 681 4693 item
710 4653 830 4707 post
873 4645 1056 4694 Salusti
1097 4651 1148 4696 in
1185 4651 1408 4712 margine
1442 4651 1702 4711 adso-ipsa
1737 4651 1888 4706 haec,
1935 4664 1965 4699 o
1993 4667 2121 4717 puer
2158 4651 2389 4701 feminini
2417 4667 2619 4718 semper
2662 4671 2689 4701 e
2722 4663 2954 4718 correpto
2986 4669 3015 4702 o
3042 4653 3151 4703 fra-

570 4717 690 4763 xine
739 4718 898 4764 neutri
939 4731 1020 4764 um
1060 4730 1090 4765 o
1132 4718 1312 4766 bellum
1487 4719 1551 4768 16
1594 4716 1875 4784 Vergilius]
1911 4721 2043 4770 Aen.
2078 4723 2191 4770 Vlll
2228 4724 2295 4773 77
2468 4723 2532 4773 21
2582 4723 2921 4772 declinatione
2963 4723 3011 4773 B

573 4784 670 4834 hae
706 4800 798 4838 om.
839 4784 884 4833 B
1009 4785 1077 4836 33
1114 4787 1410 4836 terminatur
1441 4803 1576 4838 corr.
1617 4790 1908 4839 termiuauit
1930 4791 1981 4840 B
