<?xml version="1.0" encoding="UTF-8"?>
<!DOCTYPE html PUBLIC "-//W3C//DTD XHTML 1.0 Transitional//EN"
    "http://www.w3.org/TR/xhtml1/DTD/xhtml1-transitional.dtd">
<html xmlns="http://www.w3.org/1999/xhtml" xml:lang="en" lang="en">
 <head>
  <title>
</title>
<meta http-equiv="Content-Type" content="text/html;charset=utf-8" />
  <meta name='ocr-system' content='tesseract 3.04.00' />
  <meta name='ocr-capabilities' content='ocr_page ocr_carea ocr_par ocr_line ocrx_word'/>
</head>
<body>
  <div class='ocr_page' id='page_1' title='image "./grammaticilatin01unkngoog_0512.png"; bbox 0 0 3434 5442; ppageno 0'>
   <div class='ocr_carea' id='block_1_1' title="bbox 1121 320 2778 387">
    <p class='ocr_par' dir='ltr' id='par_1_1' title="bbox 1121 320 2778 387">
     <span class='ocr_line' id='line_1_1' title="bbox 1121 320 2778 387; baseline -0.001 -4"><span class='ocrx_word' id='word_1_1' title='bbox 1121 321 1217 383; x_wconf 85' lang='lat' dir='ltr'><strong>DE</strong></span> <span class='ocrx_word' id='word_1_2' title='bbox 1262 320 1651 382; x_wconf 84' lang='lat' dir='ltr'><strong>FINALlBVS</strong></span> <span class='ocrx_word' id='word_1_3' title='bbox 1698 324 1885 387; x_wconf 88' lang='lat'><strong>3—6</strong></span> <span class='ocrx_word' id='word_1_4' title='bbox 2660 321 2778 383; x_wconf 84' lang='lat'><strong>451</strong></span> 
     </span>
    </p>
   </div>
   <div class='ocr_carea' id='block_1_2' title="bbox 199 423 2885 2318">
    <p class='ocr_par' dir='ltr' id='par_1_2' title="bbox 199 423 2845 1304">
     <span class='ocr_line' id='line_1_2' title="bbox 305 423 2683 482; baseline -0.003 -10"><span class='ocrx_word' id='word_1_5' title='bbox 305 441 352 482; x_wconf 78' lang='lat' dir='ltr'><strong>p.</strong></span> <span class='ocrx_word' id='word_1_6' title='bbox 381 430 500 472; x_wconf 77' lang='lat'><strong>1811.</strong></span> <span class='ocrx_word' id='word_1_7' title='bbox 527 431 577 470; x_wconf 70' lang='grc' dir='ltr'><strong>η</strong></span> <span class='ocrx_word' id='word_1_8' title='bbox 607 429 652 472; x_wconf 78' lang='lat' dir='ltr'><strong>r.</strong></span> <span class='ocrx_word' id='word_1_9' title='bbox 2359 437 2402 476; x_wconf 75' lang='lat' dir='ltr'><strong>p.</strong></span> <span class='ocrx_word' id='word_1_10' title='bbox 2430 425 2519 468; x_wconf 71' lang='grc'><strong>493.</strong></span> <span class='ocrx_word' id='word_1_11' title='bbox 2548 425 2599 465; x_wconf 67' lang='grc'><strong>94</strong></span> <span class='ocrx_word' id='word_1_12' title='bbox 2626 423 2683 466; x_wconf 68' lang='grc' dir='ltr'><strong>ν.</strong></span> 
     </span>
     <span class='ocr_line' id='line_1_3' title="bbox 201 506 2785 579; baseline -0.002 -11"><span class='ocrx_word' id='word_1_13' title='bbox 201 508 336 570; x_wconf 85' lang='lat' dir='ltr'><strong>lavo</strong></span> <span class='ocrx_word' id='word_1_14' title='bbox 395 508 510 571; x_wconf 87' lang='lat' dir='ltr'><strong>lavi</strong></span> <span class='ocrx_word' id='word_1_15' title='bbox 561 508 816 570; x_wconf 84' lang='lat' dir='ltr'><strong>laveram</strong></span> <span class='ocrx_word' id='word_1_16' title='bbox 873 506 1072 569; x_wconf 88' lang='lat' dir='ltr'><strong>lavero</strong></span> <span class='ocrx_word' id='word_1_17' title='bbox 1094 555 1111 579; x_wconf 95' lang='lat'><strong>,</strong></span> <span class='ocrx_word' id='word_1_18' title='bbox 1167 506 1300 569; x_wconf 87' lang='lat' dir='ltr'><strong>odio</strong></span> <span class='ocrx_word' id='word_1_19' title='bbox 1355 507 1454 568; x_wconf 91' lang='lat' dir='ltr'><strong>odi</strong></span> <span class='ocrx_word' id='word_1_20' title='bbox 1509 507 1750 568; x_wconf 84' lang='lat' dir='ltr'><strong>oderam</strong></span> <span class='ocrx_word' id='word_1_21' title='bbox 1808 506 2018 575; x_wconf 88' lang='lat' dir='ltr'><strong>odero,</strong></span> <span class='ocrx_word' id='word_1_22' title='bbox 2080 525 2149 566; x_wconf 92' lang='lat' dir='ltr'><strong>eo</strong></span> <span class='ocrx_word' id='word_1_23' title='bbox 2207 507 2286 566; x_wconf 89' lang='lat' dir='ltr'><strong>ivi</strong></span> <span class='ocrx_word' id='word_1_24' title='bbox 2340 507 2561 566; x_wconf 88' lang='lat' dir='ltr'><strong>iveram</strong></span> <span class='ocrx_word' id='word_1_25' title='bbox 2604 507 2785 576; x_wconf 89' lang='lat' dir='ltr'><strong>iver0,</strong></span> 
     </span>
     <span class='ocr_line' id='line_1_4' title="bbox 201 609 2787 688; baseline -0.002 -16"><span class='ocrx_word' id='word_1_26' title='bbox 201 613 337 673; x_wconf 87' lang='lat' dir='ltr'><strong>sino</strong></span> <span class='ocrx_word' id='word_1_27' title='bbox 391 613 503 672; x_wconf 81' lang='lat' dir='ltr'><strong>sivi</strong></span> <span class='ocrx_word' id='word_1_28' title='bbox 555 613 808 672; x_wconf 79' lang='lat' dir='ltr'>siveram</span> <span class='ocrx_word' id='word_1_29' title='bbox 863 611 1082 680; x_wconf 89' lang='lat' dir='ltr'><strong>sivero,</strong></span> <span class='ocrx_word' id='word_1_30' title='bbox 1139 627 1274 670; x_wconf 89' lang='lat' dir='ltr'><strong>sero</strong></span> <span class='ocrx_word' id='word_1_31' title='bbox 1327 611 1450 670; x_wconf 87' lang='lat' dir='ltr'><strong>sevi</strong></span> <span class='ocrx_word' id='word_1_32' title='bbox 1503 627 1767 671; x_wconf 85' lang='lat' dir='ltr'><strong>severam</strong></span> <span class='ocrx_word' id='word_1_33' title='bbox 1823 627 2045 678; x_wconf 90' lang='lat' dir='ltr'><strong>severo,</strong></span> <span class='ocrx_word' id='word_1_34' title='bbox 2093 627 2244 688; x_wconf 91' lang='lat' dir='ltr'><strong>queo</strong></span> <span class='ocrx_word' id='word_1_35' title='bbox 2289 610 2445 688; x_wconf 88' lang='lat' dir='ltr'><strong>quivi</strong></span> <span class='ocrx_word' id='word_1_36' title='bbox 2488 609 2787 688; x_wconf 80' lang='lat' dir='ltr'><strong>quiveram</strong></span> 
     </span>
     <span class='ocr_line' id='line_1_5' title="bbox 201 709 2792 793; baseline -0.003 -19"><span class='ocrx_word' id='word_1_37' title='bbox 201 715 482 793; x_wconf 78' lang='lat' dir='ltr'><strong>quivero,</strong></span> <span class='ocrx_word' id='word_1_38' title='bbox 531 730 710 774; x_wconf 83' lang='lat' dir='ltr'><strong>caveo</strong></span> <span class='ocrx_word' id='word_1_39' title='bbox 755 713 880 773; x_wconf 85' lang='lat' dir='ltr'><strong>cavi</strong></span> <span class='ocrx_word' id='word_1_40' title='bbox 924 729 1192 772; x_wconf 81' lang='lat' dir='ltr'>caveram</span> <span class='ocrx_word' id='word_1_41' title='bbox 1237 729 1466 772; x_wconf 87' lang='lat' dir='ltr'><strong>cavero.</strong></span> <span class='ocrx_word' id='word_1_42' title='bbox 1526 712 1666 772; x_wconf 90' lang='lat' dir='ltr'><strong>item</strong></span> <span class='ocrx_word' id='word_1_43' title='bbox 1713 717 1920 770; x_wconf 89' lang='lat' dir='ltr'><strong>contra</strong></span> <span class='ocrx_word' id='word_1_44' title='bbox 1963 711 2344 771; x_wconf 81' lang='lat' dir='ltr'><strong>inveniuntur</strong></span> <span class='ocrx_word' id='word_1_45' title='bbox 2384 709 2595 780; x_wconf 82' lang='lat' dir='ltr'><strong>verba,</strong></span> <span class='ocrx_word' id='word_1_46' title='bbox 2642 725 2792 789; x_wconf 91' lang='lat' dir='ltr'><strong>quae</strong></span> 
     </span>
     <span class='ocr_line' id='line_1_6' title="bbox 199 811 2797 895; baseline -0.002 -20"><span class='ocrx_word' id='word_1_47' title='bbox 199 818 262 876; x_wconf 90' lang='lat' dir='ltr'><strong>in</strong></span> <span class='ocrx_word' id='word_1_48' title='bbox 322 816 629 895; x_wconf 80' lang='lat' dir='ltr'><strong>praesenti</strong></span> <span class='ocrx_word' id='word_1_49' title='bbox 681 822 950 893; x_wconf 90' lang='lat' dir='ltr'><strong>tempore</strong></span> <span class='ocrx_word' id='word_1_50' title='bbox 1004 813 1290 892; x_wconf 89' lang='lat' dir='ltr'><strong>producta</strong></span> <span class='ocrx_word' id='word_1_51' title='bbox 1345 821 1482 874; x_wconf 88' lang='lat' dir='ltr'><strong>sunt</strong></span> <span class='ocrx_word' id='word_1_52' title='bbox 1537 820 1596 873; x_wconf 91' lang='lat' dir='ltr'><strong>et</strong></span> <span class='ocrx_word' id='word_1_53' title='bbox 1648 813 1710 871; x_wconf 94' lang='lat' dir='ltr'><strong>in</strong></span> <span class='ocrx_word' id='word_1_54' title='bbox 1770 813 2093 892; x_wconf 89' lang='lat' dir='ltr'><strong>praeterito</strong></span> <span class='ocrx_word' id='word_1_55' title='bbox 2138 811 2504 882; x_wconf 78' lang='lat' dir='ltr'>breviantur,</span> <span class='ocrx_word' id='word_1_56' title='bbox 2552 820 2616 872; x_wconf 92' lang='lat' dir='ltr'><strong>ut</strong></span> <span class='ocrx_word' id='word_1_57' title='bbox 2658 818 2797 871; x_wconf 90' lang='lat' dir='ltr'><strong>sunt</strong></span> 
     </span>
     <span class='ocr_line' id='line_1_7' title="bbox 203 912 2845 995; baseline -0.002 -17"><span class='ocrx_word' id='word_1_58' title='bbox 203 917 388 986; x_wconf 88' lang='lat' dir='ltr'><strong>haec,</strong></span> <span class='ocrx_word' id='word_1_59' title='bbox 449 933 606 995; x_wconf 86' lang='lat' dir='ltr'><strong>pono</strong></span> <span class='ocrx_word' id='word_1_60' title='bbox 662 917 864 995; x_wconf 91' lang='lat' dir='ltr'><strong>posui,</strong></span> <span class='ocrx_word' id='word_1_61' title='bbox 933 933 1082 994; x_wconf 87' lang='lat' dir='ltr'><strong>cogo</strong></span> <span class='ocrx_word' id='word_1_62' title='bbox 1139 915 1335 992; x_wconf 84' lang='lat' dir='ltr'><strong>coegi,</strong></span> <span class='ocrx_word' id='word_1_63' title='bbox 1393 913 1470 974; x_wconf 91' lang='lat' dir='ltr'><strong>do</strong></span> <span class='ocrx_word' id='word_1_64' title='bbox 1525 913 1690 985; x_wconf 88' lang='lat' dir='ltr'><strong>dedi,</strong></span> <span class='ocrx_word' id='word_1_65' title='bbox 1744 923 1836 975; x_wconf 87' lang='lat' dir='ltr'><strong>sto</strong></span> <span class='ocrx_word' id='word_1_66' title='bbox 1891 917 2047 976; x_wconf 90' lang='lat' dir='ltr'><strong>steti.</strong></span> <span class='ocrx_word' id='word_1_67' title='bbox 2135 915 2276 974; x_wconf 88' lang='lat' dir='ltr'><strong>item</strong></span> <span class='ocrx_word' id='word_1_68' title='bbox 2343 915 2537 974; x_wconf 89' lang='lat' dir='ltr'><strong>omnia</strong></span> <span class='ocrx_word' id='word_1_69' title='bbox 2594 912 2791 982; x_wconf 88' lang='lat' dir='ltr'><strong>verba,</strong></span> <span class='ocrx_word' id='word_1_70' title='bbox 2821 927 2845 965; x_wconf 81' lang='lat'><strong>5</strong></span> 
     </span>
     <span class='ocr_line' id='line_1_8' title="bbox 203 1011 2796 1098; baseline -0 -23"><span class='ocrx_word' id='word_1_71' title='bbox 203 1032 362 1093; x_wconf 89' lang='lat' dir='ltr'><strong>quae</strong></span> <span class='ocrx_word' id='word_1_72' title='bbox 404 1017 471 1076; x_wconf 91' lang='lat' dir='ltr'><strong>in</strong></span> <span class='ocrx_word' id='word_1_73' title='bbox 513 1017 848 1098; x_wconf 89' lang='lat' dir='ltr'><strong>praeteritis</strong></span> <span class='ocrx_word' id='word_1_74' title='bbox 891 1023 1335 1087; x_wconf 88' lang='lat' dir='ltr'><strong>antecrescunt,</strong></span> <span class='ocrx_word' id='word_1_75' title='bbox 1393 1017 1454 1075; x_wconf 90' lang='lat' dir='ltr'><strong>in</strong></span> <span class='ocrx_word' id='word_1_76' title='bbox 1499 1015 1708 1097; x_wconf 89' lang='lat' dir='ltr'><strong>primis</strong></span> <span class='ocrx_word' id='word_1_77' title='bbox 1752 1011 1991 1094; x_wconf 76' lang='lat' dir='ltr'>syllabis</span> <span class='ocrx_word' id='word_1_78' title='bbox 2035 1015 2407 1087; x_wconf 84' lang='lat' dir='ltr'>breviantur,</span> <span class='ocrx_word' id='word_1_79' title='bbox 2457 1024 2521 1074; x_wconf 90' lang='lat' dir='ltr'><strong>ut</strong></span> <span class='ocrx_word' id='word_1_80' title='bbox 2563 1013 2796 1094; x_wconf 89' lang='lat' dir='ltr'><strong>pendeo</strong></span> 
     </span>
     <span class='ocr_line' id='line_1_9' title="bbox 201 1117 2797 1198; baseline 0.001 -24"><span class='ocrx_word' id='word_1_81' title='bbox 201 1118 502 1198; x_wconf 84' lang='lat' dir='ltr'><strong>pependi,</strong></span> <span class='ocrx_word' id='word_1_82' title='bbox 569 1119 785 1180; x_wconf 80' lang='lat' dir='ltr'><strong>tondeo</strong></span> <span class='ocrx_word' id='word_1_83' title='bbox 850 1117 1106 1187; x_wconf 86' lang='lat' dir='ltr'><strong>totondi,</strong></span> <span class='ocrx_word' id='word_1_84' title='bbox 1175 1135 1357 1197; x_wconf 86' lang='lat' dir='ltr'><strong>posco</strong></span> <span class='ocrx_word' id='word_1_85' title='bbox 1422 1119 1695 1197; x_wconf 80' lang='lat' dir='ltr'><strong>poposci,</strong></span> <span class='ocrx_word' id='word_1_86' title='bbox 1765 1135 1941 1178; x_wconf 91' lang='lat' dir='ltr'><strong>curro</strong></span> <span class='ocrx_word' id='word_1_87' title='bbox 2000 1120 2263 1189; x_wconf 90' lang='lat' dir='ltr'><strong>cucurri,</strong></span> <span class='ocrx_word' id='word_1_88' title='bbox 2319 1117 2499 1179; x_wconf 88' lang='lat' dir='ltr'><strong>tendo</strong></span> <span class='ocrx_word' id='word_1_89' title='bbox 2554 1117 2797 1188; x_wconf 87' lang='lat' dir='ltr'><strong>tetendi,</strong></span> 
     </span>
     <span class='ocr_line' id='line_1_10' title="bbox 204 1215 792 1304; baseline 0.002 -24"><span class='ocrx_word' id='word_1_90' title='bbox 204 1220 408 1300; x_wconf 86' lang='lat' dir='ltr'><strong>pendo</strong></span> <span class='ocrx_word' id='word_1_91' title='bbox 455 1220 730 1302; x_wconf 87' lang='lat' dir='ltr'><strong>pependi.</strong></span> <span class='ocrx_word' id='word_1_92' title='bbox 763 1215 792 1304; x_wconf 75' lang='grc' dir='ltr'>Η</span> 
     </span>
    </p>

    <p class='ocr_par' dir='ltr' id='par_1_3' title="bbox 201 1319 2885 2318">
     <span class='ocr_line' id='line_1_11' title="bbox 379 1319 2806 1410; baseline -0 -28"><span class='ocrx_word' id='word_1_93' title='bbox 379 1321 606 1384; x_wconf 80' lang='lat' dir='ltr'><strong>Medias</strong></span> <span class='ocrx_word' id='word_1_94' title='bbox 646 1319 900 1410; x_wconf 76' lang='lat' dir='ltr'>syllabas</span> <span class='ocrx_word' id='word_1_95' title='bbox 929 1320 1119 1383; x_wconf 90' lang='lat' dir='ltr'><strong>tribus</strong></span> <span class='ocrx_word' id='word_1_96' title='bbox 1161 1321 1350 1384; x_wconf 87' lang='lat' dir='ltr'><strong>modis</strong></span> <span class='ocrx_word' id='word_1_97' title='bbox 1395 1324 1834 1400; x_wconf 81' lang='lat' dir='ltr'><strong>cognoscimuS,</strong></span> <span class='ocrx_word' id='word_1_98' title='bbox 1877 1325 2169 1402; x_wconf 85' lang='lat' dir='ltr'><strong>positione</strong></span> <span class='ocrx_word' id='word_1_99' title='bbox 2215 1330 2275 1383; x_wconf 91' lang='lat' dir='ltr'><strong>et</strong></span> <span class='ocrx_word' id='word_1_100' title='bbox 2317 1321 2699 1402; x_wconf 83' lang='lat' dir='ltr'><strong>diphthongis</strong></span> <span class='ocrx_word' id='word_1_101' title='bbox 2744 1328 2806 1382; x_wconf 88' lang='lat' dir='ltr'><strong>et</strong></span> 
     </span>
     <span class='ocr_line' id='line_1_12' title="bbox 201 1422 2877 1504; baseline 0 -20"><span class='ocrx_word' id='word_1_102' title='bbox 201 1431 485 1486; x_wconf 84' lang='lat' dir='ltr'><strong>accentu.</strong></span> <span class='ocrx_word' id='word_1_103' title='bbox 574 1424 679 1486; x_wconf 89' lang='lat' dir='ltr'><strong>sed</strong></span> <span class='ocrx_word' id='word_1_104' title='bbox 736 1423 810 1484; x_wconf 89' lang='lat' dir='ltr'><strong>de</strong></span> <span class='ocrx_word' id='word_1_105' title='bbox 863 1422 1156 1502; x_wconf 73' lang='lat' dir='ltr'><strong>positione</strong></span> <span class='ocrx_word' id='word_1_106' title='bbox 1220 1429 1280 1483; x_wconf 92' lang='lat' dir='ltr'><strong>et</strong></span> <span class='ocrx_word' id='word_1_107' title='bbox 1342 1422 1725 1503; x_wconf 86' lang='lat' dir='ltr'><strong>diphthongis</strong></span> <span class='ocrx_word' id='word_1_108' title='bbox 1790 1443 1967 1504; x_wconf 89' lang='lat' dir='ltr'><strong>supra</strong></span> <span class='ocrx_word' id='word_1_109' title='bbox 2033 1425 2432 1485; x_wconf 83' lang='lat' dir='ltr'><strong>tractavimus.</strong></span> <span class='ocrx_word' id='word_1_110' title='bbox 2523 1431 2800 1485; x_wconf 89' lang='lat' dir='ltr'><strong>accentus</strong></span> <span class='ocrx_word' id='word_1_111' title='bbox 2828 1437 2877 1476; x_wconf 86' lang='lat'><strong>10</strong></span> 
     </span>
     <span class='ocr_line' id='line_1_13' title="bbox 201 1519 2809 1606; baseline -0 -20"><span class='ocrx_word' id='word_1_112' title='bbox 201 1535 412 1587; x_wconf 87' lang='lat' dir='ltr'><strong>autem</strong></span> <span class='ocrx_word' id='word_1_113' title='bbox 483 1533 572 1588; x_wconf 88' lang='lat' dir='ltr'><strong>est</strong></span> <span class='ocrx_word' id='word_1_114' title='bbox 635 1527 802 1606; x_wconf 89' lang='lat' dir='ltr'><strong>quasi</strong></span> <span class='ocrx_word' id='word_1_115' title='bbox 867 1524 1148 1587; x_wconf 88' lang='lat' dir='ltr'><strong>adcantus</strong></span> <span class='ocrx_word' id='word_1_116' title='bbox 1213 1519 1449 1604; x_wconf 67' lang='lat' dir='ltr'><strong>dilctus,</strong></span> <span class='ocrx_word' id='word_1_117' title='bbox 1519 1525 1678 1605; x_wconf 90' lang='lat' dir='ltr'><strong>quod</strong></span> <span class='ocrx_word' id='word_1_118' title='bbox 1746 1524 1817 1587; x_wconf 89' lang='lat' dir='ltr'><strong>ad</strong></span> <span class='ocrx_word' id='word_1_119' title='bbox 1877 1525 2229 1588; x_wconf 80' lang='lat' dir='ltr'><strong>cantilenam</strong></span> <span class='ocrx_word' id='word_1_120' title='bbox 2287 1527 2445 1586; x_wconf 81' lang='lat' dir='ltr'><strong>vocis</strong></span> <span class='ocrx_word' id='word_1_121' title='bbox 2503 1544 2612 1586; x_wconf 87' lang='lat' dir='ltr'><strong>nos</strong></span> <span class='ocrx_word' id='word_1_122' title='bbox 2666 1526 2809 1588; x_wconf 85' lang='lat' dir='ltr'><strong>facit</strong></span> 
     </span>
     <span class='ocr_line' id='line_1_14' title="bbox 203 1624 2809 1706; baseline 0 -18"><span class='ocrx_word' id='word_1_123' title='bbox 203 1645 544 1706; x_wconf 79' lang='lat' dir='ltr'><strong>agnoscere</strong></span> <span class='ocrx_word' id='word_1_124' title='bbox 596 1624 867 1706; x_wconf 73' lang='lat' dir='ltr'>syllabas.</span> <span class='ocrx_word' id='word_1_125' title='bbox 957 1628 1058 1706; x_wconf 88' lang='lat' dir='ltr'><strong>qui</strong></span> <span class='ocrx_word' id='word_1_126' title='bbox 1111 1627 1270 1686; x_wconf 90' lang='lat' dir='ltr'><strong>vocis</strong></span> <span class='ocrx_word' id='word_1_127' title='bbox 1327 1632 1606 1687; x_wconf 89' lang='lat' dir='ltr'><strong>accentus</strong></span> <span class='ocrx_word' id='word_1_128' title='bbox 1660 1626 1779 1686; x_wconf 89' lang='lat' dir='ltr'><strong>duo</strong></span> <span class='ocrx_word' id='word_1_129' title='bbox 1834 1633 1973 1688; x_wconf 88' lang='lat' dir='ltr'><strong>sunt</strong></span> <span class='ocrx_word' id='word_1_130' title='bbox 2027 1627 2099 1689; x_wconf 90' lang='lat' dir='ltr'><strong>ad</strong></span> <span class='ocrx_word' id='word_1_131' title='bbox 2158 1645 2227 1688; x_wconf 91' lang='lat' dir='ltr'><strong>ea</strong></span> <span class='ocrx_word' id='word_1_132' title='bbox 2283 1645 2432 1706; x_wconf 85' lang='lat' dir='ltr'><strong>quae</strong></span> <span class='ocrx_word' id='word_1_133' title='bbox 2487 1635 2809 1689; x_wconf 84' lang='lat' dir='ltr'><strong>tractamus</strong></span> 
     </span>
     <span class='ocr_line' id='line_1_15' title="bbox 209 1727 2806 1809; baseline 0 -19"><span class='ocrx_word' id='word_1_134' title='bbox 209 1731 576 1800; x_wconf 82' lang='lat' dir='ltr'><strong>necessarii,</strong></span> <span class='ocrx_word' id='word_1_135' title='bbox 623 1737 934 1808; x_wconf 88' lang='lat' dir='ltr'><strong>correptus</strong></span> <span class='ocrx_word' id='word_1_136' title='bbox 977 1734 1039 1787; x_wconf 93' lang='lat' dir='ltr'><strong>et</strong></span> <span class='ocrx_word' id='word_1_137' title='bbox 1078 1727 1418 1807; x_wconf 89' lang='lat' dir='ltr'><strong>productus.</strong></span> <span class='ocrx_word' id='word_1_138' title='bbox 1479 1735 1792 1806; x_wconf 87' lang='lat' dir='ltr'><strong>correptus</strong></span> <span class='ocrx_word' id='word_1_139' title='bbox 1837 1736 1954 1799; x_wconf 91' lang='lat' dir='ltr'><strong>est,</strong></span> <span class='ocrx_word' id='word_1_140' title='bbox 2002 1730 2275 1809; x_wconf 90' lang='lat' dir='ltr'><strong>quotiens</strong></span> <span class='ocrx_word' id='word_1_141' title='bbox 2320 1731 2447 1789; x_wconf 90' lang='lat' dir='ltr'><strong>sine</strong></span> <span class='ocrx_word' id='word_1_142' title='bbox 2491 1728 2610 1791; x_wconf 88' lang='lat' dir='ltr'><strong>ulla</strong></span> <span class='ocrx_word' id='word_1_143' title='bbox 2640 1749 2806 1791; x_wconf 91' lang='lat' dir='ltr'><strong>mora</strong></span> 
     </span>
     <span class='ocr_line' id='line_1_16' title="bbox 203 1827 2807 1912; baseline -0.001 -19"><span class='ocrx_word' id='word_1_144' title='bbox 203 1834 378 1893; x_wconf 80' lang='lat' dir='ltr'><strong>vocis</strong></span> <span class='ocrx_word' id='word_1_145' title='bbox 423 1831 649 1893; x_wconf 87' lang='lat' dir='ltr'><strong>medias</strong></span> <span class='ocrx_word' id='word_1_146' title='bbox 693 1827 946 1910; x_wconf 77' lang='lat' dir='ltr'>syllabas</span> <span class='ocrx_word' id='word_1_147' title='bbox 988 1831 1393 1901; x_wconf 85' lang='lat' dir='ltr'><strong>enuntiamus,</strong></span> <span class='ocrx_word' id='word_1_148' title='bbox 1439 1837 1506 1890; x_wconf 89' lang='lat' dir='ltr'><strong>ut</strong></span> <span class='ocrx_word' id='word_1_149' title='bbox 1547 1829 1779 1889; x_wconf 92' lang='lat' dir='ltr'><strong>moenia</strong></span> <span class='ocrx_word' id='word_1_150' title='bbox 1825 1828 2043 1890; x_wconf 87' lang='lat' dir='ltr'><strong>tabula.</strong></span> <span class='ocrx_word' id='word_1_151' title='bbox 2130 1829 2454 1909; x_wconf 89' lang='lat' dir='ltr'><strong>productus</strong></span> <span class='ocrx_word' id='word_1_152' title='bbox 2498 1838 2613 1902; x_wconf 89' lang='lat' dir='ltr'><strong>est,</strong></span> <span class='ocrx_word' id='word_1_153' title='bbox 2662 1851 2807 1912; x_wconf 91' lang='lat' dir='ltr'><strong>quo-</strong></span> 
     </span>
     <span class='ocr_line' id='line_1_17' title="bbox 201 1929 2885 2012; baseline -0.002 -18"><span class='ocrx_word' id='word_1_154' title='bbox 201 1935 374 1996; x_wconf 82' lang='lat' dir='ltr'><strong>tiens</strong></span> <span class='ocrx_word' id='word_1_155' title='bbox 429 1932 658 1995; x_wconf 87' lang='lat' dir='ltr'><strong>medias</strong></span> <span class='ocrx_word' id='word_1_156' title='bbox 709 1929 962 2012; x_wconf 79' lang='lat' dir='ltr'>syllabas</span> <span class='ocrx_word' id='word_1_157' title='bbox 1027 1949 1160 1992; x_wconf 90' lang='lat' dir='ltr'><strong>cum</strong></span> <span class='ocrx_word' id='word_1_158' title='bbox 1205 1930 1396 2012; x_wconf 86' lang='lat' dir='ltr'><strong>aliqua</strong></span> <span class='ocrx_word' id='word_1_159' title='bbox 1441 1948 1607 1992; x_wconf 89' lang='lat' dir='ltr'><strong>mora</strong></span> <span class='ocrx_word' id='word_1_160' title='bbox 1651 1933 1811 1994; x_wconf 88' lang='lat' dir='ltr'><strong>vocis</strong></span> <span class='ocrx_word' id='word_1_161' title='bbox 1856 1933 2267 2010; x_wconf 80' lang='lat' dir='ltr'><strong>exprimimuS,</strong></span> <span class='ocrx_word' id='word_1_162' title='bbox 2314 1941 2380 1994; x_wconf 89' lang='lat' dir='ltr'><strong>ut</strong></span> <span class='ocrx_word' id='word_1_163' title='bbox 2421 1931 2658 1994; x_wconf 81' lang='lat' dir='ltr'><strong>fortuna</strong></span> <span class='ocrx_word' id='word_1_164' title='bbox 2704 1951 2885 1995; x_wconf 80' lang='lat' dir='ltr'><strong>na-15</strong></span> 
     </span>
     <span class='ocr_line' id='line_1_18' title="bbox 203 2030 2813 2114; baseline -0.001 -17"><span class='ocrx_word' id='word_1_165' title='bbox 203 2039 373 2097; x_wconf 79' lang='lat' dir='ltr'><strong>tura.</strong></span> <span class='ocrx_word' id='word_1_166' title='bbox 435 2034 744 2096; x_wconf 89' lang='lat' dir='ltr'><strong>sciendum</strong></span> <span class='ocrx_word' id='word_1_167' title='bbox 791 2039 880 2095; x_wconf 92' lang='lat' dir='ltr'><strong>est</strong></span> <span class='ocrx_word' id='word_1_168' title='bbox 921 2040 1150 2103; x_wconf 87' lang='lat' dir='ltr'><strong>tamen,</strong></span> <span class='ocrx_word' id='word_1_169' title='bbox 1197 2035 1330 2113; x_wconf 89' lang='lat' dir='ltr'><strong>quia</strong></span> <span class='ocrx_word' id='word_1_170' title='bbox 1375 2031 1474 2093; x_wconf 86' lang='lat' dir='ltr'><strong>illa</strong></span> <span class='ocrx_word' id='word_1_171' title='bbox 1533 2050 1684 2110; x_wconf 92' lang='lat' dir='ltr'><strong>quae</strong></span> <span class='ocrx_word' id='word_1_172' title='bbox 1728 2034 1788 2092; x_wconf 93' lang='lat' dir='ltr'><strong>in</strong></span> <span class='ocrx_word' id='word_1_173' title='bbox 1850 2030 2047 2093; x_wconf 84' lang='lat' dir='ltr'><strong>verbis</strong></span> <span class='ocrx_word' id='word_1_174' title='bbox 2102 2035 2125 2094; x_wconf 95' lang='lat' dir='ltr'><strong>i</strong></span> <span class='ocrx_word' id='word_1_175' title='bbox 2169 2044 2443 2114; x_wconf 88' lang='lat' dir='ltr'><strong>correpta</strong></span> <span class='ocrx_word' id='word_1_176' title='bbox 2496 2035 2813 2114; x_wconf 79' lang='lat' dir='ltr'><strong>proferun-</strong></span> 
     </span>
     <span class='ocr_line' id='line_1_19' title="bbox 211 2135 2814 2216; baseline -0.001 -17"><span class='ocrx_word' id='word_1_177' title='bbox 211 2147 356 2209; x_wconf 88' lang='lat' dir='ltr'><strong>tur,</strong></span> <span class='ocrx_word' id='word_1_178' title='bbox 403 2155 538 2200; x_wconf 85' lang='lat' dir='ltr'><strong>cum</strong></span> <span class='ocrx_word' id='word_1_179' title='bbox 585 2137 644 2196; x_wconf 87' lang='lat' dir='ltr'><strong>in</strong></span> <span class='ocrx_word' id='word_1_180' title='bbox 689 2135 950 2197; x_wconf 82' lang='lat' dir='ltr'><strong>medium</strong></span> <span class='ocrx_word' id='word_1_181' title='bbox 995 2137 1268 2196; x_wconf 87' lang='lat' dir='ltr'><strong>venerint</strong></span> <span class='ocrx_word' id='word_1_182' title='bbox 1324 2143 1384 2195; x_wconf 92' lang='lat' dir='ltr'><strong>et</strong></span> <span class='ocrx_word' id='word_1_183' title='bbox 1425 2136 1612 2214; x_wconf 88' lang='lat' dir='ltr'><strong>ipsam</strong></span> <span class='ocrx_word' id='word_1_184' title='bbox 1656 2137 1676 2193; x_wconf 96' lang='lat' dir='ltr'><strong>i</strong></span> <span class='ocrx_word' id='word_1_185' title='bbox 1720 2136 1783 2194; x_wconf 93' lang='lat' dir='ltr'><strong>in</strong></span> <span class='ocrx_word' id='word_1_186' title='bbox 1842 2153 1873 2195; x_wconf 93' lang='lat' dir='ltr'><strong>e</strong></span> <span class='ocrx_word' id='word_1_187' title='bbox 1929 2136 2313 2205; x_wconf 86' lang='lat' dir='ltr'><strong>mutaverint,</strong></span> <span class='ocrx_word' id='word_1_188' title='bbox 2370 2143 2437 2196; x_wconf 89' lang='lat' dir='ltr'><strong>ut</strong></span> <span class='ocrx_word' id='word_1_189' title='bbox 2485 2135 2631 2215; x_wconf 88' lang='lat' dir='ltr'><strong>legis</strong></span> <span class='ocrx_word' id='word_1_190' title='bbox 2682 2135 2814 2216; x_wconf 84' lang='lat' dir='ltr'><strong>lege</strong></span> 
     </span>
     <span class='ocr_line' id='line_1_20' title="bbox 205 2235 2812 2318; baseline -0.001 -18"><span class='ocrx_word' id='word_1_191' title='bbox 205 2239 462 2318; x_wconf 84' lang='lat' dir='ltr'><strong>legere,</strong></span> <span class='ocrx_word' id='word_1_192' title='bbox 515 2237 736 2318; x_wconf 87' lang='lat' dir='ltr'><strong>ubique</strong></span> <span class='ocrx_word' id='word_1_193' title='bbox 778 2237 1150 2307; x_wconf 82' lang='lat' dir='ltr'><strong>breviantur;</strong></span> <span class='ocrx_word' id='word_1_194' title='bbox 1209 2244 1454 2315; x_wconf 85' lang='lat' dir='ltr'><strong>excepto</strong></span> <span class='ocrx_word' id='word_1_195' title='bbox 1501 2253 1634 2296; x_wconf 90' lang='lat' dir='ltr'><strong>cum</strong></span> <span class='ocrx_word' id='word_1_196' title='bbox 1681 2254 1712 2296; x_wconf 93' lang='lat' dir='ltr'><strong>a</strong></span> <span class='ocrx_word' id='word_1_197' title='bbox 1762 2235 1949 2297; x_wconf 91' lang='lat' dir='ltr'><strong>tribus</strong></span> <span class='ocrx_word' id='word_1_198' title='bbox 2006 2237 2377 2316; x_wconf 85' lang='lat' dir='ltr'><strong>excipiuntur</strong></span> <span class='ocrx_word' id='word_1_199' title='bbox 2436 2240 2812 2300; x_wconf 87' lang='lat' dir='ltr'><strong>consonanti-</strong></span> 
     </span>
    </p>
   </div>
   <div class='ocr_carea' id='block_1_3' title="bbox 97 2335 2810 2417">
    <p class='ocr_par' dir='ltr' id='par_1_4' title="bbox 97 2335 2810 2417">
     <span class='ocr_line' id='line_1_21' title="bbox 97 2335 2810 2417; baseline -0.001 -14"><span class='ocrx_word' id='word_1_200' title='bbox 97 2361 106 2370; x_wconf 93' lang='lat'><strong>·</strong></span> <span class='ocrx_word' id='word_1_201' title='bbox 203 2342 332 2403; x_wconf 87' lang='lat' dir='ltr'><strong>bus</strong></span> <span class='ocrx_word' id='word_1_202' title='bbox 391 2340 432 2401; x_wconf 92' lang='lat' dir='ltr'><strong>b</strong></span> <span class='ocrx_word' id='word_1_203' title='bbox 496 2349 556 2401; x_wconf 91' lang='lat' dir='ltr'><strong>et</strong></span> <span class='ocrx_word' id='word_1_204' title='bbox 607 2357 668 2400; x_wconf 89' lang='lat' dir='ltr'><strong>m</strong></span> <span class='ocrx_word' id='word_1_205' title='bbox 725 2347 784 2399; x_wconf 90' lang='lat' dir='ltr'><strong>et</strong></span> <span class='ocrx_word' id='word_1_206' title='bbox 840 2346 890 2408; x_wconf 91' lang='lat' dir='ltr'><strong>t,</strong></span> <span class='ocrx_word' id='word_1_207' title='bbox 949 2346 1014 2399; x_wconf 91' lang='lat' dir='ltr'><strong>ut</strong></span> <span class='ocrx_word' id='word_1_208' title='bbox 1069 2337 1339 2417; x_wconf 80' lang='lat' dir='ltr'><strong>legebam</strong></span> <span class='ocrx_word' id='word_1_209' title='bbox 1405 2335 1672 2416; x_wconf 77' lang='lat' dir='ltr'><strong>legemus</strong></span> <span class='ocrx_word' id='word_1_210' title='bbox 1732 2335 1979 2416; x_wconf 84' lang='lat' dir='ltr'><strong>legetur.</strong></span> <span class='ocrx_word' id='word_1_211' title='bbox 2069 2345 2268 2399; x_wconf 86' lang='lat' dir='ltr'><strong>cetera</strong></span> <span class='ocrx_word' id='word_1_212' title='bbox 2332 2337 2543 2400; x_wconf 89' lang='lat' dir='ltr'><strong>melius</strong></span> <span class='ocrx_word' id='word_1_213' title='bbox 2600 2357 2810 2400; x_wconf 89' lang='lat' dir='ltr'><strong>accen-</strong></span> 
     </span>
    </p>
   </div>
   <div class='ocr_carea' id='block_1_4' title="bbox 203 2436 2893 3333">
    <p class='ocr_par' dir='ltr' id='par_1_5' title="bbox 203 2436 2893 3333">
     <span class='ocr_line' id='line_1_22' title="bbox 203 2436 2893 2522; baseline -0.002 -18"><span class='ocrx_word' id='word_1_214' title='bbox 203 2443 382 2506; x_wconf 84' lang='lat' dir='ltr'><strong>tibus</strong></span> <span class='ocrx_word' id='word_1_215' title='bbox 437 2440 810 2522; x_wconf 81' lang='lat' dir='ltr'><strong>colliguntur.</strong></span> <span class='ocrx_word' id='word_1_216' title='bbox 899 2442 1000 2520; x_wconf 88' lang='lat' dir='ltr'><strong>qui</strong></span> <span class='ocrx_word' id='word_1_217' title='bbox 1056 2449 1332 2500; x_wconf 86' lang='lat' dir='ltr'><strong>accentus</strong></span> <span class='ocrx_word' id='word_1_218' title='bbox 1386 2441 1448 2500; x_wconf 91' lang='lat' dir='ltr'><strong>in</strong></span> <span class='ocrx_word' id='word_1_219' title='bbox 1501 2436 1818 2518; x_wconf 82' lang='lat' dir='ltr'><strong>trisyllabis</strong></span> <span class='ocrx_word' id='word_1_220' title='bbox 1873 2447 1933 2500; x_wconf 91' lang='lat' dir='ltr'><strong>et</strong></span> <span class='ocrx_word' id='word_1_221' title='bbox 1976 2439 2365 2519; x_wconf 78' lang='lat' dir='ltr'><strong>tetrasyllabis</strong></span> <span class='ocrx_word' id='word_1_222' title='bbox 2409 2447 2468 2500; x_wconf 91' lang='lat' dir='ltr'><strong>et</strong></span> <span class='ocrx_word' id='word_1_223' title='bbox 2512 2438 2791 2522; x_wconf 86' lang='lat' dir='ltr'><strong>deinceps</strong></span> <span class='ocrx_word' id='word_1_224' title='bbox 2841 2460 2893 2500; x_wconf 78' lang='lat'><strong>20</strong></span> 
     </span>
     <span class='ocr_line' id='line_1_23' title="bbox 203 2540 2814 2621; baseline 0 -17"><span class='ocrx_word' id='word_1_225' title='bbox 203 2547 294 2606; x_wconf 81' lang='lat' dir='ltr'><strong>ita</strong></span> <span class='ocrx_word' id='word_1_226' title='bbox 349 2541 822 2605; x_wconf 84' lang='lat' dir='ltr'><strong>considerandus</strong></span> <span class='ocrx_word' id='word_1_227' title='bbox 867 2550 985 2613; x_wconf 87' lang='lat' dir='ltr'><strong>est,</strong></span> <span class='ocrx_word' id='word_1_228' title='bbox 1033 2551 1101 2603; x_wconf 91' lang='lat' dir='ltr'><strong>ut</strong></span> <span class='ocrx_word' id='word_1_229' title='bbox 1143 2543 1192 2602; x_wconf 92' lang='lat' dir='ltr'><strong>si</strong></span> <span class='ocrx_word' id='word_1_230' title='bbox 1237 2549 1555 2621; x_wconf 88' lang='lat' dir='ltr'><strong>quaeratur</strong></span> <span class='ocrx_word' id='word_1_231' title='bbox 1598 2542 2087 2602; x_wconf 88' lang='lat' dir='ltr'><strong>amicissimorum</strong></span> <span class='ocrx_word' id='word_1_232' title='bbox 2134 2540 2347 2621; x_wconf 91' lang='lat' dir='ltr'><strong>quihus</strong></span> <span class='ocrx_word' id='word_1_233' title='bbox 2390 2541 2627 2621; x_wconf 76' lang='lat' dir='ltr'><strong>syllabis</strong></span> <span class='ocrx_word' id='word_1_234' title='bbox 2674 2563 2814 2604; x_wconf 90' lang='lat' dir='ltr'><strong>con-</strong></span> 
     </span>
     <span class='ocr_line' id='line_1_24' title="bbox 203 2641 2817 2722; baseline -0 -16"><span class='ocrx_word' id='word_1_235' title='bbox 203 2655 370 2717; x_wconf 82' lang='lat' dir='ltr'><strong>stet,</strong></span> <span class='ocrx_word' id='word_1_236' title='bbox 431 2652 492 2706; x_wconf 86' lang='lat' dir='ltr'><strong>et</strong></span> <span class='ocrx_word' id='word_1_237' title='bbox 545 2644 798 2706; x_wconf 90' lang='lat' dir='ltr'><strong>dicimus</strong></span> <span class='ocrx_word' id='word_1_238' title='bbox 849 2645 1104 2722; x_wconf 85' lang='lat' dir='ltr'><strong>primam</strong></span> <span class='ocrx_word' id='word_1_239' title='bbox 1160 2642 1400 2704; x_wconf 89' lang='lat' dir='ltr'><strong>brevem</strong></span> <span class='ocrx_word' id='word_1_240' title='bbox 1456 2641 1758 2722; x_wconf 83' lang='lat' dir='ltr'><strong>exemplo,</strong></span> <span class='ocrx_word' id='word_1_241' title='bbox 1818 2651 1881 2704; x_wconf 89' lang='lat' dir='ltr'><strong>ut</strong></span> <span class='ocrx_word' id='word_1_242' title='bbox 1926 2645 2269 2704; x_wconf 74' lang='lat' dir='ltr'><strong>‘nimium</strong></span> <span class='ocrx_word' id='word_1_243' title='bbox 2317 2642 2595 2705; x_wconf 87' lang='lat' dir='ltr'><strong>dilexit</strong></span> <span class='ocrx_word' id='word_1_244' title='bbox 2640 2648 2817 2706; x_wconf 89' lang='lat' dir='ltr'><strong>ami-</strong></span> 
     </span>
     <span class='ocr_line' id='line_1_25' title="bbox 209 2744 2817 2825; baseline 0 -17"><span class='ocrx_word' id='word_1_245' title='bbox 209 2752 464 2817; x_wconf 86' lang='lat' dir='ltr'><strong>cum’;</strong></span> <span class='ocrx_word' id='word_1_246' title='bbox 509 2745 830 2808; x_wconf 85' lang='lat' dir='ltr'><strong>secundam</strong></span> <span class='ocrx_word' id='word_1_247' title='bbox 877 2765 1008 2806; x_wconf 90' lang='lat' dir='ltr'><strong>cum</strong></span> <span class='ocrx_word' id='word_1_248' title='bbox 1041 2744 1220 2823; x_wconf 85' lang='lat' dir='ltr'><strong>longo</strong></span> <span class='ocrx_word' id='word_1_249' title='bbox 1251 2752 1496 2805; x_wconf 91' lang='lat' dir='ltr'><strong>accentu</strong></span> <span class='ocrx_word' id='word_1_250' title='bbox 1525 2745 1886 2814; x_wconf 87' lang='lat' dir='ltr'><strong>invenimus;</strong></span> <span class='ocrx_word' id='word_1_251' title='bbox 1934 2747 2168 2806; x_wconf 86' lang='lat' dir='ltr'><strong>tertiam</strong></span> <span class='ocrx_word' id='word_1_252' title='bbox 2211 2747 2505 2825; x_wconf 86' lang='lat' dir='ltr'><strong>positione</strong></span> <span class='ocrx_word' id='word_1_253' title='bbox 2548 2746 2817 2825; x_wconf 82' lang='lat' dir='ltr'><strong>longam;</strong></span> 
     </span>
     <span class='ocr_line' id='line_1_26' title="bbox 205 2845 2817 2931; baseline -0.001 -20"><span class='ocrx_word' id='word_1_254' title='bbox 205 2857 498 2931; x_wconf 83' lang='lat' dir='ltr'><strong>quartam</strong></span> <span class='ocrx_word' id='word_1_255' title='bbox 555 2848 795 2909; x_wconf 81' lang='lat' dir='ltr'><strong>brevem</strong></span> <span class='ocrx_word' id='word_1_256' title='bbox 853 2855 1132 2916; x_wconf 89' lang='lat' dir='ltr'><strong>accentu,</strong></span> <span class='ocrx_word' id='word_1_257' title='bbox 1191 2849 1353 2927; x_wconf 91' lang='lat' dir='ltr'><strong>quia,</strong></span> <span class='ocrx_word' id='word_1_258' title='bbox 1411 2864 1543 2906; x_wconf 94' lang='lat' dir='ltr'><strong>cum</strong></span> <span class='ocrx_word' id='word_1_259' title='bbox 1591 2845 1841 2906; x_wconf 88' lang='lat' dir='ltr'><strong>dicimus</strong></span> <span class='ocrx_word' id='word_1_260' title='bbox 1884 2847 2305 2918; x_wconf 78' lang='lat' dir='ltr'><strong>amicissimuS,</strong></span> <span class='ocrx_word' id='word_1_261' title='bbox 2364 2847 2817 2926; x_wconf 88' lang='lat' dir='ltr'><strong>paeneultimam</strong></span> 
     </span>
     <span class='ocr_line' id='line_1_27' title="bbox 207 2945 2887 3030; baseline -0.004 -16"><span class='ocrx_word' id='word_1_262' title='bbox 207 2971 366 3014; x_wconf 89' lang='lat' dir='ltr'><strong>cum</strong></span> <span class='ocrx_word' id='word_1_263' title='bbox 413 2949 579 3010; x_wconf 88' lang='lat' dir='ltr'><strong>brevi</strong></span> <span class='ocrx_word' id='word_1_264' title='bbox 624 2957 874 3010; x_wconf 88' lang='lat' dir='ltr'><strong>accentu</strong></span> <span class='ocrx_word' id='word_1_265' title='bbox 918 2949 1277 3017; x_wconf 88' lang='lat' dir='ltr'><strong>invenimus;</strong></span> <span class='ocrx_word' id='word_1_266' title='bbox 1325 2949 1587 3028; x_wconf 87' lang='lat' dir='ltr'><strong>quintam</strong></span> <span class='ocrx_word' id='word_1_267' title='bbox 1633 2945 1869 3024; x_wconf 85' lang='lat' dir='ltr'><strong>longam</strong></span> <span class='ocrx_word' id='word_1_268' title='bbox 1915 2955 2181 3008; x_wconf 89' lang='lat' dir='ltr'><strong>accentu.</strong></span> <span class='ocrx_word' id='word_1_269' title='bbox 2240 2946 2447 3009; x_wconf 82' lang='lat' dir='ltr'><strong>ultima</strong></span> <span class='ocrx_word' id='word_1_270' title='bbox 2492 2967 2630 3010; x_wconf 85' lang='lat' dir='ltr'><strong>vero</strong></span> <span class='ocrx_word' id='word_1_271' title='bbox 2676 2966 2887 3030; x_wconf 79' lang='lat' dir='ltr'><strong>qua-25</strong></span> 
     </span>
     <span class='ocr_line' id='line_1_28' title="bbox 219 3047 2618 3130; baseline -0.001 -16"><span class='ocrx_word' id='word_1_272' title='bbox 219 3053 304 3114; x_wconf 84' lang='lat' dir='ltr'><strong>lis</strong></span> <span class='ocrx_word' id='word_1_273' title='bbox 355 3054 467 3120; x_wconf 91' lang='lat' dir='ltr'><strong>sit,</strong></span> <span class='ocrx_word' id='word_1_274' title='bbox 513 3069 620 3128; x_wconf 86' lang='lat' dir='ltr'><strong>per</strong></span> <span class='ocrx_word' id='word_1_275' title='bbox 665 3050 927 3130; x_wconf 81' lang='lat' dir='ltr'><strong>singulas</strong></span> <span class='ocrx_word' id='word_1_276' title='bbox 970 3060 1168 3130; x_wconf 87' lang='lat' dir='ltr'><strong>partes</strong></span> <span class='ocrx_word' id='word_1_277' title='bbox 1209 3049 1494 3109; x_wconf 87' lang='lat' dir='ltr'><strong>orationis</strong></span> <span class='ocrx_word' id='word_1_278' title='bbox 1537 3047 1951 3108; x_wconf 87' lang='lat' dir='ltr'><strong>monstrabunt</strong></span> <span class='ocrx_word' id='word_1_279' title='bbox 1996 3051 2255 3109; x_wconf 86' lang='lat' dir='ltr'><strong>rationes</strong></span> <span class='ocrx_word' id='word_1_280' title='bbox 2299 3049 2618 3112; x_wconf 89' lang='lat' dir='ltr'><strong>subiectae.</strong></span> 
     </span>
     <span class='ocr_line' id='line_1_29' title="bbox 406 3147 2819 3231; baseline -0.001 -16"><span class='ocrx_word' id='word_1_281' title='bbox 406 3153 812 3215; x_wconf 76' lang='lat' dir='ltr'><strong>Nominatiws</strong></span> <span class='ocrx_word' id='word_1_282' title='bbox 865 3151 1181 3231; x_wconf 86' lang='lat' dir='ltr'><strong>singularis</strong></span> <span class='ocrx_word' id='word_1_283' title='bbox 1245 3151 1352 3212; x_wconf 88' lang='lat' dir='ltr'><strong>has</strong></span> <span class='ocrx_word' id='word_1_284' title='bbox 1416 3147 1596 3212; x_wconf 87' lang='lat' dir='ltr'><strong>habet</strong></span> <span class='ocrx_word' id='word_1_285' title='bbox 1653 3149 1889 3220; x_wconf 79' lang='lat' dir='ltr'><strong>breveS,</strong></span> <span class='ocrx_word' id='word_1_286' title='bbox 1951 3169 1980 3210; x_wconf 92' lang='lat' dir='ltr'><strong>a</strong></span> <span class='ocrx_word' id='word_1_287' title='bbox 2027 3159 2093 3211; x_wconf 89' lang='lat' dir='ltr'><strong>ut</strong></span> <span class='ocrx_word' id='word_1_288' title='bbox 2147 3153 2345 3222; x_wconf 89' lang='lat' dir='ltr'><strong>Musa,</strong></span> <span class='ocrx_word' id='word_1_289' title='bbox 2408 3171 2439 3212; x_wconf 94' lang='lat' dir='ltr'><strong>e</strong></span> <span class='ocrx_word' id='word_1_290' title='bbox 2496 3163 2560 3213; x_wconf 87' lang='lat' dir='ltr'><strong>ut</strong></span> <span class='ocrx_word' id='word_1_291' title='bbox 2616 3153 2819 3231; x_wconf 88' lang='lat' dir='ltr'><strong>sedile,</strong></span> 
     </span>
     <span class='ocr_line' id='line_1_30' title="bbox 211 3250 2821 3333; baseline -0.001 -14"><span class='ocrx_word' id='word_1_292' title='bbox 211 3279 254 3319; x_wconf 89' lang='lat' dir='ltr'><strong>o</strong></span> <span class='ocrx_word' id='word_1_293' title='bbox 345 3263 415 3317; x_wconf 92' lang='lat' dir='ltr'><strong>ut</strong></span> <span class='ocrx_word' id='word_1_294' title='bbox 481 3257 676 3332; x_wconf 84' lang='lat' dir='ltr'><strong>virgo,</strong></span> <span class='ocrx_word' id='word_1_295' title='bbox 755 3273 794 3314; x_wconf 90' lang='lat' dir='ltr'><strong>u</strong></span> <span class='ocrx_word' id='word_1_296' title='bbox 874 3261 938 3314; x_wconf 87' lang='lat' dir='ltr'><strong>ut</strong></span> <span class='ocrx_word' id='word_1_297' title='bbox 1017 3269 1258 3320; x_wconf 88' lang='lat' dir='ltr'><strong>cornu‚·</strong></span> <span class='ocrx_word' id='word_1_298' title='bbox 1323 3250 1378 3312; x_wconf 92' lang='lat' dir='ltr'><strong>el</strong></span> <span class='ocrx_word' id='word_1_299' title='bbox 1448 3259 1516 3312; x_wconf 92' lang='lat' dir='ltr'><strong>ut</strong></span> <span class='ocrx_word' id='word_1_300' title='bbox 1577 3250 1726 3321; x_wconf 91' lang='lat' dir='ltr'><strong>mel,</strong></span> <span class='ocrx_word' id='word_1_301' title='bbox 1813 3251 1855 3311; x_wconf 94' lang='lat' dir='ltr'><strong>il</strong></span> <span class='ocrx_word' id='word_1_302' title='bbox 1933 3263 1997 3313; x_wconf 90' lang='lat' dir='ltr'><strong>ut</strong></span> <span class='ocrx_word' id='word_1_303' title='bbox 2069 3254 2231 3333; x_wconf 86' lang='lat' dir='ltr'><strong>vigil,</strong></span> <span class='ocrx_word' id='word_1_304' title='bbox 2326 3255 2387 3315; x_wconf 93' lang='lat' dir='ltr'><strong>ul</strong></span> <span class='ocrx_word' id='word_1_305' title='bbox 2461 3264 2524 3315; x_wconf 89' lang='lat' dir='ltr'><strong>ut</strong></span> <span class='ocrx_word' id='word_1_306' title='bbox 2596 3255 2821 3326; x_wconf 88' lang='lat' dir='ltr'><strong>consul,</strong></span> 
     </span>
    </p>
   </div>
   <div class='ocr_carea' id='block_1_5' title="bbox 2516 3430 2551 3464">
    <p class='ocr_par' dir='ltr' id='par_1_6' title="bbox 2516 3430 2551 3464">
     <span class='ocr_line' id='line_1_31' title="bbox 2516 3430 2551 3464; baseline 0 0"><span class='ocrx_word' id='word_1_307' title='bbox 2516 3430 2551 3464; x_wconf 60' lang='grc' dir='ltr'><strong><em>ί</em></strong></span> 
     </span>
    </p>
   </div>
   <div class='ocr_carea' id='block_1_6' title="bbox 211 3507 2836 4695">
    <p class='ocr_par' dir='ltr' id='par_1_7' title="bbox 211 3507 2831 4127">
     <span class='ocr_line' id='line_1_32' title="bbox 376 3507 2825 3561; baseline 0 -1"><span class='ocrx_word' id='word_1_308' title='bbox 376 3511 398 3560; x_wconf 90' lang='lat' dir='ltr'><strong>l</strong></span> <span class='ocrx_word' id='word_1_309' title='bbox 459 3509 572 3559; x_wconf 87' lang='lat' dir='ltr'><strong>labo</strong></span> <span class='ocrx_word' id='word_1_310' title='bbox 621 3508 722 3559; x_wconf 82' lang='lat' dir='ltr'><strong>labi</strong></span> <span class='ocrx_word' id='word_1_311' title='bbox 767 3509 987 3559; x_wconf 77' lang='lat' dir='ltr'><strong>{aberam</strong></span> <span class='ocrx_word' id='word_1_312' title='bbox 1026 3507 1198 3558; x_wconf 82' lang='lat' dir='ltr'><strong>labero</strong></span> <span class='ocrx_word' id='word_1_313' title='bbox 1238 3523 1365 3556; x_wconf 83' lang='lat' dir='ltr'><strong>aueo</strong></span> <span class='ocrx_word' id='word_1_314' title='bbox 1402 3507 1486 3556; x_wconf 86' lang='lat' dir='ltr'><strong>aui</strong></span> <span class='ocrx_word' id='word_1_315' title='bbox 1524 3521 1731 3556; x_wconf 68' lang='lat' dir='ltr'><strong>sueram</strong></span> <span class='ocrx_word' id='word_1_316' title='bbox 1784 3521 1938 3556; x_wconf 85' lang='lat' dir='ltr'><strong>auero</strong></span> <span class='ocrx_word' id='word_1_317' title='bbox 1978 3507 2096 3556; x_wconf 89' lang='lat' dir='ltr'><strong>odio</strong></span> <span class='ocrx_word' id='word_1_318' title='bbox 2132 3509 2217 3558; x_wconf 92' lang='lat' dir='ltr'><strong>odi</strong></span> <span class='ocrx_word' id='word_1_319' title='bbox 2252 3509 2456 3558; x_wconf 80' lang='lat' dir='ltr'><strong>oderam</strong></span> <span class='ocrx_word' id='word_1_320' title='bbox 2495 3511 2649 3560; x_wconf 85' lang='lat' dir='ltr'><strong>odero</strong></span> <span class='ocrx_word' id='word_1_321' title='bbox 2688 3526 2748 3561; x_wconf 90' lang='lat' dir='ltr'><strong>eo</strong></span> <span class='ocrx_word' id='word_1_322' title='bbox 2787 3511 2825 3561; x_wconf 90' lang='lat' dir='ltr'><strong>ii</strong></span> 
     </span>
     <span class='ocr_line' id='line_1_33' title="bbox 215 3577 2821 3640; baseline -0 -10"><span class='ocrx_word' id='word_1_323' title='bbox 215 3581 308 3630; x_wconf 82' lang='lat' dir='ltr'><strong>vel</strong></span> <span class='ocrx_word' id='word_1_324' title='bbox 351 3581 426 3629; x_wconf 86' lang='lat' dir='ltr'><strong>ini</strong></span> <span class='ocrx_word' id='word_1_325' title='bbox 477 3580 666 3629; x_wconf 82' lang='lat' dir='ltr'><strong>ineram</strong></span> <span class='ocrx_word' id='word_1_326' title='bbox 710 3580 854 3628; x_wconf 86' lang='lat' dir='ltr'><strong>iuero</strong></span> <span class='ocrx_word' id='word_1_327' title='bbox 906 3580 1082 3628; x_wconf 84' lang='lat' dir='ltr'><strong>saeuio</strong></span> <span class='ocrx_word' id='word_1_328' title='bbox 1124 3579 1265 3627; x_wconf 82' lang='lat' dir='ltr'><strong>saeui</strong></span> <span class='ocrx_word' id='word_1_329' title='bbox 1309 3579 1590 3626; x_wconf 87' lang='lat' dir='ltr'><strong>saeuieram</strong></span> <span class='ocrx_word' id='word_1_330' title='bbox 1629 3577 1861 3627; x_wconf 85' lang='lat' dir='ltr'><strong>saeuiero</strong></span> <span class='ocrx_word' id='word_1_331' title='bbox 1902 3591 2032 3640; x_wconf 84' lang='lat' dir='ltr'><strong>queo</strong></span> <span class='ocrx_word' id='word_1_332' title='bbox 2062 3577 2329 3628; x_wconf 73' lang='lat' dir='ltr'><strong>Putseleius</strong></span> <span class='ocrx_word' id='word_1_333' title='bbox 2494 3595 2553 3628; x_wconf 90' lang='lat' dir='ltr'><strong>eo</strong></span> <span class='ocrx_word' id='word_1_334' title='bbox 2591 3581 2628 3628; x_wconf 90' lang='lat' dir='ltr'><strong>ii</strong></span> <span class='ocrx_word' id='word_1_335' title='bbox 2667 3583 2821 3630; x_wconf 87' lang='lat' dir='ltr'><strong>ieram</strong></span> 
     </span>
     <span class='ocr_line' id='line_1_34' title="bbox 211 3647 2823 3710; baseline -0.001 -8"><span class='ocrx_word' id='word_1_336' title='bbox 211 3655 340 3702; x_wconf 82' lang='lat' dir='ltr'><strong>iero</strong></span> <span class='ocrx_word' id='word_1_337' title='bbox 379 3663 498 3699; x_wconf 81' lang='lat' dir='ltr'><strong>sero</strong></span> <span class='ocrx_word' id='word_1_338' title='bbox 529 3651 642 3698; x_wconf 85' lang='lat' dir='ltr'><strong>seui</strong></span> <span class='ocrx_word' id='word_1_339' title='bbox 680 3662 912 3699; x_wconf 81' lang='lat' dir='ltr'><strong>seueram</strong></span> <span class='ocrx_word' id='word_1_340' title='bbox 947 3663 1128 3700; x_wconf 87' lang='lat' dir='ltr'><strong>seuero</strong></span> <span class='ocrx_word' id='word_1_341' title='bbox 1169 3663 1297 3710; x_wconf 83' lang='lat' dir='ltr'><strong>queo</strong></span> <span class='ocrx_word' id='word_1_342' title='bbox 1332 3648 1473 3709; x_wconf 90' lang='lat' dir='ltr'><strong>quiui</strong></span> <span class='ocrx_word' id='word_1_343' title='bbox 1502 3649 1733 3710; x_wconf 77' lang='lat' dir='ltr'><strong>quierem</strong></span> <span class='ocrx_word' id='word_1_344' title='bbox 1762 3649 1937 3709; x_wconf 79' lang='lat' dir='ltr'><strong>quieto</strong></span> <span class='ocrx_word' id='word_1_345' title='bbox 1974 3647 2024 3696; x_wconf 88' lang='lat' dir='ltr'><em>B</em></span> <span class='ocrx_word' id='word_1_346' title='bbox 2060 3663 2119 3697; x_wconf 83' lang='lat' dir='ltr'><strong>eo</strong></span> <span class='ocrx_word' id='word_1_347' title='bbox 2158 3649 2195 3697; x_wconf 91' lang='lat' dir='ltr'><strong>ii</strong></span> <span class='ocrx_word' id='word_1_348' title='bbox 2236 3651 2390 3698; x_wconf 83' lang='lat' dir='ltr'><strong>ieram</strong></span> <span class='ocrx_word' id='word_1_349' title='bbox 2429 3650 2535 3699; x_wconf 88' lang='lat' dir='ltr'><strong>iero</strong></span> <span class='ocrx_word' id='word_1_350' title='bbox 2575 3651 2688 3699; x_wconf 86' lang='lat' dir='ltr'><strong>sino</strong></span> <span class='ocrx_word' id='word_1_351' title='bbox 2722 3653 2823 3700; x_wconf 89' lang='lat' dir='ltr'><strong>siui</strong></span> 
     </span>
     <span class='ocr_line' id='line_1_35' title="bbox 213 3717 2825 3783; baseline 0 -13"><span class='ocrx_word' id='word_1_352' title='bbox 213 3723 462 3772; x_wconf 74' lang='lat' dir='ltr'><strong>sitieram</strong></span> <span class='ocrx_word' id='word_1_353' title='bbox 498 3719 667 3768; x_wconf 83' lang='lat' dir='ltr'><strong>siuero</strong></span> <span class='ocrx_word' id='word_1_354' title='bbox 711 3731 845 3783; x_wconf 82' lang='lat' dir='ltr'><strong>queo</strong></span> <span class='ocrx_word' id='word_1_355' title='bbox 897 3719 1079 3782; x_wconf 84' lang='lat' dir='ltr'><strong>quaeui</strong></span> <span class='ocrx_word' id='word_1_356' title='bbox 1116 3732 1386 3781; x_wconf 63' lang='lat' dir='ltr'><strong>queue-ram</strong></span> <span class='ocrx_word' id='word_1_357' title='bbox 1429 3731 1649 3780; x_wconf 88' lang='lat' dir='ltr'><strong>queuero</strong></span> <span class='ocrx_word' id='word_1_358' title='bbox 1681 3718 1733 3767; x_wconf 83' lang='lat' dir='ltr'><em>F</em></span> <span class='ocrx_word' id='word_1_359' title='bbox 1762 3731 1821 3766; x_wconf 90' lang='lat' dir='ltr'><strong>eo</strong></span> <span class='ocrx_word' id='word_1_360' title='bbox 1860 3717 1929 3766; x_wconf 88' lang='lat' dir='ltr'><strong>ini</strong></span> <span class='ocrx_word' id='word_1_361' title='bbox 1966 3718 2157 3766; x_wconf 82' lang='lat' dir='ltr'><strong>ineram</strong></span> <span class='ocrx_word' id='word_1_362' title='bbox 2200 3719 2339 3769; x_wconf 87' lang='lat' dir='ltr'><strong>iuero</strong></span> <span class='ocrx_word' id='word_1_363' title='bbox 2377 3735 2491 3768; x_wconf 88' lang='lat' dir='ltr'><strong>sero</strong></span> <span class='ocrx_word' id='word_1_364' title='bbox 2529 3722 2640 3769; x_wconf 87' lang='lat' dir='ltr'><strong>seui</strong></span> <span class='ocrx_word' id='word_1_365' title='bbox 2677 3737 2825 3771; x_wconf 85' lang='lat' dir='ltr'><strong>seue-</strong></span> 
     </span>
     <span class='ocr_line' id='line_1_36' title="bbox 213 3787 2825 3852; baseline 0 -12"><span class='ocrx_word' id='word_1_366' title='bbox 213 3805 342 3841; x_wconf 75' lang='lat' dir='ltr'><strong>ram</strong></span> <span class='ocrx_word' id='word_1_367' title='bbox 383 3803 572 3840; x_wconf 85' lang='lat' dir='ltr'><strong>seuero</strong></span> <span class='ocrx_word' id='word_1_368' title='bbox 616 3803 746 3851; x_wconf 87' lang='lat' dir='ltr'><strong>queo</strong></span> <span class='ocrx_word' id='word_1_369' title='bbox 785 3789 928 3852; x_wconf 82' lang='lat' dir='ltr'><strong>quini</strong></span> <span class='ocrx_word' id='word_1_370' title='bbox 965 3789 1228 3851; x_wconf 85' lang='lat' dir='ltr'><strong>quiueram</strong></span> <span class='ocrx_word' id='word_1_371' title='bbox 1267 3789 1478 3848; x_wconf 86' lang='lat' dir='ltr'><strong>quiuero</strong></span> <span class='ocrx_word' id='word_1_372' title='bbox 1514 3789 1623 3836; x_wconf 89' lang='lat' dir='ltr'><strong>leo</strong></span> <span class='ocrx_word' id='word_1_373' title='bbox 1671 3787 1746 3835; x_wconf 90' lang='lat' dir='ltr'><strong>iui</strong></span> <span class='ocrx_word' id='word_1_374' title='bbox 1798 3787 1991 3837; x_wconf 82' lang='lat' dir='ltr'><strong>iueram</strong></span> <span class='ocrx_word' id='word_1_375' title='bbox 2030 3788 2170 3836; x_wconf 91' lang='lat' dir='ltr'><strong>iuero</strong></span> <span class='ocrx_word' id='word_1_376' title='bbox 2210 3805 2341 3851; x_wconf 86' lang='lat' dir='ltr'><strong>queo</strong></span> <span class='ocrx_word' id='word_1_377' title='bbox 2380 3791 2519 3852; x_wconf 83' lang='lat' dir='ltr'><strong>quini</strong></span> <span class='ocrx_word' id='word_1_378' title='bbox 2556 3807 2730 3840; x_wconf 82' lang='lat' dir='ltr'><strong>ueram</strong></span> <span class='ocrx_word' id='word_1_379' title='bbox 2770 3806 2825 3841; x_wconf 89' lang='lat' dir='ltr'><strong>ro</strong></span> 
     </span>
     <span class='ocr_line' id='line_1_37' title="bbox 212 3855 2827 3914; baseline -0.001 -1"><span class='ocrx_word' id='word_1_380' title='bbox 212 3862 348 3914; x_wconf 71' lang='lat' dir='ltr'><strong>uino</strong></span> <span class='ocrx_word' id='word_1_381' title='bbox 375 3860 446 3908; x_wconf 87' lang='lat' dir='ltr'><strong>·ni</strong></span> <span class='ocrx_word' id='word_1_382' title='bbox 482 3873 591 3908; x_wconf 85' lang='lat' dir='ltr'><strong>ram</strong></span> <span class='ocrx_word' id='word_1_383' title='bbox 627 3873 682 3908; x_wconf 87' lang='lat' dir='ltr'><strong>ro</strong></span> <span class='ocrx_word' id='word_1_384' title='bbox 721 3873 835 3909; x_wconf 88' lang='lat' dir='ltr'><strong>sero</strong></span> <span class='ocrx_word' id='word_1_385' title='bbox 870 3862 981 3908; x_wconf 87' lang='lat' dir='ltr'><strong>seui</strong></span> <span class='ocrx_word' id='word_1_386' title='bbox 1021 3872 1193 3907; x_wconf 81' lang='lat' dir='ltr'><strong>ueram</strong></span> <span class='ocrx_word' id='word_1_387' title='bbox 1231 3871 1353 3906; x_wconf 83' lang='lat' dir='ltr'><strong>uero</strong></span> <span class='ocrx_word' id='word_1_388' title='bbox 1387 3874 1416 3906; x_wconf 87' lang='lat' dir='ltr'><strong>e</strong></span> <span class='ocrx_word' id='word_1_389' title='bbox 1553 3855 1586 3906; x_wconf 86' lang='lat'><strong>3</strong></span> <span class='ocrx_word' id='word_1_390' title='bbox 1635 3870 1764 3905; x_wconf 87' lang='lat' dir='ltr'><strong>cauo</strong></span> <span class='ocrx_word' id='word_1_391' title='bbox 1806 3858 1916 3906; x_wconf 89' lang='lat' dir='ltr'><strong>ceui</strong></span> <span class='ocrx_word' id='word_1_392' title='bbox 1955 3872 2190 3906; x_wconf 87' lang='lat' dir='ltr'><strong>ceueram</strong></span> <span class='ocrx_word' id='word_1_393' title='bbox 2230 3874 2413 3908; x_wconf 80' lang='lat' dir='ltr'><strong>ceuero</strong></span> <span class='ocrx_word' id='word_1_394' title='bbox 2450 3859 2499 3907; x_wconf 87' lang='lat' dir='ltr'><em>B</em></span> <span class='ocrx_word' id='word_1_395' title='bbox 2640 3862 2758 3910; x_wconf 83' lang='lat' dir='ltr'><strong>item</strong></span> <span class='ocrx_word' id='word_1_396' title='bbox 2799 3878 2827 3910; x_wconf 88' lang='lat' dir='ltr'><strong>e</strong></span> 
     </span>
     <span class='ocr_line' id='line_1_38' title="bbox 213 3925 2827 3995; baseline -0.001 -13"><span class='ocrx_word' id='word_1_397' title='bbox 213 3939 411 3981; x_wconf 77' lang='lat' dir='ltr'><strong>eontra</strong></span> <span class='ocrx_word' id='word_1_398' title='bbox 442 3943 472 3978; x_wconf 86' lang='lat' dir='ltr'><strong>e</strong></span> <span class='ocrx_word' id='word_1_399' title='bbox 605 3927 642 3980; x_wconf 80' lang='lat'>6</span> <span class='ocrx_word' id='word_1_400' title='bbox 675 3928 875 3993; x_wconf 89' lang='lat' dir='ltr'><strong>pendeo</strong></span> <span class='ocrx_word' id='word_1_401' title='bbox 909 3927 1130 3993; x_wconf 88' lang='lat' dir='ltr'><strong>pependi</strong></span> <span class='ocrx_word' id='word_1_402' title='bbox 1163 3927 1243 3976; x_wconf 86' lang='lat' dir='ltr'><strong>Bl</strong></span> <span class='ocrx_word' id='word_1_403' title='bbox 1278 3925 1446 3990; x_wconf 86' lang='lat' dir='ltr'><strong>pendo</strong></span> <span class='ocrx_word' id='word_1_404' title='bbox 1486 3927 1705 3992; x_wconf 85' lang='lat' dir='ltr'><strong>pependi</strong></span> <span class='ocrx_word' id='word_1_405' title='bbox 1739 3926 1823 3976; x_wconf 77' lang='lat' dir='ltr'><strong>Fe</strong></span> <span class='ocrx_word' id='word_1_406' title='bbox 1860 3927 2008 3976; x_wconf 84' lang='lat' dir='ltr'><strong>Beda</strong></span> <span class='ocrx_word' id='word_1_407' title='bbox 2127 3927 2181 3982; x_wconf 70' lang='lat'><strong>,7</strong></span> <span class='ocrx_word' id='word_1_408' title='bbox 2216 3929 2370 3977; x_wconf 80' lang='lat' dir='ltr'><strong>toudo</strong></span> <span class='ocrx_word' id='word_1_409' title='bbox 2410 3929 2457 3977; x_wconf 78' lang='lat' dir='ltr'><em>F</em></span> <span class='ocrx_word' id='word_1_410' title='bbox 2592 3929 2625 3979; x_wconf 89' lang='lat'><em>8</em></span> <span class='ocrx_word' id='word_1_411' title='bbox 2658 3933 2827 3995; x_wconf 88' lang='lat' dir='ltr'><strong>pendo</strong></span> 
     </span>
     <span class='ocr_line' id='line_1_39' title="bbox 219 3995 2829 4068; baseline 0 -18"><span class='ocrx_word' id='word_1_412' title='bbox 219 3998 466 4068; x_wconf 84' lang='lat' dir='ltr'><strong>pependi</strong></span> <span class='ocrx_word' id='word_1_413' title='bbox 501 4013 594 4050; x_wconf 83' lang='lat' dir='ltr'><strong>om.</strong></span> <span class='ocrx_word' id='word_1_414' title='bbox 639 3999 722 4049; x_wconf 75' lang='lat' dir='ltr'><strong>Fe</strong></span> <span class='ocrx_word' id='word_1_415' title='bbox 754 3999 886 4063; x_wconf 88' lang='lat' dir='ltr'><strong>pello</strong></span> <span class='ocrx_word' id='word_1_416' title='bbox 918 3997 1094 4064; x_wconf 89' lang='lat' dir='ltr'><strong>pepuli</strong></span> <span class='ocrx_word' id='word_1_417' title='bbox 1131 3999 1151 4045; x_wconf 88' lang='lat' dir='ltr'><strong>l</strong></span> <span class='ocrx_word' id='word_1_418' title='bbox 1185 3996 1336 4046; x_wconf 81' lang='lat' dir='ltr'><strong>Beda</strong></span> <span class='ocrx_word' id='word_1_419' title='bbox 1475 3997 1508 4043; x_wconf 76' lang='lat'>9</span> <span class='ocrx_word' id='word_1_420' title='bbox 1543 3995 1710 4061; x_wconf 84' lang='lat' dir='ltr'><strong>exple.</strong></span> <span class='ocrx_word' id='word_1_421' title='bbox 1750 3996 1811 4044; x_wconf 90' lang='lat' dir='ltr'><strong>de</strong></span> <span class='ocrx_word' id='word_1_422' title='bbox 1850 3997 2030 4061; x_wconf 87' lang='lat' dir='ltr'><strong>primis</strong></span> <span class='ocrx_word' id='word_1_423' title='bbox 2066 3996 2275 4060; x_wconf 86' lang='lat' dir='ltr'><strong>syllabis</strong></span> <span class='ocrx_word' id='word_1_424' title='bbox 2328 4015 2511 4048; x_wconf 70' lang='lat' dir='ltr'><strong>memrr</strong></span> <span class='ocrx_word' id='word_1_425' title='bbox 2552 4015 2615 4047; x_wconf 72' lang='lat' dir='ltr'><strong>ne</strong></span> <span class='ocrx_word' id='word_1_426' title='bbox 2652 4015 2829 4051; x_wconf 71' lang='lat' dir='ltr'><strong>usulis</strong></span> 
     </span>
     <span class='ocr_line' id='line_1_40' title="bbox 215 4065 2831 4127; baseline 0 -7"><span class='ocrx_word' id='word_1_427' title='bbox 215 4085 480 4120; x_wconf 57' lang='lat' dir='ltr'><strong>svmens</strong></span> <span class='ocrx_word' id='word_1_428' title='bbox 505 4069 557 4118; x_wconf 79' lang='lat' dir='ltr'>F</span> <span class='ocrx_word' id='word_1_429' title='bbox 734 4069 796 4118; x_wconf 81' lang='lat'><strong>12</strong></span> <span class='ocrx_word' id='word_1_430' title='bbox 837 4067 962 4127; x_wconf 87' lang='lat' dir='ltr'><strong>Quis</strong></span> <span class='ocrx_word' id='word_1_431' title='bbox 1005 4067 1146 4116; x_wconf 83' lang='lat' dir='ltr'><strong>uocis</strong></span> <span class='ocrx_word' id='word_1_432' title='bbox 1178 4067 1247 4115; x_wconf 80' lang='lat' dir='ltr'><strong>F.-</strong></span> <span class='ocrx_word' id='word_1_433' title='bbox 1291 4065 1388 4124; x_wconf 88' lang='lat' dir='ltr'><strong>Qui</strong></span> <span class='ocrx_word' id='word_1_434' title='bbox 1418 4065 1559 4114; x_wconf 86' lang='lat' dir='ltr'><strong>vocis</strong></span> <span class='ocrx_word' id='word_1_435' title='bbox 1595 4073 1831 4114; x_wconf 79' lang='lat' dir='ltr'><strong>accentus</strong></span> <span class='ocrx_word' id='word_1_436' title='bbox 1860 4067 2019 4114; x_wconf 78' lang='lat' dir='ltr'><strong>sunt?</strong></span> <span class='ocrx_word' id='word_1_437' title='bbox 2064 4065 2176 4116; x_wconf 90' lang='lat' dir='ltr'><strong>Duo</strong></span> <span class='ocrx_word' id='word_1_438' title='bbox 2213 4068 2381 4117; x_wconf 76' lang='lat' dir='ltr'><strong>editor</strong></span> <span class='ocrx_word' id='word_1_439' title='bbox 2431 4069 2831 4120; x_wconf 72' lang='lat' dir='ltr'><strong>Vindobouensis</strong></span> 
     </span>
    </p>

    <p class='ocr_par' dir='ltr' id='par_1_8' title="bbox 215 4133 2836 4695">
     <span class='ocr_line' id='line_1_41' title="bbox 381 4133 2829 4190; baseline -0 -1"><span class='ocrx_word' id='word_1_440' title='bbox 381 4140 486 4190; x_wconf 88' lang='lat' dir='ltr'><strong>duo</strong></span> <span class='ocrx_word' id='word_1_441' title='bbox 523 4145 642 4188; x_wconf 73' lang='lat' dir='ltr'><strong>sunt</strong></span> <span class='ocrx_word' id='word_1_442' title='bbox 679 4139 742 4188; x_wconf 83' lang='lat' dir='ltr'><strong>el</strong></span> <span class='ocrx_word' id='word_1_443' title='bbox 775 4137 851 4188; x_wconf 90' lang='lat' dir='ltr'><strong>hii</strong></span> <span class='ocrx_word' id='word_1_444' title='bbox 888 4148 1008 4188; x_wconf 86' lang='lat' dir='ltr'><strong>sunt</strong></span> <span class='ocrx_word' id='word_1_445' title='bbox 1042 4137 1094 4186; x_wconf 81' lang='lat' dir='ltr'><em>F</em></span> <span class='ocrx_word' id='word_1_446' title='bbox 1117 4145 1235 4184; x_wconf 88' lang='lat' dir='ltr'><strong>sunt</strong></span> <span class='ocrx_word' id='word_1_447' title='bbox 1274 4136 1314 4184; x_wconf 82' lang='grc' dir='ltr'><strong>ΙΙ</strong></span> <span class='ocrx_word' id='word_1_448' title='bbox 1349 4133 1431 4184; x_wconf 82' lang='lat' dir='ltr'><strong>B.-</strong></span> <span class='ocrx_word' id='word_1_449' title='bbox 1465 4133 1517 4182; x_wconf 90' lang='lat' dir='ltr'><strong>hi</strong></span> <span class='ocrx_word' id='word_1_450' title='bbox 1557 4143 1674 4184; x_wconf 85' lang='lat' dir='ltr'><strong>sunt</strong></span> <span class='ocrx_word' id='word_1_451' title='bbox 1709 4135 1811 4184; x_wconf 91' lang='lat' dir='ltr'><strong>duo</strong></span> <span class='ocrx_word' id='word_1_452' title='bbox 1848 4135 1913 4184; x_wconf 90' lang='lat' dir='ltr'><strong>ad</strong></span> <span class='ocrx_word' id='word_1_453' title='bbox 1956 4137 2210 4185; x_wconf 85' lang='lat' dir='ltr'><strong>metricam</strong></span> <span class='ocrx_word' id='word_1_454' title='bbox 2252 4140 2497 4187; x_wconf 78' lang='lat' dir='ltr'><strong>rationem</strong></span> <span class='ocrx_word' id='word_1_455' title='bbox 2528 4139 2592 4186; x_wconf 83' lang='lat' dir='ltr'><strong>ad</strong></span> <span class='ocrx_word' id='word_1_456' title='bbox 2622 4154 2682 4188; x_wconf 87' lang='lat' dir='ltr'><strong>ea</strong></span> <span class='ocrx_word' id='word_1_457' title='bbox 2708 4141 2829 4188; x_wconf 80' lang='lat' dir='ltr'><strong>Put-</strong></span> 
     </span>
     <span class='ocr_line' id='line_1_42' title="bbox 215 4202 2829 4270; baseline -0.002 -9"><span class='ocrx_word' id='word_1_458' title='bbox 215 4211 406 4261; x_wconf 64' lang='lat' dir='ltr'><strong>‚celcius</strong></span> <span class='ocrx_word' id='word_1_459' title='bbox 547 4208 614 4258; x_wconf 77' lang='lat'><strong>14</strong></span> <span class='ocrx_word' id='word_1_460' title='bbox 643 4209 963 4258; x_wconf 85' lang='lat' dir='ltr'><strong>enuntiamus</strong></span> <span class='ocrx_word' id='word_1_461' title='bbox 992 4207 1044 4257; x_wconf 91' lang='lat' dir='ltr'><em>B</em></span> <span class='ocrx_word' id='word_1_462' title='bbox 1072 4207 1214 4256; x_wconf 82' lang='lat' dir='ltr'><strong>Beda</strong></span> <span class='ocrx_word' id='word_1_463' title='bbox 1246 4220 1302 4268; x_wconf 85' lang='lat' dir='ltr'><strong>p.</strong></span> <span class='ocrx_word' id='word_1_464' title='bbox 1331 4202 1470 4255; x_wconf 81' lang='lat'>2358</span> <span class='ocrx_word' id='word_1_465' title='bbox 1506 4205 1865 4254; x_wconf 79' lang='lat' dir='ltr'><strong>annuntiamus</strong></span> <span class='ocrx_word' id='word_1_466' title='bbox 1896 4221 1923 4255; x_wconf 88' lang='lat' dir='ltr'><strong>e</strong></span> <span class='ocrx_word' id='word_1_467' title='bbox 1959 4207 2349 4270; x_wconf 81' lang='lat' dir='ltr'><strong>pronuntiamus</strong></span> <span class='ocrx_word' id='word_1_468' title='bbox 2388 4209 2461 4257; x_wconf 80' lang='lat' dir='ltr'><strong>Fc</strong></span> <span class='ocrx_word' id='word_1_469' title='bbox 2601 4217 2655 4257; x_wconf 88' lang='lat' dir='ltr'><strong>ut</strong></span> <span class='ocrx_word' id='word_1_470' title='bbox 2692 4224 2829 4258; x_wconf 79' lang='lat' dir='ltr'><strong>moe-</strong></span> 
     </span>
     <span class='ocr_line' id='line_1_43' title="bbox 221 4274 2829 4340; baseline -0 -11"><span class='ocrx_word' id='word_1_471' title='bbox 221 4285 323 4331; x_wconf 74' lang='lat' dir='ltr'><strong>n&#39;m</strong></span> <span class='ocrx_word' id='word_1_472' title='bbox 361 4278 568 4329; x_wconf 81' lang='lat' dir='ltr'><strong>macula</strong></span> <span class='ocrx_word' id='word_1_473' title='bbox 597 4277 771 4328; x_wconf 79' lang='lat' dir='ltr'><strong>tabula</strong></span> <span class='ocrx_word' id='word_1_474' title='bbox 805 4279 826 4326; x_wconf 83' lang='lat' dir='ltr'><strong>l</strong></span> <span class='ocrx_word' id='word_1_475' title='bbox 859 4287 915 4327; x_wconf 84' lang='lat' dir='ltr'><strong>ut</strong></span> <span class='ocrx_word' id='word_1_476' title='bbox 951 4277 1150 4327; x_wconf 81' lang='lat' dir='ltr'><strong>macula</strong></span> <span class='ocrx_word' id='word_1_477' title='bbox 1181 4275 1354 4324; x_wconf 78' lang='lat' dir='ltr'><strong>tabula</strong></span> <span class='ocrx_word' id='word_1_478' title='bbox 1385 4290 1414 4324; x_wconf 85' lang='lat' dir='ltr'><strong>e</strong></span> <span class='ocrx_word' id='word_1_479' title='bbox 1551 4274 1832 4340; x_wconf 85' lang='lat' dir='ltr'><strong>productus</strong></span> <span class='ocrx_word' id='word_1_480' title='bbox 1867 4283 2035 4324; x_wconf 82' lang='lat' dir='ltr'><strong>autem</strong></span> <span class='ocrx_word' id='word_1_481' title='bbox 2074 4285 2150 4324; x_wconf 89' lang='lat' dir='ltr'><strong>est</strong></span> <span class='ocrx_word' id='word_1_482' title='bbox 2175 4277 2224 4326; x_wconf 92' lang='lat' dir='ltr'><em>B</em></span> <span class='ocrx_word' id='word_1_483' title='bbox 2370 4279 2432 4328; x_wconf 83' lang='lat'><strong>15</strong></span> <span class='ocrx_word' id='word_1_484' title='bbox 2472 4278 2674 4326; x_wconf 78' lang='lat' dir='ltr'><strong>l&#39;urtuna</strong></span> <span class='ocrx_word' id='word_1_485' title='bbox 2714 4277 2829 4328; x_wconf 85' lang='lat' dir='ltr'><strong>BF.</strong></span> 
     </span>
     <span class='ocr_line' id='line_1_44' title="bbox 217 4343 2827 4413; baseline -0.002 -11"><span class='ocrx_word' id='word_1_486' title='bbox 217 4359 389 4402; x_wconf 71' lang='lat' dir='ltr'><strong>nom</strong></span> <span class='ocrx_word' id='word_1_487' title='bbox 410 4355 698 4400; x_wconf 68' lang='lat' dir='ltr'><strong>accentuum</strong></span> <span class='ocrx_word' id='word_1_488' title='bbox 735 4355 787 4399; x_wconf 82' lang='lat' dir='ltr'><strong>et</strong></span> <span class='ocrx_word' id='word_1_489' title='bbox 816 4347 896 4396; x_wconf 73' lang='lat' dir='ltr'><strong>hic</strong></span> <span class='ocrx_word' id='word_1_490' title='bbox 930 4355 982 4398; x_wconf 76' lang='lat' dir='ltr'><strong>et</strong></span> <span class='ocrx_word' id='word_1_491' title='bbox 1013 4348 1156 4409; x_wconf 77' lang='lat' dir='ltr'><strong>infra</strong></span> <span class='ocrx_word' id='word_1_492' title='bbox 1197 4344 1260 4395; x_wconf 82' lang='lat'><strong>19</strong></span> <span class='ocrx_word' id='word_1_493' title='bbox 1295 4344 1451 4394; x_wconf 77' lang='lat' dir='ltr'><strong>habet</strong></span> <span class='ocrx_word' id='word_1_494' title='bbox 1478 4343 1530 4393; x_wconf 78' lang='lat' dir='ltr'><em>F</em></span> <span class='ocrx_word' id='word_1_495' title='bbox 1653 4343 1714 4394; x_wconf 84' lang='lat'><strong>16</strong></span> <span class='ocrx_word' id='word_1_496' title='bbox 1754 4345 2020 4394; x_wconf 89' lang='lat' dir='ltr'><strong>sciendum</strong></span> <span class='ocrx_word' id='word_1_497' title='bbox 2059 4354 2225 4396; x_wconf 85' lang='lat' dir='ltr'><strong>tamen</strong></span> <span class='ocrx_word' id='word_1_498' title='bbox 2265 4357 2342 4397; x_wconf 85' lang='lat' dir='ltr'><strong>est</strong></span> <span class='ocrx_word' id='word_1_499' title='bbox 2379 4349 2428 4396; x_wconf 91' lang='lat' dir='ltr'><em>B</em></span> <span class='ocrx_word' id='word_1_500' title='bbox 2572 4349 2632 4398; x_wconf 89' lang='lat'><strong>17</strong></span> <span class='ocrx_word' id='word_1_501' title='bbox 2659 4350 2827 4413; x_wconf 86' lang='lat' dir='ltr'><strong>ipsum</strong></span> 
     </span>
     <span class='ocr_line' id='line_1_45' title="bbox 219 4411 2701 4481; baseline -0.002 -8"><span class='ocrx_word' id='word_1_502' title='bbox 219 4437 381 4475; x_wconf 65' lang='grc' dir='ltr'><strong>απτ.</strong></span> <span class='ocrx_word' id='word_1_503' title='bbox 417 4435 530 4470; x_wconf 85' lang='lat' dir='ltr'><strong>-am</strong></span> <span class='ocrx_word' id='word_1_504' title='bbox 564 4419 618 4470; x_wconf 65' lang='lat'><strong>1⁵*</strong></span> <span class='ocrx_word' id='word_1_505' title='bbox 753 4418 1060 4467; x_wconf 84' lang='lat' dir='ltr'><strong>motauerint</strong></span> <span class='ocrx_word' id='word_1_506' title='bbox 1097 4415 1209 4466; x_wconf 81' lang='lat' dir='ltr'><strong>BF</strong></span> <span class='ocrx_word' id='word_1_507' title='bbox 1386 4413 1448 4465; x_wconf 87' lang='lat'><strong>18</strong></span> <span class='ocrx_word' id='word_1_508' title='bbox 1487 4411 1800 4480; x_wconf 84' lang='lat' dir='ltr'><strong>breuiantur]</strong></span> <span class='ocrx_word' id='word_1_509' title='bbox 1844 4417 2167 4468; x_wconf 85' lang='lat' dir='ltr'><strong>inueniantur</strong></span> <span class='ocrx_word' id='word_1_510' title='bbox 2204 4433 2341 4468; x_wconf 80' lang='lat' dir='ltr'><strong>corr.</strong></span> <span class='ocrx_word' id='word_1_511' title='bbox 2376 4417 2612 4481; x_wconf 79' lang='lat' dir='ltr'><strong>p&#39;uiantur</strong></span> <span class='ocrx_word' id='word_1_512' title='bbox 2648 4419 2701 4467; x_wconf 85' lang='lat' dir='ltr'><em>F</em></span> 
     </span>
     <span class='ocr_line' id='line_1_46' title="bbox 221 4485 2831 4556; baseline -0.003 -14"><span class='ocrx_word' id='word_1_513' title='bbox 221 4492 308 4544; x_wconf 81' lang='lat'><strong>20</strong></span> <span class='ocrx_word' id='word_1_514' title='bbox 346 4491 436 4556; x_wconf 88' lang='lat' dir='ltr'><strong>qui</strong></span> <span class='ocrx_word' id='word_1_515' title='bbox 475 4497 716 4540; x_wconf 83' lang='lat' dir='ltr'><strong>accentus</strong></span> <span class='ocrx_word' id='word_1_516' title='bbox 747 4488 832 4538; x_wconf 83' lang='lat' dir='ltr'><strong>Bl</strong></span> <span class='ocrx_word' id='word_1_517' title='bbox 865 4489 986 4552; x_wconf 83' lang='lat' dir='ltr'><strong>quia</strong></span> <span class='ocrx_word' id='word_1_518' title='bbox 1019 4496 1256 4536; x_wconf 81' lang='lat' dir='ltr'><strong>accentus</strong></span> <span class='ocrx_word' id='word_1_519' title='bbox 1292 4485 1382 4536; x_wconf 82' lang='lat' dir='ltr'><strong>Fe</strong></span> <span class='ocrx_word' id='word_1_520' title='bbox 1523 4485 1583 4534; x_wconf 88' lang='grc'><strong>21</strong></span> <span class='ocrx_word' id='word_1_521' title='bbox 1628 4485 1991 4535; x_wconf 84' lang='lat' dir='ltr'><strong>considerandi</strong></span> <span class='ocrx_word' id='word_1_522' title='bbox 2030 4495 2148 4534; x_wconf 80' lang='lat' dir='ltr'><strong>sunt</strong></span> <span class='ocrx_word' id='word_1_523' title='bbox 2197 4489 2216 4534; x_wconf 86' lang='lat' dir='ltr'>l</span> <span class='ocrx_word' id='word_1_524' title='bbox 2354 4489 2421 4536; x_wconf 77' lang='lat'><strong>22</strong></span> <span class='ocrx_word' id='word_1_525' title='bbox 2460 4496 2507 4535; x_wconf 86' lang='lat' dir='ltr'><strong>et</strong></span> <span class='ocrx_word' id='word_1_526' title='bbox 2541 4488 2759 4537; x_wconf 86' lang='lat' dir='ltr'><strong>dicimus</strong></span> <span class='ocrx_word' id='word_1_527' title='bbox 2798 4503 2831 4544; x_wconf 88' lang='grc' dir='ltr'><strong>ς</strong></span> 
     </span>
     <span class='ocr_line' id='line_1_47' title="bbox 221 4554 2831 4622; baseline -0.001 -9"><span class='ocrx_word' id='word_1_528' title='bbox 221 4561 495 4614; x_wconf 77' lang='lat' dir='ltr'><strong>edicimus</strong></span> <span class='ocrx_word' id='word_1_529' title='bbox 529 4560 580 4610; x_wconf 74' lang='lat' dir='ltr'><em>F</em></span> <span class='ocrx_word' id='word_1_530' title='bbox 608 4559 870 4609; x_wconf 88' lang='lat' dir='ltr'><strong>eclicimus</strong></span> <span class='ocrx_word' id='word_1_531' title='bbox 907 4558 956 4607; x_wconf 90' lang='lat' dir='ltr'><em>B</em></span> <span class='ocrx_word' id='word_1_532' title='bbox 981 4557 1257 4607; x_wconf 85' lang='lat' dir='ltr'><strong>ediscimus</strong></span> <span class='ocrx_word' id='word_1_533' title='bbox 1285 4554 1470 4607; x_wconf 80' lang='lat' dir='ltr'><strong>lBeda</strong></span> <span class='ocrx_word' id='word_1_534' title='bbox 1495 4554 1713 4605; x_wconf 88' lang='lat' dir='ltr'><strong>dicimus</strong></span> <span class='ocrx_word' id='word_1_535' title='bbox 1749 4568 1776 4604; x_wconf 86' lang='lat' dir='ltr'><strong>e</strong></span> <span class='ocrx_word' id='word_1_536' title='bbox 1812 4554 2028 4604; x_wconf 88' lang='lat' dir='ltr'><strong>dicimus</strong></span> <span class='ocrx_word' id='word_1_537' title='bbox 2068 4556 2238 4617; x_wconf 77' lang='lat' dir='ltr'><strong>itaque</strong></span> <span class='ocrx_word' id='word_1_538' title='bbox 2273 4555 2479 4606; x_wconf 74' lang='lat' dir='ltr'><strong>Ser-vius</strong></span> <span class='ocrx_word' id='word_1_539' title='bbox 2514 4557 2744 4608; x_wconf 74' lang='lat' dir='ltr'><strong>Putsclziae·</strong></span> <span class='ocrx_word' id='word_1_540' title='bbox 2771 4573 2831 4622; x_wconf 82' lang='lat' dir='ltr'><strong>p.</strong></span> 
     </span>
     <span class='ocr_line' id='line_1_48' title="bbox 225 4624 2836 4695; baseline -0.002 -13"><span class='ocrx_word' id='word_1_541' title='bbox 225 4631 386 4685; x_wconf 82' lang='lat'><strong>1803</strong></span> <span class='ocrx_word' id='word_1_542' title='bbox 523 4625 760 4695; x_wconf 88' lang='lat' dir='ltr'><strong>nimium]</strong></span> <span class='ocrx_word' id='word_1_543' title='bbox 804 4629 961 4693; x_wconf 65' lang='lat' dir='ltr'><strong>Vera.</strong></span> <span class='ocrx_word' id='word_1_544' title='bbox 1001 4627 1132 4679; x_wconf 78' lang='lat' dir='ltr'><strong>Aen.</strong></span> <span class='ocrx_word' id='word_1_545' title='bbox 1173 4625 1316 4675; x_wconf 86' lang='lat' dir='ltr'><strong>vlm</strong></span> <span class='ocrx_word' id='word_1_546' title='bbox 1351 4624 1454 4676; x_wconf 78' lang='lat'><strong>430</strong></span> <span class='ocrx_word' id='word_1_547' title='bbox 1607 4625 1675 4676; x_wconf 83' lang='lat'><strong>23</strong></span> <span class='ocrx_word' id='word_1_548' title='bbox 1710 4625 1983 4674; x_wconf 84' lang='lat' dir='ltr'><strong>secundam</strong></span> <span class='ocrx_word' id='word_1_549' title='bbox 2022 4625 2227 4692; x_wconf 83' lang='lat' dir='ltr'><strong>longam</strong></span> <span class='ocrx_word' id='word_1_550' title='bbox 2259 4637 2465 4676; x_wconf 78' lang='lat' dir='ltr'><strong>accentu</strong></span> <span class='ocrx_word' id='word_1_551' title='bbox 2500 4629 2836 4678; x_wconf 85' lang='lat' dir='ltr'><strong>inuenimusl</strong></span> 
     </span>
    </p>
   </div>
   <div class='ocr_carea' id='block_1_7' title="bbox 224 4695 2834 4802">
    <p class='ocr_par' dir='ltr' id='par_1_9' title="bbox 224 4695 2834 4802">
     <span class='ocr_line' id='line_1_49' title="bbox 224 4695 2834 4765; baseline -0.002 -12"><span class='ocrx_word' id='word_1_552' title='bbox 224 4701 522 4753; x_wconf 74' lang='lat' dir='ltr'><strong>secundam</strong></span> <span class='ocrx_word' id='word_1_553' title='bbox 549 4713 664 4750; x_wconf 86' lang='lat' dir='ltr'><strong>cum</strong></span> <span class='ocrx_word' id='word_1_554' title='bbox 701 4699 856 4765; x_wconf 79' lang='lat' dir='ltr'><strong>longo</strong></span> <span class='ocrx_word' id='word_1_555' title='bbox 894 4705 1101 4747; x_wconf 86' lang='lat' dir='ltr'><strong>accentu</strong></span> <span class='ocrx_word' id='word_1_556' title='bbox 1139 4695 1578 4762; x_wconf 82' lang='lat' dir='ltr'><strong>pronuntiabimus</strong></span> <span class='ocrx_word' id='word_1_557' title='bbox 1618 4695 1910 4744; x_wconf 88' lang='lat' dir='ltr'><strong>inuenimus</strong></span> <span class='ocrx_word' id='word_1_558' title='bbox 1948 4695 2273 4746; x_wconf 75' lang='lat' dir='ltr'><strong>FPutschius</strong></span> <span class='ocrx_word' id='word_1_559' title='bbox 2372 4697 2437 4746; x_wconf 83' lang='lat'><strong>27</strong></span> <span class='ocrx_word' id='word_1_560' title='bbox 2472 4713 2535 4746; x_wconf 67' lang='lat' dir='ltr'><strong>nr:</strong></span> <span class='ocrx_word' id='word_1_561' title='bbox 2574 4715 2834 4751; x_wconf 66' lang='lat' dir='ltr'><strong>simmaco</strong></span> 
     </span>
     <span class='ocr_line' id='line_1_50' title="bbox 2298 4776 2324 4802; baseline 0 0"><span class='ocrx_word' id='word_1_562' title='bbox 2298 4776 2324 4802; x_wconf 77' lang='lat' dir='ltr'>V</span> 
     </span>
    </p>
   </div>
   <div class='ocr_carea' id='block_1_8' title="bbox 227 4817 2427 4886">
    <p class='ocr_par' dir='ltr' id='par_1_10' title="bbox 227 4817 2427 4886">
     <span class='ocr_line' id='line_1_51' title="bbox 227 4817 2427 4886; baseline -0.005 -10"><span class='ocrx_word' id='word_1_563' title='bbox 227 4823 294 4876; x_wconf 87' lang='lat' dir='ltr'><em>B</em></span> <span class='ocrx_word' id='word_1_564' title='bbox 319 4837 517 4874; x_wconf 74' lang='lat' dir='ltr'><strong>ntcu’n·</strong></span> <span class='ocrx_word' id='word_1_565' title='bbox 556 4835 624 4871; x_wconf 68' lang='grc' dir='ltr'><strong>»ιι</strong></span> <span class='ocrx_word' id='word_1_566' title='bbox 657 4834 917 4870; x_wconf 61' lang='lat' dir='ltr'><strong>munaus</strong></span> <span class='ocrx_word' id='word_1_567' title='bbox 953 4832 1190 4868; x_wconf 63' lang='lat' dir='ltr'><strong>evitatus</strong></span> <span class='ocrx_word' id='word_1_568' title='bbox 1221 4817 1272 4866; x_wconf 77' lang='lat' dir='ltr'><em>F</em></span> <span class='ocrx_word' id='word_1_569' title='bbox 1297 4832 1363 4868; x_wconf 78' lang='lat' dir='ltr'><strong>ns</strong></span> <span class='ocrx_word' id='word_1_570' title='bbox 1389 4831 1590 4869; x_wconf 64' lang='lat' dir='ltr'><strong>narnus</strong></span> <span class='ocrx_word' id='word_1_571' title='bbox 1614 4828 1853 4886; x_wconf 60' lang='lat' dir='ltr'><strong>stiracis</strong></span> <span class='ocrx_word' id='word_1_572' title='bbox 1886 4817 1905 4864; x_wconf 80' lang='lat' dir='ltr'>l</span> <span class='ocrx_word' id='word_1_573' title='bbox 2044 4817 2339 4867; x_wconf 69' lang='lat' dir='ltr'><strong>Nominatus</strong></span> <span class='ocrx_word' id='word_1_574' title='bbox 2380 4819 2427 4866; x_wconf 79' lang='lat' dir='ltr'><em>F</em></span> 
     </span>
    </p>
   </div>
   <div class='ocr_carea' id='block_1_9' title="bbox 2299 4904 2429 4968">
    <p class='ocr_par' dir='ltr' id='par_1_11' title="bbox 2299 4904 2429 4968">
     <span class='ocr_line' id='line_1_52' title="bbox 2299 4904 2429 4968; baseline 0 0"><span class='ocrx_word' id='word_1_575' title='bbox 2299 4904 2429 4968; x_wconf 66' lang='lat'><strong>29*</strong></span> 
     </span>
    </p>
   </div>
  </div>
 </body>
</html>
