3434 5442
691 314 815 379 238
1842 314 2128 396 [raom]

826 460 836 471 .
867 430 1066 471 1408-10
1095 430 1144 470 P.
2923 455 2935 468 .
2962 429 3029 470 68.
3048 431 3097 471 67
3122 428 3173 472 L.

693 443 902 562 ᾱοὺὲαι
945 497 1266 578 duplicare.
1332 498 1456 561 sola
1503 501 1672 562 tertia
1717 502 2051 578 coniugatio
2094 501 2381 579 producta
2424 518 2532 563 seu
2574 507 2871 579 correpta,
2891 442 3037 560 ¹’non
3080 509 3277 562 tamen

693 604 750 663 in
793 601 1068 663 omnihus
1111 601 1338 670 verbis,
1400 603 1702 678 geminare
1762 609 1985 680 potest,
2040 609 2108 664 ut
2154 602 2477 681 ‘adpetii
2528 610 2599 663 et
2640 601 2959 664 Veneris
3003 621 3053 662 v.
3096 622 3149 662 v.
3194 601 3276 662 d.’

693 710 780 776 et,
837 711 903 764 ut
945 721 1122 782 supra
1178 703 1398 764 dictum
1449 711 1566 775 est,
1625 705 1805 784 ‘quo
1856 703 2097 766 feror?
2156 704 2351 766 uude
2404 702 2629 765 abiit’
2716 706 2777 764 in
2822 705 2999 766 tertia
3038 721 3275 784 quoque

691 822 944 884 persona
991 804 1304 882 singularis
1357 805 1603 867 eandem
1649 807 1667 865 i
1710 805 1965 866 litteram
2011 805 2298 884 duplicat,
2358 813 2424 866 ut
2466 806 2641 867 ‘adiit
2680 807 2950 882 agnovit'
3015 813 3075 866 et
3110 805 3276 866 ‘ob-

637 933 664 972 s
691 907 965 984 stipuit
1007 906 1250 968 subiit
1296 908 1509 968 cari’.
1569 907 1674 969 sed
1707 909 1767 968 in
1803 909 1976 969 tertia
2018 924 2271 986 persona
2314 906 2645 985 singularis,
2688 909 2749 967 in
2790 907 3005 986 quibus
3032 909 3055 968 i
3086 905 3275 968 littera

690 1007 1055 1087 duplicatur,
1112 1007 1472 1086 paenultima
1528 1027 1766 1088 semper
1822 1009 2159 1088 corripitur.
2246 1009 2307 1068 in
2363 1011 2553 1086 prima
2612 1017 2807 1070 autem
2864 1010 3275 1087 coniugatione

690 1109 1066 1188 producitur,
1136 1118 1204 1170 ut
1264 1108 1504 1172 clamavi
1563 1111 1794 1171 donavi.
1883 1112 1945 1171 in
1998 1109 2259 1172 secunda
2318 1111 2733 1188 coniugatione
2796 1111 3148 1189 corripitur,
3214 1119 3275 1170 ut

689 1212 892 1272 monui
935 1209 1223 1289 splendui.
1253 1207 1282 1294 ΙΙ
1313 1219 1372 1272 at
1415 1214 1466 1272 si
1508 1212 1737 1290 primae
1784 1213 2209 1289 coniugationis
2253 1210 2705 1274 declinationem
2758 1211 2915 1272 hanc
2952 1211 3272 1280 induxeris

689 1331 840 1392 quae
890 1330 962 1373 ex
1005 1313 1370 1382 auctoritate,
1416 1329 1535 1373 non
1580 1333 1652 1375 ex
1698 1315 1927 1374 ratione
1964 1313 2265 1376 descendit
2304 1315 2765 1392 coniugationis‚
2813 1313 3047 1382 domui,
3094 1331 3273 1393 paen-

617 1437 662 1478 to
689 1414 956 1476 ultimam
993 1415 1296 1493 corripies.
1363 1415 1426 1475 in
1461 1415 1718 1477 secunda
1750 1432 2005 1494 persona
2044 1414 2357 1494 singularis
2402 1433 2641 1494 semper
2678 1414 2881 1476 ultima
2926 1415 3275 1493 producitur

689 1518 750 1575 in
795 1515 1068 1578 omnihus
1113 1514 1326 1577 verbis.
1392 1515 1452 1576 in
1494 1517 1664 1578 tertia
1711 1534 1965 1595 persona
2010 1518 2437 1597 coniugationis
2482 1519 2709 1597 primae
2752 1516 3118 1595 paenultima
3162 1515 3273 1597 syl-

687 1617 818 1678 laba
863 1617 1176 1696 aliquando
1231 1619 1580 1700 corripitur,
1637 1627 1700 1681 ut
1751 1620 2127 1680 ‘intonuit
2184 1618 2525 1689 laevum',
2584 1635 2705 1680 uon
2750 1636 3075 1697 numquam
3136 1638 3273 1698 pro-

690 1721 954 1788 ducitur,
1000 1726 1068 1780 ut
1111 1721 1358 1782 armavit
1401 1723 1646 1782 ornavit.
1736 1723 1798 1781 in
1840 1721 2117 1784 omnibus
2160 1729 2355 1783 autem
2400 1720 2915 1799 coniugationibus
2958 1723 3271 1782 novissima

688 1820 882 1882 brevis
937 1821 1248 1881 invenitur.
1335 1821 1550 1900 plurali
1603 1840 1856 1884 numero
1916 1825 2111 1903 prima
2165 1841 2417 1902 persona
2476 1824 2957 1902 coniugationum
3008 1827 3271 1884 omnium

612 1945 659 1984 ιε
687 1921 1104 2002 paenultimam
1163 1924 1284 1984 sive
1337 1923 1601 1985 ultimam
1653 1923 1936 2003 syllabam
2000 1943 2237 2004 semper
2300 1925 2579 2005 corripit,
2644 1931 2717 1986 ut
2772 1925 2847 1985 ‘h
2863 1942 2943 1986 ac
3004 1934 3075 1987 te
3144 1942 3275 1985 nos

687 2023 949 2102 fragili
1015 2024 1488 2088 donavimus'
1565 2034 1626 2088 et
1695 2027 2115 2089 ‘iunximus
2192 2027 2585 2107 hospitio'.
2688 2025 2943 2088 secunda
3015 2043 3274 2104 persona

685 2125 948 2188 ultimam
995 2143 1230 2206 semper
1275 2129 1538 2208 corripit.
1601 2129 1773 2189 tertia
1814 2145 2067 2207 persona
2117 2128 2537 2206 paenultimam
2584 2145 2821 2207 semper
2864 2126 3091 2207 ubique
3138 2147 3275 2206 pro-

684 2228 874 2299 ducit,
930 2237 998 2290 ut
1053 2233 1164 2291 ‘et
1207 2229 1396 2291 socii
1451 2231 1712 2292 amissi
1767 2231 2216 2308 petierunt'.
2306 2232 2477 2291 tertia
2531 2247 2671 2290 vero
2720 2227 2939 2306 duplex
2994 2245 3274 2306 persona.

685 2349 860 2410 quam
909 2330 1006 2392 alii
1050 2337 1320 2411 quartam
1359 2332 1680 2404 nominant,
1717 2331 2135 2410 paenultimam
2184 2348 2421 2411 semper
2454 2331 2674 2410 ubique
2719 2330 2997 2409 producit
3038 2339 3099 2391 et
3141 2329 3277 2392 ulti-

605 2451 658 2491 πο
683 2450 840 2494 mam
885 2434 1147 2512 corripit,
1189 2441 1258 2495 ut
2876 2423 2883 2429 ⁸

985 2533 1354 2596 Romanos
1399 2536 1482 2596 ad
1525 2533 1801 2614 templa
1846 2535 2055 2597 deum
2100 2535 2385 2597 duxere
2430 2533 2877 2614 triumphos.

685 2636 1004 2713 praeterito
1075 2633 1654 2716 plusquamperfecto
1728 2645 1996 2717 tempore
2070 2654 2319 2699 numero
2390 2623 2674 2714 singulari
2749 2635 2940 2715 prima
3014 2652 3279 2714 persona

683 2736 1100 2814 paenultimam
1141 2736 1524 2818 ultimamque
1578 2740 1636 2800 in
1689 2739 1968 2801 omnibus
2014 2737 2529 2815 coniugationibus
2572 2738 2849 2815 corripit,
2908 2743 2974 2796 ut
3018 2736 3277 2798 donave-

681 2855 810 2899 ram
854 2838 1274 2918 splendueram
1319 2839 1620 2902 audieram
1659 2843 1991 2903 iunxeram.
2078 2839 2337 2902 secunda
2381 2857 2635 2918 persona
2676 2836 3101 2917 paenultimam
3140 2855 3277 2899 cor-

603 2957 656 2999 2⁵
681 2940 839 3019 ripit,
881 2941 1254 3002 novissimam
1293 2941 1584 3021 producit,
1633 2949 1698 3004 ut
1740 2943 2129 3005 ‘audieras
2171 2949 2243 3003 et
2282 2942 2469 3002 fama
2511 2941 2707 3003 fuit’.
2798 2941 2969 3002 tertia
3012 2959 3275 3020 persona

682 3043 908 3122 primae
953 3043 1261 3114 consentit,
1308 3042 1412 3127 ut]

983 3151 1100 3204 ter
1139 3147 1422 3207 circum
1467 3145 1744 3207 Iliacos
1788 3152 2225 3225 raptaverat
2270 3145 2595 3206 Hectora
2635 3161 2903 3204 muros,

680 3243 892 3322 plurali
957 3262 1207 3307 numero
1266 3248 1456 3324 prima
1517 3265 1775 3326 persona
1848 3247 2225 3326 secundaque
2290 3248 2349 3307 in
2410 3244 2685 3308 omnibus
2754 3243 3278 3322 coniugationibus

678 3346 1096 3423 paenultimam
1140 3347 1380 3424 longam
1419 3356 1477 3410 et
1513 3348 1781 3410 ultimam
1834 3348 2075 3411 brevem
2130 3349 2371 3427 recipit,
2428 3355 2492 3409 ut
2534 3347 2961 3408 donaveramus
3014 3345 3276 3406 donave-

601 3465 654 3506 ao
681 3449 842 3517 ratis,
891 3448 1380 3527 splendueramus
1417 3448 1879 3528 splendueratis,
1926 3451 2299 3512 audieramus
2340 3448 2691 3516 audieratis,
2738 3453 3113 3508 traxeramus
3152 3457 3275 3508 tra-

681 3552 928 3612 xeratis:
985 3552 1158 3612 tertia
1203 3568 1456 3630 persona
1501 3552 1921 3632 paenultimam
1966 3570 2203 3632 semper
2248 3551 2521 3630 corripit,
2560 3556 2634 3611 ut
2670 3549 3035 3611 donaverant
3072 3557 3275 3610 traxe-

677 3658 832 3712 rant.
899 3659 1166 3731 tempore
1205 3653 1406 3715 futuro
1451 3656 1676 3732 primae
1720 3663 1779 3716 et
1819 3655 2116 3717 secundae
2159 3651 2585 3730 coniugationis
2628 3653 2691 3712 in
2736 3649 3015 3712 omnibus
3056 3669 3275 3731 perso-

677 3754 770 3814 nis
818 3753 1172 3831 paenultima
1218 3753 1438 3834 syllaba
1491 3755 1666 3835 longa
1709 3764 1832 3828 est,
1886 3765 1955 3818 ut
1996 3755 2263 3818 clamabo
2310 3753 2583 3816 monebo.
2673 3762 2973 3833 postrema
3028 3771 3277 3833 quoque

676 3854 757 3916 bo
801 3855 1020 3935 syllaba
1057 3855 1230 3935 longa
1283 3863 1400 3926 est;
1474 3857 1576 3919 sed
1617 3861 1668 3920 si
1713 3875 1957 3920 necesse
1996 3858 2175 3919 fuerit
2224 3864 2292 3918 ut
2346 3875 2458 3936 pro
2508 3855 2675 3916 brevi
2725 3862 3007 3935 ponatur,
3064 3853 3279 3916 licebit

599 3973 650 4012 ³⁵
677 3958 1005 4019 secundum
1049 3958 1208 4040 quod
1245 3960 1302 4018 iu
1348 3960 1538 4037 prima
1581 3958 1749 4021 verbi
1796 3962 2091 4038 positione
2130 3959 2601 4036 disceptavimus.
2672 3965 2905 4019 ceterae
2947 3973 3093 4018 sane
3128 3975 3275 4036 per·

675 4077 856 4121 sonae
901 4079 1080 4140 supra
1125 4061 1414 4123 dictarum
1456 4062 1937 4140 coniugationum
1981 4068 2237 4141 utroque
2270 4077 2521 4121 numero
2566 4059 2939 4120 novissimam
2970 4055 2999 4141 ΙΙ
3026 4076 3276 4136 semper

676 4162 1035 4242 corripiunt,
1081 4169 1148 4222 ut
1187 4163 1468 4224 clamabis
1511 4163 1803 4232 monebiS,
1850 4162 2125 4225 clamabit
2166 4161 2449 4222 monebit.
2538 4168 2599 4222 at
2638 4162 2699 4222 in
2744 4178 2995 4222 numero
3049 4159 3275 4240 plurali

676 4267 849 4326 etiam
895 4264 1250 4347 paenultima
1295 4267 1643 4345 corripitur,
1694 4272 1760 4326 ut
1807 4264 2193 4328 clamabimus
2231 4262 2636 4333 monebimus,
2683 4261 3011 4323 clamabitis
3060 4279 3271 4322 mone—

815 4439 846 4486 2
877 4436 1030 4502 adpet
1065 4443 1114 4485 et
1145 4434 1230 4485 B:
1274 4438 1431 4501 γον-9.
1469 4437 1602 4485 Aen.
1647 4437 1721 4486 Χῖ
1764 4437 1865 4486 277
2004 4440 2039 4487 4
2070 4436 2301 4499 fortasse
2328 4435 2490 4487 audiit
2527 4433 2763 4498 agnovit:
2808 4432 2880 4496 cf.
2928 4432 3088 4495 Ver-9.
3134 4434 3272 4483 Aen.

675 4503 771 4554 ΧΠ
807 4505 911 4556 449
946 4505 1108 4556 audiit
1143 4507 1452 4571 agnovitque
1489 4521 1672 4556 sonum
1812 4504 2077 4571 obstipuit]
2125 4507 2282 4572 Ver-9.
2310 4506 2443 4555 Aen.
2480 4505 2523 4554 ll
2562 4503 2667 4555 560
2828 4501 2863 4552 8
2896 4499 2969 4566 at]
3008 4515 3071 4549 ac
3110 4501 3163 4550 B

673 4573 708 4623 9
742 4575 1007 4624 descendit
1043 4577 1314 4626 conuincto
1352 4576 1526 4626 domui
1563 4576 1615 4625 B
1794 4577 1859 4627 12
1896 4575 2129 4642 intonuit]
2183 4578 2345 4640 Vero.
2382 4576 2512 4624 Aen.
2559 4575 2599 4623 ll
2638 4573 2739 4624 693
2916 4571 2984 4622 15
3022 4570 3275 4621 hactenus

676 4642 846 4708 fragili
883 4644 962 4697 B.-
1007 4646 1166 4709 γαρ.
1202 4646 1365 4697 bucol.
1407 4648 1457 4705 5,
1493 4646 1562 4697 85
1772 4647 1837 4702 16
1873 4644 2156 4711 iunximus]
2206 4647 2362 4710 Ver-9.
2398 4643 2530 4697 Aen.
2571 4644 2637 4693 [ΙΙ
2672 4643 2742 4694 83
2924 4642 2989 4692 18
3027 4651 3079 4690 et
3114 4640 3269 4708 socii]

682 4714 838 4776 Ver-9.
877 4715 1010 4774 Aen.
1051 4715 1122 4765 Xl
1159 4716 1260 4766 272
1447 4717 1507 4766 21
1551 4713 1833 4781 Romanos]
1880 4717 2036 4782 Vero.
2064 4731 2241 4781 geor-9.
2282 4717 2325 4765 ll
2371 4713 2468 4763 148
2674 4713 2743 4762 25
2792 4708 3057 4777 audieras]
3108 4715 3276 4777 Ver-9.

672 4782 834 4834 bucol.
869 4784 919 4842 9,
963 4783 1021 4834 11
1167 4786 1232 4834 27
1273 4783 1368 4847 ter]
1417 4787 1577 4852 Very.
1616 4787 1749 4839 Aen.
1794 4787 1808 4834 l
1847 4787 1951 4838 483
