3434 5442
1287 323 1706 388 PRAEFArlo
2302 289 2307 294 ’
2670 337 2793 386 xm

213 517 484 590 auctore,
515 517 855 597 tamquam
885 510 1210 576 communi
1237 509 1438 591 fonte,
1468 517 1741 597 uterque
1772 531 1955 574 suam
1986 508 2345 575 doctrinam
2375 509 2791 575 derivaverit.

215 633 352 682 nam
405 620 482 676 ut
534 614 718 699 apud
760 612 1148 678 Diomedem
1203 613 1420 678 omnia
1472 613 1803 698 copiosius
1859 621 1925 676 et
1980 611 2233 678 doctius
2280 612 2579 696 exposita
2622 621 2791 691 sunt,

213 737 398 799 quam
441 715 622 800 apud
663 714 1028 797 Donatum,
1094 715 1188 779 ita
1245 713 1352 778 hic
1409 715 1582 778 iusto
1641 737 1857 804 rerum
1901 715 2127 779 ordine
2172 723 2236 778 et
2278 715 2541 798 ratione·
2574 714 2791 800 dispu-

215 817 388 880 tandi
429 837 628 903 saepe
673 817 956 902 vestigia
999 816 1318 904 quaedam
1361 817 1745 902 antiquioris
1778 816 2109 882 doctrinae
2139 816 2481 880 retinuisse
2510 816 2790 881 videtur.

215 921 542 1004 praeterea
582 919 818 999 multa,
863 920 1148 984 maxime
1190 921 1260 983 in
1299 919 1380 982 iis
1426 940 1592 1006 quae
1635 921 1704 984 in
1748 929 2041 984 extrema
2081 928 2267 1005 parte
2308 918 2461 984 libri
2502 918 2585 984 de
2612 920 2791 983 vitiis

215 1030 275 1086 et
321 1021 680 1087 virtutibus
738 1022 1050 1087 orationis
1105 1022 1348 1107 scripta
1404 1031 1584 1102 sunt,
1653 1044 1783 1087 non
1829 1021 2035 1086 solum
2080 1044 2227 1086 cum
2270 1020 2620 1102 Diomede,
2677 1020 2792 1085 sed

215 1125 402 1188 etiam
443 1146 596 1188 cum
638 1123 938 1189 Charisio
981 1125 1075 1189 ita
1116 1123 1556 1206 consentiunt,
1612 1133 1686 1190 ut
1738 1125 1899 1189 haec
1955 1125 2171 1188 omnia
2215 1146 2297 1188 ex
2343 1124 2567 1187 eodem
2611 1121 2791 1186 fonte

213 1227 408 1290 ducta
449 1247 593 1290 esse
633 1224 826 1312 plane
872 1226 1204 1313 adpareat.
1266 1248 1470 1312 quare
1513 1247 1680 1313 quae
1710 1226 1794 1292 de
1828 1225 2221 1306 auctoribus,
2261 1246 2421 1312 quos
2455 1225 2789 1290 Charisius

216 1337 278 1392 et
315 1328 672 1393 Diomedes
716 1329 924 1394 secuti
982 1336 1165 1410 sunt,
1229 1328 1298 1392 in
1352 1328 1757 1416 praefatione
1810 1330 2005 1414 primi
2057 1326 2405 1392 voluminis
2448 1350 2513 1413 p.
2558 1325 2791 1392 XLIX

217 1454 346 1516 sqq.
405 1431 737 1517 disputavi
803 1432 998 1496 etiam
1053 1430 1138 1496 ad
1173 1430 1524 1499 ,Donatum
1577 1430 1862 1518 quodam
1915 1429 2106 1496 modo
2159 1431 2516 1518 pertinent,
2582 1451 2790 1517 neque

215 1555 380 1598 nunc
419 1533 684 1600 uberius
729 1556 874 1599 eam
916 1555 1053 1597 rem
1090 1555 1464 1620 persequar.

716 1720 815 1785 IV
880 1721 1006 1786 DE
1049 1720 1355 1786 SERVII
1398 1721 1578 1788 VEL
1625 1721 1931 1793 SERGII
1975 1719 2275 1786 LIBRIS

381 1858 643 1924 Servii
701 1859 1327 1922 commentarius
1387 1859 1466 1924 in
1523 1868 1776 1923 artem
1819 1857 2116 1922 Donati
2170 1857 2254 1922 ad
2308 1857 2505 1924 fidem
2548 1858 2789 1923 codicis

222 1961 486 2026 Parisini
515 1968 680 2032 7530
726 1969 957 2025 octavo
1004 1959 1262 2026 saeculo
1309 1961 1536 2045 scripti
1565 1959 1614 2024 f.
1651 1965 1983 2032 156—183
2030 1960 2238 2025 editus
2285 1961 2473 2044 est.*)
2534 1970 2791 2046 praeter

2428 2075 2449 2119 t

345 2183 392 2250 ⁸)
425 2186 872 2252 Descriptionem
909 2185 1117 2237 codicis
1152 2185 1283 2236 olim
1321 2201 1356 2236 a
1389 2201 1474 2236 me
1513 2185 1816 2236 exhibitam
1853 2186 1911 2235 in
1946 2185 2230 2237 anecdotis
2254 2186 2523 2236 Parisinis
2558 2185 2791 2237 rhetori-

225 2272 298 2321 cis
329 2271 396 2320 ab
417 2269 744 2322 Ecksteinio
781 2271 944 2321 editis
978 2270 1142 2322 Halis
1177 2287 1229 2321 a.
1258 2273 1388 2322 1852
1425 2270 1530 2322 hoc
1561 2271 1689 2321 loco
1712 2277 1981 2335 repetam,
2016 2275 2311 2337 propterea
2346 2270 2489 2336 quod
2530 2270 2793 2337 conplura

225 2373 286 2406 ex
319 2371 379 2407 eo
415 2355 604 2406 codice
639 2357 698 2405 in
733 2356 840 2407 hoc
872 2355 1152 2408 volumine
1199 2356 1348 2406 edita
1392 2361 1538 2406 sunt.
1610 2355 1783 2406 codex
1827 2356 2115 2406 Parisinus
2152 2357 2285 2407 ‘1530
2326 2358 2523 2410 memb.
2560 2357 2594 2405 4
2638 2371 2791 2410 saec.

223 2441 346 2492 v111
387 2441 588 2492 litteris
632 2441 1046 2508 longobardicis
1099 2441 1366 2508 scriptus:
1434 2441 1506 2493 cf.
1555 2441 1861 2504 Quicherat
1911 2439 2293 2506 bibliotheque
2340 2441 2406 2492 de
2450 2439 2648 2492 l’dcole
2694 2440 2791 2492 des

221 2526 425 2576 chartea
461 2527 485 2574 Ι
521 2543 575 2591 p.
603 2527 664 2576 51
693 2542 814 2591 sqq.
853 2527 1152 2577 Mommsen
1188 2526 1511 2577 Zeitschrift
1545 2525 1586 2576 f.
1611 2525 1749 2576 AW.
1787 2541 1837 2578 a.
1868 2526 1999 2576 1845
2034 2542 2087 2591 p.
2125 2528 2190 2576 81
2225 2541 2346 2591 sqq.
2384 2527 2589 2592 primus
2623 2542 2789 2576 mem-

217 2611 498 2659 branarum
546 2612 839 2674 quaternio
885 2609 1067 2672 deest,
1117 2611 1389 2662 secundus
1437 2615 1622 2661 autem
1659 2615 1717 2661 et
1751 2610 1979 2674 tertius,
2032 2610 2125 2674 qui
2162 2627 2307 2660 nunc
2343 2611 2580 2676 primum*
2608 2610 2787 2660 locum

217 2695 270 2743 in
303 2695 486 2746 codiee
523 2696 804 2759 obtinent,
839 2696 898 2745 in
933 2697 1274 2762 marginibus
1309 2695 1532 2746 humore
1569 2695 1777 2746 corrosi
1812 2699 1957 2746 sunt.
1996 2695 2035 2746 f.
2077 2697 2259 2746 1--18
2302 2695 2467 2746 index
2502 2696 2789 2746 verborum

215 2795 352 2844 quae
390 2785 652 2845 corrupta
687 2779 1060 2832 declinatione
1096 2785 1326 2830 utuntur
1361 2781 1430 2830 iis
1455 2795 1600 2844 quae
1639 2779 1786 2846 apud
1809 2780 2129 2832 Diomedem
2165 2796 2217 2846 p.
2244 2782 2344 2833 356
2366 2781 2412 2832 Ρ
2437 2795 2560 2845 sqq.
2594 2780 2791 2846 legun-

211 2869 296 2914 tur
327 2865 538 2918 similis.
562 2862 590 2933 ΙΙ
613 2865 653 2920 f.
693 2862 792 2917 18*
830 2866 907 2917 De
942 2867 1334 2917 constructione.
1393 2866 1712 2928 Sinpnlorum
1755 2882 1958 2917 casuum
2000 2883 2099 2932 per
2131 2867 2357 2918 ordinem
2390 2868 2793 2918 constructiones

213 2977 274 2986 —
305 2951 346 3000 f.
385 2953 448 3001 27
495 2958 588 3000 aut
629 2953 832 3002 obicere
867 2952 1084 3002 vedeor:
1131 2954 1393 3016 excerpta
1439 2967 1506 3001 ex
1549 2951 1825 3002 Prisciani
1868 2951 2010 3002 libro
2046 2951 2504 3003 duodevicesimo.
2546 2948 2572 3018 ΙΙ
2610 2953 2651 3002 f.
2688 2947 2789 3003 27*

211 3036 430 3086 Dicimus
463 3037 694 3086 villanum
729 3052 842 3087 esse
877 3036 961 3086 nbi
995 3043 1182 3086 tantum
1217 3038 1423 3102 legitimi
1454 3038 1614 3100 pedes
1647 3045 1764 3086 sunt
1798 3065 1862 3072 —
1896 3038 2129 3088 similiter
2163 3039 2398 3088 dicimus:
2435 3036 2501 3087 de
2537 3037 2791 3102 rhythmo

207 3124 262 3168 et
293 3125 488 3172 metro.
527 3117 554 3187 Η
593 3121 634 3172 f.
673 3123 739 3173 28
782 3123 960 3187 incipit
1014 3121 1234 3171 thuestes
1285 3122 1423 3170 uarii
1473 3148 1542 3158 --
1593 3122 1825 3186 accepit:
1878 3123 1951 3175 cf.
2006 3121 2387 3172 Schneidewin
2432 3135 2567 3172 mus.
2614 3121 2790 3172 Rhen.

207 3206 410 3257 noviss.
447 3206 478 3256 1
514 3221 566 3256 a.
608 3207 738 3256 1842
774 3221 828 3271 p.
871 3207 984 3268 106,
1020 3205 1325 3256 Mommsen
1359 3205 1398 3255 1.
1439 3221 1487 3255 c.
1524 3222 1577 3272 p.
1614 3208 1698 3257 84.
1734 3201 1757 3273 ΙΙ
1797 3207 1837 3256 f.
1877 3207 1943 3257 28
1988 3207 2156 3256 Notae
2192 3207 2337 3255 XXI
2369 3233 2432 3242 —-
2468 3208 2509 3258 f.
2545 3208 2611 3256 ‘29
2648 3210 2788 3272 expl.

205 3297 382 3340 notae.-
441 3290 520 3340 cf.
559 3289 785 3342 Suet-on.
832 3289 956 3342 rell.
1005 3290 1090 3341 ed.
1137 3289 1534 3342 Reifferscheid
1581 3307 1632 3356 p.
1672 3288 1845 3358 137.n
1885 3292 1927 3341 f.
1962 3293 2029 3342 29
2075 3292 2152 3342 De
2198 3291 2545 3342 observatione
2591 3293 2790 3342 ultimae

201 3375 426 3438 syllabae
461 3391 586 3426 casu
616 3377 873 3441 singulm-1·
904 3377 1112 3426 omnium
1143 3378 1368 3442 partium
1399 3377 1650 3428 orationis
1685 3394 1748 3428 ac
1780 3379 1928 3442 prius
1963 3378 2027 3427 de
2062 3379 2258 3428 nomine
2292 3379 2473 3427 ordine
2508 3379 2793 3426 litterarum

201 3464 442 3510 uocatam
479 3462 750 3512 observato
785 3462 969 3512 deinde
1006 3463 1188 3512 addita
1221 3469 1547 3519 consonante.
1585 3461 1635 3512 Α
1663 3464 1957 3512 terminatus
1994 3488 2053 3496 —
2106 3461 2145 3514 f.
2182 3459 2282 3513 31*
2318 3461 2641 3514 obseruanda
2672 3469 2791 3512 sunt

203 3548 442 3611 explicit.-
483 3547 556 3596 cf.
595 3545 748 3598 anal.
784 3559 1012 3611 gramm.
1060 3545 1293 3597 Vindob.
1332 3562 1386 3611 p.
1421 3547 1522 3597 458
1559 3575 1622 3583 —
1657 3563 1710 3612 p.
1748 3548 1865 3598 468.
1906 3541 1931 3613 ΙΙ
1971 3547 2012 3600 f.
2049 3544 2149 3597 31*
2198 3547 2485 3598 Clarissimo
2521 3548 2689 3599 albino
2725 3576 2789 3584 ——

207 3631 240 3680 f.
275 3633 342 3681 35
378 3633 621 3682 exsoluat
655 3633 901 3696 explicit:
938 3629 1165 3681 Servius
1201 3631 1269 3681 de
1307 3636 1526 3681 centum
1561 3632 1769 3683 metris.
1795 3627 1820 3698 Η
1842 3632 1882 3682 f.
1910 3633 1975 3682 35
2012 3633 2090 3683 De
2124 3633 2395 3683 seme-turis
2431 3660 2494 3668 ——
2525 3633 2789 3698 portabis:

207 3716 274 3768 cf.
321 3717 471 3766 anal.
517 3731 748 3781 gramm.
786 3715 1022 3766 Vindob.
1067 3731 1120 3781 p.
1159 3717 1275 3769 506.
1316 3712 1344 3784 ss
1381 3717 1421 3768 f.
1459 3714 1560 3767 35*
1608 3718 1686 3768 De
1730 3717 1940 3768 iambico
1984 3723 2145 3768 metro
2178 3744 2249 3753 —
2283 3720 2610 3783 permittunt:
2658 3718 2790 3771 ibid.

207 3815 254 3864 p.
298 3803 414 3850 521.
454 3797 484 3868 Π
521 3802 561 3851 f.
612 3798 716 3852 35*
769 3799 982 3851 Seruius
1030 3801 1383 3865 fortunatiano
1431 3827 1492 3837 -
1539 3802 1577 3852 f.
1617 3803 1682 3853 38
1744 3803 1948 3853 heroico
2002 3803 2223 3868 iungitur
2276 3805 2595 3854 continentur·
2647 3807 2789 3868 eaepl.

209 3885 422 3966 Segvius
458 3885 528 3936 de
565 3885 758 3936 metris
793 3885 1138 3938 Horatianis.
1164 3881 1190 3952 ΙΙ
1213 3887 1252 3936 f.
1291 3887 1356 3937 38
1391 3889 1680 3953 Defiyuris
1717 3887 1878 3950 factis
1907 3903 2008 3952 per·
2038 3889 2307 3954 genitium
2342 3903 2524 3939 casum.
2598 3889 2791 3938 Nomen

207 3974 396 4032 generis
429 3972 606 4020 neutri
636 3995 706 4006 —-
739 3973 938 4022 catonis
965 3971 1070 4035 fuit
1101 3971 1197 4022 hoc
1229 3973 1462 4025 stadium.
1504 3967 1530 4039 ss
1568 3973 1608 4023 f.
1647 3969 1748 4024 38*
1784 3974 1937 4038 incip.
1978 3974 2073 4024 deo
2116 3975 2344 4038 propitio
2388 3980 2550 4024 metra
2584 3974 2790 4024 horatii.

215 4055 268 4102 In
319 4064 422 4106 toto
476 4057 704 4106 carmine
755 4071 848 4106 suo
899 4057 1128 4106 horatius
1164 4083 1228 4092 —-
1263 4057 1306 4108 f.
1343 4059 1408 4108 39
1460 4073 1634 4108 amore
1680 4072 1977 4122 percussam
2026 4060 2192 4123 graui.
2260 4057 2432 4108 Seruii
2477 4060 2794 4123 yrammatici

209 4143 402 4205 stripsit
437 4143 536 4191 deo
574 4141 836 4205 propitius
865 4143 1085 4206 papulus
1120 4143 1561 4206 constkeyderichi
1595 4143 1952 4192 indictimensis·
1983 4142 2239 4206 februarii
2262 4143 2434 4192 XXV
2449 4145 2559 4194 dies
2591 4146 2794 4194 saturni

213 4225 324 4274 hora
353 4227 422 4276 II
429 4226 460 4276 I
495 4228 600 4277 dei.
639 4227 706 4276 de
737 4226 974 4290 pedihus.
1000 4221 1024 4292 ΙΙ
1047 4226 1086 4276 f.
1114 4227 1182 4276 40
1219 4227 1321 4276 Pes
1347 4229 1510 4278 dictas
1534 4234 1613 4277 est
1635 4254 1703 4262 —
1728 4227 1766 4276 f.
1794 4229 1859 4276 41
1896 4230 2079 4279 troiae.
2117 4230 2345 4293 expleuit
2368 4230 2432 4278 de
2467 4230 2788 4279 distinctione

211 4309 428 4368 feliciter.
463 4312 644 4362 hom
679 4309 748 4360 a?
781 4311 920 4360 dona
953 4310 1098 4362 nobis
1141 4313 1424 4362 doctrinam
1469 4319 1518 4362 et
1561 4314 1823 4363 scientiam
1862 4319 2022 4377 pater
2056 4315 2182 4364 (loce
2210 4324 2320 4364 *no-5
2354 4313 2421 4364 d?
2452 4315 2583 4364 artis
2618 4314 2789 4362 eaeccl-

217 4397 418 4446 lentim.-
455 4395 692 4461 Sergius
727 4394 800 4445 de
835 4394 1064 4464 pedibus
1103 4399 1158 4446 et
1192 4395 1260 4446 de
1297 4396 1669 4448 distinctione.
1695 4393 1721 4464 Η
1744 4399 1784 4447 f.
1808 4399 1873 4447 41
1910 4398 1991 4448 De
2026 4398 2343 4448 idiomatibus
2368 4415 2497 4464 quae
2528 4399 2791 4464 pertinent

219 4481 274 4528 cd
305 4483 585 4546 genetiuum
629 4495 806 4531 casum
839 4506 910 4515 —
947 4479 986 4532 f.
1021 4479 1122 4530 48*
1167 4483 1293 4532 haec
1336 4484 1686 4533 misericordia
1734 4498 1767 4532 o
1813 4496 1993 4532 zanoe
2040 4497 2140 4532 xat
2190 4498 2221 4532 ο
2260 4498 2467 4534 οικτοο
2514 4483 2555 4534 f.
2592 4485 2657 4534 49
2694 4501 2789 4534 ex·
2836 4477 2847 4488 ‘

219 4567 332 4627 plin-it
371 4567 590 4616 libellmn
623 4566 792 4615 seresii
821 4563 1100 4628 yrarnma‘i:
1155 4565 1220 4616 de
1257 4567 1614 4618 idiomatibus
1648 4583 1701 4632 p.
1738 4568 1837 4618 566
1870 4594 1939 4602 —
1974 4569 2093 4630 577,
2128 4569 2212 4618 45.
2252 4582 2585 4633 quamquam
2620 4567 2787 4620 index

221 4649 502 4702 idiomatum
539 4651 652 4702 fine
692 4649 1080 4715 quaternionis
1117 4650 1334 4704 videtur
1366 4653 1708 4718 interruptus
1736 4667 1857 4702 esse
1895 4655 1953 4702 et
1989 4653 2322 4718 subscriptio
2359 4668 2503 4718 quae
2540 4653 2791 4718 sequitur

227 4735 266 4783 in
287 4739 447 4800 prima
481 4735 702 4788 scheda
739 4735 876 4786 novi
913 4737 1290 4798 quaternionis
1329 4737 1538 4802 scripta
1562 4741 1665 4800 est,
1703 4741 1892 4788 tamen
1916 4741 2162 4788 veterem
2189 4754 2315 4789 esse
2340 4738 2485 4788 hunc
2510 4738 2786 4788 defectum

227 4824 390 4873 numeri
424 4821 871 4888 quaternionum
905 4820 966 4869 in
1000 4819 1120 4872 imis
1155 4820 1495 4886 marginibus
1531 4822 1727 4888 scripti
1761 4821 2025 4873 indicant.
2052 4818 2077 4890 Ι]
2108 4824 2150 4875 f.
2187 4825 2251 4874 49
2291 4825 2501 4875 Constat
2536 4831 2699 4874 autem
2734 4829 2785 4872 ut
