3434 5442
416 1367 762 1464 SERVH
816 1370 1610 1466 COMMENTARIVS
1675 1371 1773 1466 IN
1826 1374 2174 1468 ARTEM
2226 1376 2623 1469 llllNA'l'l.

2479 1791 2489 1802 .
2520 1763 2621 1804 17⁷9
2648 1761 2699 1805 ι».

389 1831 502 1890 Ars
562 1831 714 1892 (licta
771 1838 862 1890 est
914 1829 1004 1890 vel
1061 1821 1195 1891 ἀπὸ
1237 1830 1353 1910 τῆς
1397 1820 1664 1910 ἀρετῆς,
1722 1831 1785 1892 id
1848 1839 1938 1893 est
1989 1850 2023 1894 a
2076 1833 2320 1904 virtute,
2376 1774 2553 1913 qulam
2597 1835 2807 1895 Graeci

202 1933 396 1992 unius
443 1933 724 2012 cuiusque
771 1934 858 1992 rei
903 1933 1208 1992 scientiam
1253 1941 1493 2002 vocant;
1541 1932 1628 1994 vel
1676 1943 1839 1995 certe
1882 1934 2015 1994 ideo
2056 1953 2153 1995 ars
2182 1933 2427 2006 dicitur,
2473 1935 2631 2015 quod
2662 1937 2807 1996 artis

202 2034 556 2112 praeceptis
609 2041 818 2094 cuncta
875 2033 1212 2104 concludat,
1271 2035 1328 2095 id
1376 2043 1466 2096 est
1507 2037 1771 2113 angustis
1815 2044 1874 2096 et
1918 2035 2212 2096 brevibus,
2302 2035 2569 2118 plerique
2614 2045 2802 2098 artem
2858 2023 2869 2042 ⁴

197 2134 550 2195 scribentes
591 2154 624 2196 a
670 2133 997 2196 litterarum
1043 2143 1297 2198 tractatu
1341 2137 1793 2208 inchoaverunt,
1840 2137 2108 2218 plerique
2152 2155 2186 2199 a
2228 2156 2399 2210 voce,
2458 2137 2723 2219 plerique
2769 2160 2801 2200 a
2826 2155 2851 2194 5

197 2236 558 2297 definitione
624 2237 766 2298 artis
821 2239 1258 2315 grammaticae.
1348 2238 1451 2299 sed
1522 2258 1731 2300 omnes
1787 2239 2058 2300 videntur
2123 2257 2372 2300 errasse.
2461 2257 2581 2299 non
2644 2241 2801 2300 enim

197 2340 518 2418 propriam
575 2357 702 2398 rem
747 2339 925 2399 officii
980 2341 1070 2400 sui
1126 2347 1554 2413 tractaverunt,
1614 2339 1716 2400 sed
1764 2359 2140 2401 communem
2185 2349 2245 2402 et
2288 2359 2422 2402 cum
2468 2341 2805 2403 oratoribus

199 2447 263 2500 et
312 2457 456 2501 cum
502 2439 886 2520 philosophis
978 2459 1114 2501 nam
1173 2442 1244 2502 de
1300 2441 1514 2502 litteris
1569 2450 1827 2504 tractare
1888 2450 1946 2503 et
2001 2451 2203 2502 orator
2257 2451 2482 2522 potest;
2539 2443 2613 2504 de
2660 2463 2801 2504 voce

199 2560 388 2602 nemo
451 2543 638 2620 magis
682 2560 858 2622 quam
901 2541 1238 2622 philosophi
1283 2551 1564 2614 tractant3
1611 2544 1876 2604 definitio
1921 2545 2095 2606 etiam
2141 2543 2645 2606 Aristotelicorum
2692 2553 2799 2606 est.

199 2643 370 2703 unde
427 2647 668 2724 proprie
725 2645 986 2705 Donatus
1043 2653 1102 2704 et
1157 2643 1411 2716 doctiuS‚
1468 2646 1568 2724 qui
1623 2645 1697 2706 ab
1755 2653 1889 2706 octo
1943 2645 2209 2725 partibus
2262 2646 2587 2714 inchoavit.
2648 2667 2797 2729 quae
2826 2664 2875 2704 10

197 2743 550 2824 specialiter
593 2745 663 2806 ad
711 2748 1126 2824 grammaticos
1169 2747 1487 2825 pertinent.

381 2847 614 2908 Nomen
662 2846 884 2908 dictum
931 2855 1021 2910 est
1073 2867 1162 2919 eo,
1222 2849 1380 2929 quod
1424 2867 1524 2909 res
1567 2848 1741 2911 nobis
1786 2850 1969 2911 efficit
2008 2856 2205 2920 notas;
2254 2869 2614 2929 pronomen,
2662 2854 2799 2931 quia

199 2949 478 3028 fungitur
531 2949 727 3010 officio
783 2951 1066 3020 nominis,
1135 2956 1202 3010 ut
1256 2951 1438 3030 siquis
1495 2950 1654 3011 dicat
1714 2949 2028 3030 ‘Virgilius
2095 2951 2237 3011 fecit
2300 2950 2599 3024 bucolica,
2669 2955 2799 3032 ipse

201 3053 454 3129 scripsit
495 3053 770 3129 georgica
787 3055 828 3112 ’.
891 3051 1138 3112 verbum
1194 3050 1414 3112 dictum
1461 3061 1550 3113 est
1593 3072 1693 3124 eo,
1732 3053 1889 3133 quod
1934 3051 2246 3114 verberato
2292 3071 2430 3114 aere
2474 3062 2637 3116 motu
2682 3054 2795 3116 lin-

198 3171 358 3230 guae
413 3153 562 3213 haec
613 3169 756 3232 pars
802 3155 1086 3214 orationis
1140 3154 1376 3214 inventa
1433 3153 1537 3221 sit,
1595 3162 1654 3215 et
1707 3154 1846 3216 licet
1900 3171 2108 3215 omnes
2162 3156 2459 3215 orationes
2504 3174 2637 3218 cum
2682 3156 2871 3218 hac1⁵

200 3256 478 3315 oratione
522 3255 908 3326 misceantur,
969 3263 1166 3316 tamen
1222 3253 1480 3334 speciale
1525 3255 1640 3316 sihi
1682 3256 1831 3317 haec
1873 3273 2013 3334 pars
2054 3255 2170 3317 hoc
2214 3275 2434 3319 nomen
2478 3257 2661 3318 efficit
2702 3275 2791 3329 eo,

201 3355 368 3434 quod
423 3356 535 3416 hac
589 3355 932 3436 frequenter
989 3365 1224 3418 utamur
1268 3360 1326 3417 in
1373 3355 1735 3428 elocutione,
1778 3357 1841 3416 in
1890 3365 2115 3420 tantum
2162 3367 2227 3420 ut
2270 3358 2534 3420 dicamus
2579 3360 2792 3422 ‘verba

201 3457 348 3518 fecit
405 3456 562 3536 apud
613 3455 895 3538 populum
941 3457 1166 3519 Tullius
1179 3460 1221 3530 ³,
1279 3457 1494 3520 ‘verba
1537 3459 1679 3521 fecit
1720 3457 1947 3521 Tullius
1988 3461 2055 3521 in
2097 3465 2361 3523 senatu'.
2450 3460 2789 3523 adverbium

199 3664 254 3718 P
291 3667 486 3722 codex
512 3665 818 3722 Parisinus
845 3669 1001 3736 7530,
1047 3667 1207 3723 cuius
1235 3669 1460 3741 intem-a
1489 3667 1743 3725 exhibita
1770 3673 1858 3724 est
1883 3668 2181 3739 scriptura

203 3769 240 3816 ς
275 3751 648 3820 exemplaria
677 3751 806 3807 olim
837 3752 1122 3822 inpressa,
1154 3767 1232 3808 ea:
1260 3753 1462 3825 quibus
1490 3754 1747 3810 adhibita
1776 3759 1915 3810 sunt
1941 3753 2103 3821 haec,

375 3836 546 3892 editio
570 3837 845 3908 princeps
889 3833 1100 3892 Veneta
1129 3837 1359 3896 Nicolai
1381 3839 1621 3897 Iensom'
1695 3907 1704 3916 .

375 3922 546 3979 editio
575 3919 1020 3978 Mediolanensis
1049 3939 1101 3978 a.
1137 3929 1272 3982 1513

373 4009 544 4063 editio
573 4005 928 4062 Ascensiana
959 4007 1204 4063 Parisiis
1231 4027 1287 4063 a.
1323 4013 1479 4068 1516.

371 4093 433 4147 in
472 4091 562 4148 his
601 4092 741 4148 editi
780 4099 916 4148 sunt
953 4095 1348 4149 commentarii
1383 4095 1443 4149 in
1483 4098 1794 4165 utramque
1835 4099 2018 4150 artem
2068 4095 2139 4150 de
2180 4093 2451 4166 partibus
2490 4097 2784 4162 orationis,

373 4177 523 4233 alter
553 4173 743 4232 Servii
779 4179 1004 4233 nomine
1044 4178 1383 4250 inscriptuS,
1435 4177 1672 4237 ‘Servii
1714 4176 2022 4236 Honorati
2064 4178 2129 4236 in
2174 4176 2511 4238 secundam
2550 4177 2786 4238 Donati

370 4259 706 4320 editionem
747 4260 1210 4340 interpretatio'
1261 4261 1349 4340 (p.
1387 4268 1604 4324 1779—
1631 4269 1767 4323 1800
1808 4265 1896 4320 ed.
1929 4260 2229 4340 Fut-ecla),
2274 4265 2427 4321 alter
2457 4263 2648 4337 Serqii
2684 4268 2783 4328 ita,

371 4349 390 4376 ‘
409 4344 610 4424 Sergii
664 4347 1039 4424 grammatici
1094 4345 1160 4404 in
1217 4347 1549 4407 secundam
1601 4347 1835 4406 Donati
1890 4347 2226 4408 editionem
2280 4349 2785 4408 commentarius’

373 4429 466 4574 (ἔ.
503 4435 883 4495 1837--1856
925 4435 1011 4490 ed.
1056 4429 1341 4510 Pul-sch).
1388 4435 1613 4507 reliqua
1652 4450 1734 4492 ex
1774 4435 2045 4494 Parisino
2085 4437 2279 4493 codice
2329 4452 2484 4492 nunc
2517 4436 2782 4510 ,primum

367 4533 400 4574 e
442 4519 524 4574 ita
549 4525 704 4575 sunt.

343 4720 371 4771 l
421 4722 553 4772 11!ch
597 4733 720 4769 PARS
766 4732 932 4770 sunau
983 4720 1033 4768 P
1066 4735 1232 4770 SERVH
1281 4735 1530 4774 ΕΟΠΟΒΑΤΙ
1573 4737 1623 4778 ΙΝ
1661 4737 1928 4772 SECUNDA!
1964 4733 2150 4774 nonu
2189 4735 2469 4774 nutrioris!
2504 4737 2781 4774 muntan-

207 4803 350 4841 wno
387 4801 424 4845 ς
559 4787 594 4840 5
635 4789 964 4840 incoauerunt
1005 4791 1056 4840 P
1201 4792 1264 4846 10
1315 4792 1462 4842 docte
1509 4807 1544 4850 ς
1683 4793 1909 4845 incoauit
1952 4793 2003 4842 P
2142 4792 2207 4844 12
2256 4807 2319 4844 DB
2356 4808 2551 4844 nonnus
2585 4791 2779 4844 Nomen

209 4858 256 4904 P
393 4857 461 4910 18
499 4860 551 4908 in
585 4867 818 4910 senatum
853 4861 904 4910 P
