3434 5442
1025 327 1268 391 SERVII
1310 327 1408 390 DE
1451 326 1728 391 METRIS
1772 325 2082 390 floRATn
2708 333 2833 399 469

367 467 380 479 .
465 466 476 478 .
555 436 580 462 ⁴
609 438 702 480 coa.
768 448 830 479 nr.

241 517 292 578 Ο
337 437 554 580 istiu?
581 436 784 596 regida
818 515 988 579 Cnidi
1017 515 1258 597 Pafique
1274 562 1291 587 ,
1336 515 1642 578 Poscimus
1671 515 1864 596 siquid
1908 517 2077 579 vacui
2120 516 2228 579 sub
2274 515 2484 580 umbra
2498 565 2513 588 ,
2558 516 2829 580 Persicos

239 618 340 680 odi
395 638 546 701 puer
607 625 948 698 apparatus,
1008 616 1216 680 Nullus
1259 624 1506 696 argento
1561 615 1727 679 color
1774 625 1861 680 est
1908 618 2127 690 avaris,
2184 619 2271 680 Ne
2314 619 2393 680 sit
2430 617 2677 682 ancillae
2724 617 2829 682 tibi

237 738 412 784 amor
466 720 705 802 pudori,
765 720 1014 801 Septimi
1069 719 1262 783 Gades
1307 719 1538 781 aditure
1595 737 1858 791 mecum,
1918 718 2043 782 vlla
2100 721 2151 782 si
2204 721 2350 782 iuris
2408 720 2515 782 tibi
2556 723 2825 804 peierati,

235 823 482 886 Rectius
543 824 696 884 vives
739 823 930 884 Licini
985 841 1180 904 neque
1237 820 1450 894 altum,
1497 820 1696 884 Otium
1741 821 1906 882 divos
1948 828 2119 883 vocat
2158 823 2223 882 in
2264 824 2545 902 patentis,
2603 823 2827 886 Martiis

235 924 476 987 caelebs
531 924 670 1006 quid
727 941 898 1002 agam
957 923 1264 996 Kalendis,
1323 924 1580 986 Mercuri
1633 941 1771 985 nam
1830 931 1888 984 te
1944 923 2153 986 docilis
2196 925 2509 1005 magistro,
2551 925 2824 990 Herculis
2846 941 2874 984 ο

237 1026 420 1090 1110ᾱο
461 1028 580 1089 ritu
623 1026 814 1088 dictus
858 1046 893 1089 o
937 1025 1136 1108 plebs,
1181 1027 1384 1090 Faune
1429 1025 1763 1106 nymfarum
1810 1025 2134 1105 fugientum
2180 1034 2406 1090 amator
2426 1076 2443 1100 ,
2490 1028 2620 1090 Non
2662 1029 2825 1090 vides

235 1136 462 1210 quanto
507 1146 742 1190 moveas
784 1127 1010 1208 periclo
1029 1177 1046 1200 ,
1091 1129 1376 1192 Montium
1409 1133 1608 1190 custos
1637 1145 2067 1208 nemorumque
2112 1129 2276 1208 virgo
2290 1177 2305 1200 ,
2352 1129 2571 1212 Impios
2612 1147 2823 1210 parrae

233 1231 562 1291 recinentis
616 1247 820 1302 omen,
876 1229 1198 1294 Pindarum
1257 1229 1524 1312 quisquis
1579 1228 1777 1290 studet
1830 1228 2139 1301 aemulari,
2194 1230 2337 1294 Dive
2393 1249 2571 1312 quem
2625 1230 2823 1313 proles

231 1331 466 1396 Niobea
510 1349 786 1412 magnae,
835 1330 938 1394 Est
979 1331 1124 1396 mihi
1171 1350 1394 1397 nonum
1437 1331 1773 1410 superantis
1810 1327 1823 1415 Ι
1860 1347 2110 1408 annum,
2155 1333 2385 1396 Phoebe
2420 1335 2823 1410 silvarumque

225 1441 442 1512 potens
473 1432 696 1496 Diana.
2845 1447 2897 1492 1⁰

407 1537 612 1598 Tertia
667 1534 782 1598 ode
839 1533 1062 1596 dicolos
1117 1540 1205 1596 est
1257 1533 1557 1596 distrol'os.
1646 1551 1784 1596 nam
1837 1536 2066 1616 primus
2118 1553 2350 1608 versus,
2412 1537 2509 1600 cui
2550 1535 2821 1618 glyconio

233 1636 588 1700 vocabulum
633 1637 833 1708 datur,
882 1643 1112 1698 constat
1153 1635 1405 1718 spondio
1450 1643 1510 1697 et
1538 1633 1767 1698 duobus
1798 1636 2070 1719 dactylis;
2114 1639 2408 1702 secundus
2448 1657 2590 1701 vero
2634 1639 2819 1702 ascle-

229 1739 488 1821 piadeus
532 1746 648 1812 est,
693 1741 860 1800 cuius
903 1739 1016 1800 iam
1063 1739 1124 1798 in
1167 1739 1362 1818 prima
1389 1737 1502 1802 ode
1547 1736 1817 1799 dedimus
1860 1741 2180 1810 rationem;
2224 1759 2485 1823 ususque
2524 1743 2819 1804 invenitur

230 1841 348 1903 hac
389 1842 568 1904 metri
610 1842 1013 1920 compositone
1057 1838 1370 1902 duodecim
1415 1845 1642 1902 tantum
1687 1840 1957 1904 cantibus
1976 1890 1993 1914 ,
2049 1851 2115 1904 ut
2156 1842 2487 1924 subscripta
2528 1851 2817 1907 monstra-

230 1943 412 2015 bunt,
461 1944 558 2005 Sic
603 1949 660 2004 te
704 1942 832 2005 diva
875 1951 1087 2024 potens
1131 1942 1328 2024 Cypri,
1375 1941 1520 2004 Cum
1564 1947 1628 2004 tu
1672 1941 1855 2022 Lydia
1895 1942 2098 2016 Telefi,
2144 1945 2333 2008 Mater
2374 1963 2543 2008 saeva
2588 1944 2811 2026 cupidi·
2838 1958 2891 2002 2⁸

229 2065 406 2118 num,
465 2044 538 2106 Et
591 2051 723 2107 ture
778 2053 839 2106 et
889 2043 1104 2107 fidibus
1157 2045 1345 2117 iuvat,
1403 2044 1600 2105 Donec
1654 2050 1861 2123 gratus
1920 2063 2080 2108 eram
2134 2045 2273 2119 tibi,
2330 2046 2485 2110 onr
2538 2049 2816 2129 pauperis

229 2146 428 2227 Ibyci,
488 2146 782 2219 Quantum
839 2147 1016 2208 distet
1069 2145 1143 2210 ab
1195 2146 1444 2218 Inacho,
1500 2145 1741 2208 Intactis
1799 2146 2169 2227 opulentior,
2228 2147 2357 2221 Quo
2421 2167 2519 2210 me
2580 2149 2813 2212 Bacche

227 2251 394 2332 rapis
439 2250 524 2311 tui
540 2298 556 2321 ,
603 2249 778 2311 Festo
822 2247 964 2331 quid
1006 2251 1204 2330 potius
1247 2247 1372 2320 die,
1427 2245 1769 2310 Intermissa
1813 2249 2009 2312 Venus
2065 2249 2193 2322 diu,
2253 2251 2441 2323 Quem
2485 2258 2549 2313 tu
2592 2251 2812 2333 Melpo·

225 2370 408 2415 mene
451 2349 656 2413 semel.

401 2453 620 2527 Quarta
679 2453 792 2515 ode
847 2452 1070 2515 dicolos
1125 2460 1216 2516 est
1259 2453 1560 2516 distrofos.
1643 2454 1815 2536 prior
1856 2455 2013 2516 enim
2060 2471 2292 2526 versus,
2336 2455 2437 2534 qui
2480 2461 2575 2517 est
2614 2455 2807 2518 archi-
2830 2468 2889 2512 aa

225 2555 488 2628 lochius,
535 2562 767 2617 constat
810 2561 1153 2618 tetrametro
1181 2554 1426 2616 heroico
1455 2563 1516 2616 et
1541 2555 1839 2618 trochaeis
1882 2553 2099 2626 tribus;
2146 2555 2439 2620 secundus
2480 2575 2621 2619 vero
2664 2575 2810 2639 pen-

225 2658 568 2720 themimeri
620 2657 874 2720 iambica
929 2665 990 2719 et
1041 2655 1234 2720 tribus
1295 2657 1592 2740 trochaeis
1644 2656 1919 2720 similiter
1970 2659 2350 2730 terminatur,
2406 2677 2666 2742 ususque
2722 2667 2812 2723 est

223 2761 340 2822 hac
399 2761 583 2822 metri·
631 2760 1060 2842 compositione
1116 2778 1236 2822 uno
1291 2766 1517 2822 tantum
1573 2767 1781 2833 cantu,
1837 2761 2005 2824 cuius
2070 2778 2271 2824 versus
2322 2759 2655 2842 adscriptus
2698 2769 2805 2833 est,

227 2862 490 2926 Solvitur
531 2863 684 2924 acris
729 2861 920 2924 biems
964 2871 1130 2941 grata
1172 2863 1300 2923 vice
1345 2863 1498 2924 veris
1539 2870 1601 2923 et
1643 2861 1858 2925 favoni.

399 2964 610 3037 Quinta
658 2964 770 3026 ode
813 2962 1054 3026 tricolos
1097 2971 1190 3026 est
1233 2963 1624 3027 tetrastrofoS.
1710 2983 1849 3027 nam
1894 2964 2071 3042 primi
2115 2964 2231 3028 duo
2274 2982 2481 3028 versus
2522 2964 2805 3046 asclepia·
2828 2977 2881 3021 π

227 3067 324 3129 dei
378 3074 546 3138 sunt,
601 3067 809 3128 tertius
871 3083 1010 3128 vero
1079 3068 1345 3129 trimeter
1397 3077 1488 3130 est
1539 3066 1843 3138 heroicus,
1912 3075 2156 3148 quartus
2222 3075 2417 3130 autem
2476 3067 2806 3149 glyconius,

225 3171 396 3233 cuius
423 3171 488 3231 in
529 3169 702 3231 tertia
733 3168 846 3230 ode
888 3167 1160 3231 dedimus
1203 3171 1522 3240 rationem;
1567 3187 1827 3248 ususque
1872 3175 1961 3230 est
2004 3167 2116 3230 bac
2160 3169 2337 3230 metri
2380 3169 2805 3248 compositione

223 3280 456 3353 septem
503 3278 727 3332 tantum
773 3269 1075 3343 cantibus,
1119 3288 1373 3352 quorum
1417 3271 1743 3354 primordia
1774 3269 2109 3342 subnotavi,
2154 3271 2297 3343 Quis
2340 3269 2523 3333 multa
2566 3270 2803 3350 gracilis

221 3382 282 3437 te
311 3391 466 3457 puer
493 3374 558 3434 in
586 3390 746 3445 rosa,
800 3371 848 3434 Ο
878 3372 1038 3434 navis
1083 3371 1346 3434 referent
1385 3375 1450 3435 in
1494 3391 1659 3436 mare
1687 3380 1749 3433 te
1778 3373 1915 3434 novi
1948 3371 2239 3454 [fluctus]‚
2285 3372 2529 3434 Dianam
2558 3379 2801 3434 tenerae

226 3477 406 3540 dicite
449 3475 737 3554 virg-ines,
785 3474 940 3537 Vitat
979 3473 1180 3536 inuleo
1221 3493 1320 3538 me
1361 3473 1569 3538 similis
1613 3473 1824 3545 Chloe,
1870 3471 2023 3544 Quid
2067 3473 2175 3536 sses
2214 3475 2443 3537 Asteria
2486 3493 2663 3555 quem
2691 3474 2799 3536 tibi
2824 3489 2878 3532 so

221 3577 480 3648 candidi,
527 3575 578 3638 Ο
619 3576 753 3638 fons
781 3575 1138 3640 Blandusiae
1167 3575 1532 3659 splendidior
1559 3577 1741 3647 vitro,
1770 3575 2060 3638 Audivere
2088 3575 2243 3654 Lyce
2285 3575 2346 3637 di
2373 3594 2505 3638 mea
2546 3583 2677 3638 vota
2718 3577 2795 3638 di.

393 3679 572 3742 Sexta
615 3677 728 3741 ode
772 3677 996 3741 dicolos
1039 3685 1132 3740 est
1171 3679 1564 3741 tetrastrosos.
1622 3679 1803 3760 primi
1834 3679 1993 3740 enim
2036 3685 2161 3739 tres
2202 3695 2407 3740 versus
2448 3678 2801 3759 asclepiadei

222 3790 391 3855 sunt,
438 3798 694 3864 quorum
738 3781 854 3842 iam
897 3781 1308 3853 meminimus,
1353 3789 1598 3863 quartus
1640 3779 1979 3860 glyconium
2035 3797 2293 3860 ususque
2338 3787 2427 3842 est
2468 3781 2579 3842 hac
2620 3783 2799 3844 metri

224 3884 652 3967 compositione
708 3899 916 3945 novem
975 3890 1202 3946 tantum
1260 3882 1554 3954 cantibus,
1613 3899 1867 3964 quorum
1924 3880 2233 3944 subnotavi
2275 3882 2591 3964 principia,
2639 3884 2799 3946 Scri-

219 3987 382 4050 beris
409 3985 586 4049 Vario
630 3984 802 4047 fortis
845 3993 906 4047 et
946 3986 1202 4048 hostium
1217 4031 1234 4056 ,
1279 3985 1490 4048 Pastor
1523 3969 1666 4047 'cum
1708 3983 1975 4045 traheret
2014 4000 2124 4066 per
2165 3983 2317 4046 freta
2344 3983 2605 4058 navibus,
2650 3986 2795 4059 Quis
2816 3993 2871 4038 ³⁶

223 4087 518 4152 desiderio
562 4088 639 4150 sit
680 4086 874 4168 pudor
903 4095 1004 4148 aut
1031 4086 1273 4158 modus,
1306 4109 1344 4144 ο
1390 4085 1553 4149 Nolis
1578 4086 1757 4166 longa
1800 4084 1963 4147 ferae
1993 4083 2145 4146 bella
2176 4085 2553 4160 Numantiae,
2584 4087 2793 4150 Extre-

359 4345 388 4396 1
414 4343 512 4395 snb
549 4356 728 4394 umnra
865 4341 899 4396 3
930 4341 1035 4394 ulla
1064 4343 1108 4394 si
1143 4343 1250 4394 uris
1390 4343 1425 4394 4
1455 4345 1630 4396 mas-tis
1663 4341 1837 4407 celeps
1974 4341 2009 4395 6
2033 4341 2185 4392 modo
2216 4342 2345 4394 ritur
2377 4343 2543 4394 dictus
2580 4359 2613 4394 o
2644 4344 2794 4414 pleps

355 4413 664 4482 fugientium
803 4413 835 4462 7
884 4412 1114 4480 periculo
1255 4413 1439 4481 impios
1488 4430 1582 4482 par
1616 4427 1798 4481 parrae
1935 4409 1971 4462 8
2003 4412 2205 4477 pindari
2346 4413 2546 4464 studeat
2580 4415 2793 4466 emulari

352 4485 390 4537 9
425 4484 612 4535 niouea
773 4498 962 4533 nouum
1128 4498 1316 4534 annum
1353 4512 1419 4522 —
1455 4486 1616 4538 Diana
1650 4487 1837 4536 lamna
1869 4481 2263 4534 membranam
2290 4486 2555 4546 perfer-mc
2727 4487 2788 4538 11

219 4556 460 4622 glaconio
602 4553 668 4607 13
695 4553 958 4605 reddimus
995 4554 1318 4605 traditionem
1457 4557 1522 4610 16
1551 4563 1602 4606 et
1637 4563 1775 4606 turre
1917 4553 1980 4603 17
2010 4553 2172 4603 destet
2312 4551 2381 4604 20
2416 4553 2690 4605 archilochi

218 4625 280 4676 21
313 4623 707 4693 penthimimere
845 4623 914 4676 23
949 4621 1164 4690 tantum]
1199 4632 1368 4675 tamen
1507 4627 1572 4676 27
1603 4625 1890 4676 dedicimus
2028 4623 2099 4672 29
2130 4638 2159 4673 o
2194 4637 2351 4674 naues
2490 4633 2689 4676 teneres

221 4695 286 4746 30
318 4695 516 4748 similes
655 4693 720 4746 31
759 4694 1027 4745 candidior
1060 4693 1177 4746 fons
1213 4695 1482 4747 blandusia
1515 4703 1563 4746 et
1703 4696 1817 4761 lyce
1956 4692 2026 4744 34
2061 4693 2279 4744 seribere
2417 4693 2487 4746 35
2517 4695 2789 4747 naualibus

353 4765 423 4818 36
465 4766 652 4816 lacuna
695 4781 840 4831 quam
889 4767 1108 4818 indicano·
1152 4765 1342 4818 ezei&
1383 4781 1564 4820 versum
1602 4765 1902 4830 principalia
1936 4765 2173 4814 carminis
2207 4765 2229 4816 1
2262 4763 2331 4820 33
2366 4763 2479 4816 Albi
2517 4781 2579 4815 ne
2614 4765 2789 4818 doleas

219 4836 334 4902 plus
367 4835 526 4886 nimio
565 4848 759 4885 memor
