3434 5442
1083 343 1225 410 Ans
1271 344 1757 410 GRAMMATICA
1803 343 1827 410 I
1874 357 1930 415 4.
1976 352 2017 416 5
2718 351 2839 420 371

351 463 396 507 p.
423 449 452 496 a
477 453 528 496 ι..
2391 469 2437 511 p.
2468 458 2671 501 1⁷4o-42
2694 459 2749 502 P.-

1355 533 1454 596 DE
1497 534 1743 596 TONlS.

421 687 622 746 Tonos
668 684 766 746 alii
811 691 1116 757 accentus,
1161 685 1260 746 alii
1306 693 1544 747 tenores
1589 688 1914 748 nominant.
1975 689 2100 747 toni
2130 690 2309 771 igitur
2342 697 2462 751 tres
2492 701 2659 762 sunt,
2706 710 2843 754 acu·

255 801 348 849 tus
391 776 589 866 gravis
633 769 1066 848 circumflexus.
1129 793 1334 848 acutus
1381 773 1516 849 cum
1560 789 1621 847 iu
1655 789 1897 850 Graecis
1928 789 2283 850 dictionibus
2312 791 2427 852 tria
2470 791 2599 854 loca
2634 801 2845 864 teneat,

251 888 526 950 ultimum
571 887 996 970 paenultimam
1044 897 1103 948 et
1158 888 1757 969 antepaenultimum,
1816 891 1969 970 apud
2014 891 2254 953 Latinos
2308 891 2733 972 paenultimum
2792 907 2852 956 et

249 989 822 1071 antepaenultimum
863 985 890 1072 ΙΙ
935 997 1123 1060 tenet,
1172 990 1441 1052 ultimum
1501 1009 1843 1070 numquam.
1933 993 2349 1054 circumflexus
2392 1003 2621 1066 autem,
2679 1005 2846 1076 quot·
2875 1019 2901 1058 5

251 1091 400 1153 libet
441 1091 800 1172 syllabarum
845 1094 922 1152 sit
965 1092 1174 1161 dictio,
1221 1109 1344 1152 non
1389 1090 1612 1152 tenebit
1657 1093 1771 1153 nisi
1814 1092 2239 1172 paenultimam
2287 1093 2503 1156 locum.
2564 1099 2757 1174 gravis
2789 1099 2847 1157 in

252 1193 467 1256 eadem
513 1194 771 1254 dictione
818 1193 906 1254 vel
951 1213 1086 1254 cum
1134 1203 1306 1255 acuto
1351 1191 1440 1254 vel
1487 1211 1622 1255 cum
1654 1194 2035 1256 circumflexo
2080 1197 2221 1274 poni
2266 1205 2487 1275 potest,
2536 1206 2595 1258 et
2624 1198 2739 1258 hoc
2769 1198 2853 1258 illi

253 1315 376 1357 non
425 1305 518 1356 est
560 1313 875 1356 commune
921 1313 1056 1356 cum
1103 1297 1334 1356 ceteris.
1425 1313 1569 1374 ergo
1617 1293 2049 1374 monosyllaba,
2108 1314 2259 1376 quae
2304 1306 2640 1376 correptam
2684 1318 2853 1360 voca-

255 1397 375 1458 lem
419 1397 755 1466 habebunt,
802 1403 974 1457 acuto
1019 1407 1267 1457 accentu
1313 1395 1857 1475 pronuntiabimuS,
1904 1404 1970 1456 ut
2012 1399 2107 1457 fax
2152 1399 2255 1477 pix
2298 1416 2448 1468 nux;
2507 1419 2659 1480 quae
2712 1420 2851 1479 pro-

255 1499 496 1559 ductam
541 1495 798 1559 vocalem
846 1496 1176 1567 habebunt,
1225 1496 1603 1558 circumflexo
1648 1504 1896 1558 accentu
1928 1499 2470 1575 pronuntiabimuS,
2515 1508 2581 1561 ut
2621 1520 2717 1562 res
2748 1503 2855 1564 dos
2882 1522 2931 1562 ιο

255 1619 412 1680 spes.
475 1601 537 1660 in
584 1597 911 1680 disyllabis,
957 1617 1108 1679 quae
1153 1601 1413 1678 priorem
1457 1598 1809 1677 productam
1855 1597 2171 1660 habuerint
2214 1609 2275 1661 et
2302 1603 2691 1681 posteriorem
2724 1623 2855 1666 cor-

257 1709 522 1780 reptam,
568 1701 831 1780 priorem
877 1698 1160 1778 syllabam
1221 1699 1779 1769 eircumtlectemus,
1840 1707 1906 1760 ut
1950 1708 2101 1762 meta
2151 1701 2352 1762 Creta:
2412 1702 2515 1763 ubi
2560 1707 2856 1782 posterior

257 1795 482 1882 syllaba
537 1801 828 1881 producta
887 1799 1090 1871 fuerit,
1151 1819 1429 1862 acuemus
1487 1803 1783 1879 priorem,
1839 1802 1960 1861 sive
2014 1799 2111 1861 illa
2171 1811 2445 1883 correpta
2505 1804 2683 1866 fuerit
2737 1809 2858 1868 sive

259 1903 583 1983 producta,
629 1911 695 1964 ut
738 1920 923 1982 nepos
965 1901 1154 1980 leges:
1205 1901 1305 1963 ubi
1348 1901 1556 1964 ambae
1605 1903 1813 1962 breves
1844 1902 2092 1972 fuerint,
2140 1921 2421 1966 acuemus
2463 1891 2758 1985 priorem,
2796 1915 2861 1968 ut

261 2006 458 2067 bonus
503 2003 709 2065 malus.
771 2005 830 2063 in
878 2003 1192 2083 trisyllabis
1236 2012 1294 2064 et
1339 2002 1729 2082 tetrasyllabis
1774 2011 1834 2062 et
1878 2003 2182 2081 deincepS,
2230 2007 2280 2064 si
2324 2007 2681 2085 paenultima
2727 2026 2937 2070 cor-15

267 2114 433 2186 repta
482 2106 689 2176 fuerit,
736 2123 1016 2165 acuemus
1059 2104 1646 2183 antepaenultimam‚
1695 2113 1761 2164 ut
1790 2103 2017 2165 Tullius
2052 2104 2360 2166 Hostilius:
2408 2107 2460 2168 si
2503 2108 2859 2187 paenultima

266 2209 560 2289 positione
605 2205 778 2285 longa
825 2207 1028 2276 suerit,
1075 2207 1198 2285 ipsa
1243 2214 1487 2267 acuetur
1547 2213 1607 2266 et
1650 2203 2144 2285 antepaenultima
2202 2209 2365 2285 gravi
2420 2219 2667 2271 accentu
2722 2229 2860 2291 pro-

267 2295 667 2378 nuntiabitur,
725 2315 792 2368 ut
846 2305 1105 2368 Catullus
1149 2307 1445 2378 Metellus,
1501 2308 1580 2367 ita
1639 2315 1867 2377 tamen,
1924 2307 1975 2367 si
2030 2307 2324 2386 positione
2380 2307 2555 2390 longa
2613 2330 2731 2372 non
2789 2331 2860 2374 ex

269 2418 428 2472 muta
477 2419 538 2470 et
579 2407 796 2490 liquida
855 2408 1062 2478 suerit;
1118 2427 1253 2469 nam
1313 2409 1562 2469 mutabit
1615 2416 1951 2478 accentum,
2011 2415 2077 2468 ut
2133 2407 2395 2470 latebrae
2436 2412 2753 2492 tenebrae:
2812 2417 2862 2475 si

269 2512 475 2574 ultima
536 2510 731 2571 brevis
785 2509 994 2580 fuerit,
1051 2508 1408 2586 paenultima
1463 2528 1603 2570 vero
1663 2517 1873 2570 natura
1927 2507 2133 2587 longa,
2192 2511 2551 2590 paenultima
2607 2515 2857 2576 circum·
2884 2534 2939 2574 2⁰

269 2614 571 2682 flectetur,
619 2619 684 2672 ut
714 2611 1007 2688 Cethegus
1050 2628 1326 2689 perosus:
1373 2612 1423 2671 si
1467 2608 1667 2672 ultima
1700 2629 1935 2692 quoque
1966 2618 2177 2672 natura
2207 2610 2382 2691 longa
2428 2613 2634 2686 fuerit,
2680 2635 2862 2695 paen-

275 2713 476 2775 ultima
509 2721 785 2783 acuetur,
831 2719 898 2772 ιιι
927 2712 1189 2772 Athenae
1218 2712 1516 2791 Mycenae.
1575 2715 1638 2773 in
1669 2713 1990 2792 conpositis
2020 2711 2372 2775 dictionibus
2402 2734 2555 2777 uuus
2586 2727 2865 2780 accentus

273 2823 362 2876 est
419 2832 537 2875 non
584 2815 808 2883 minuS,
865 2831 1041 2892 quam
1097 2816 1158 2873 in
1215 2831 1331 2874 una
1390 2820 1559 2890 parte
1622 2814 1935 2883 orationis,
1994 2821 2060 2873 ut
2112 2813 2447 2876 malesanus
2500 2817 2862 2881 interealoci.

275 2923 556 2977 accentus
597 2916 658 2975 in
703 2916 952 2990 integris
996 2913 1349 2975 dictionibus
1393 2913 1809 2982 observantur,
1856 2915 1917 2973 in
1972 2915 2485 2980 interiectionibus
2540 2926 2599 2978 et
2650 2918 2715 2980 in
2760 2938 2865 2999 pe-

277 3017 530 3095 regrinis
573 3015 770 3077 verbis
815 3025 874 3075 et
915 3016 976 3074 in
1023 3013 1293 3076 barbaris
1324 3015 1663 3076 nominibus
1707 3013 1853 3075 nulli
1883 3017 2032 3075 certi
2060 3025 2215 3076 sunt.
2277 3026 2627 3080 accentuum
2671 3020 2862 3099 legem
2892 3041 2943 3081 25

277 3118 366 3179 vel
411 3117 812 3195 distinguendi
854 3116 946 3176 vel
989 3116 1415 3195 pronuntiandi
1459 3117 1610 3177 ratio
1643 3115 1733 3176 vel
1765 3115 2189 3176 discernendae
2220 3117 2617 3198 ambiguitatis
2664 3141 2865 3184 neces·

275 3223 416 3282 sitas
460 3238 642 3298 saepe
685 3216 1018 3278 conturbat.
1079 3235 1220 3277 sane
1266 3219 1489 3278 Graeca
1531 3216 1712 3278 verba
1755 3217 1997 3278 Graecis
2041 3217 2381 3280 accentibus
2427 3221 2743 3284 efferimus.
2804 3225 2865 3283 in

279 3323 500 3384 Latinis
543 3339 736 3399 neque
779 3326 986 3379 acutus
1029 3328 1306 3380 accentus
1350 3321 1412 3379 in
1458 3318 1658 3380 ultima
1704 3317 1923 3397 syllaba
1980 3320 2125 3398 poni
2166 3329 2361 3398 potest
2404 3323 2517 3383 nisi
2559 3323 2867 3385 discretio-

279 3426 370 3485 nis
413 3441 617 3491 causa,
667 3428 730 3481 ut
770 3423 832 3480 in
880 3420 1156 3482 adverbio
1199 3439 1384 3500 pone,
1429 3420 1566 3480 ideo
1611 3437 1686 3480 ne
1733 3418 1976 3480 verbum
2028 3426 2268 3498 putetur
2312 3422 2642 3502 imperativi
2686 3425 2866 3497 modi,

279 3543 470 3604 neque
515 3523 930 3583 circumflexus
959 3519 985 3603 ΙΙ
1018 3522 1132 3582 nisi
1175 3523 1235 3582 in
1284 3539 1348 3582 ea
1395 3520 1710 3601 particula,
1758 3537 1909 3600 quae
1954 3527 2045 3580 est
2082 3538 2245 3599 ergo.
2891 3539 2944 3582 ao

445 3627 668 3686 Acutus
709 3634 988 3685 accentus
1033 3631 1122 3682 est
1165 3631 1300 3683 nota
1345 3640 1454 3701 per
1483 3621 1787 3702 obliquum
1820 3621 2145 3684 ascendens
2188 3624 2249 3682 in
2292 3624 2592 3688 dexteram
2636 3637 2867 3708 partem

280 3725 332 3798 l,
379 3727 574 3805 gravis
617 3733 758 3786 nota
797 3743 834 3786 a
879 3743 1109 3786 summo
1165 3725 1226 3782 in
1281 3723 1586 3783 dexteram
1641 3731 1869 3802 partem
1928 3722 2293 3786 descendens
2339 3727 2401 3797 Χ,
2460 3729 2872 3791 circumflexus

280 3837 418 3888 nota
463 3827 536 3887 de
580 3835 754 3888 acuto
813 3834 874 3886 et
915 3827 1078 3902 gravi
1120 3825 1269 3886 facta
1301 3823 1396 3896 Λ,
1443 3823 1653 3903 longus
1682 3825 1839 3885 linea
1884 3845 1917 3885 a
1949 3823 2183 3886 sinistra
2215 3828 2277 3886 in
2308 3827 2610 3891 dexteram
2640 3841 2869 3910 partem

421 3996 448 4045 l
493 4011 558 4044 ns
583 3992 756 4060 roais]
798 3995 958 4046 Diom.
983 4011 1040 4057 p.
1069 3994 1174 4044 4:³5
1313 3997 1345 4044 2
1373 3995 1542 4044 Tenos
1565 3993 1646 4042 uel
1680 3999 1919 4042 accentus
1957 3992 2005 4041 L
2146 3995 2178 4043 4
2214 3999 2609 4059 paeneultimum
2644 4007 2693 4048 et
2728 4009 2870 4050 ante-

279 4065 679 4134 paeneultimum
717 4073 1008 4128 constanter·
1038 4064 1222 4114 habent
1255 4065 1360 4122 SP,
1399 4064 1735 4128 penultimum
1774 4073 1823 4111 et
1860 4063 2309 4128 antepenultimam
2346 4069 2459 4117 item
2490 4076 2785 4120 constanter
2824 4071 2871 4120 L

418 4137 454 4186 6
497 4136 676 4200 grauis
717 4135 836 4198 poni
879 4125 948 4183 in‘
973 4136 1150 4183 eadem
1185 4161 1248 4168 —
1283 4149 1398 4182 cum
1445 4133 1774 4184 circumflexo
1811 4139 1977 4196 potest
2012 4131 2109 4182 hoc
2144 4135 2187 4184 S
2323 4137 2359 4187 9
2404 4137 2591 4188 habent
2630 4140 2679 4189 L
2817 4149 2873 4188 ut

283 4205 370 4254 fax
410 4206 504 4271 pix
541 4218 650 4252 nux
680 4205 730 4252 L
767 4215 822 4253 ut
859 4203 948 4252 fax
979 4219 1084 4268 pax
1121 4204 1210 4268 pix
1252 4204 1337 4251 nix
1375 4217 1477 4252 nux
1510 4206 1529 4253 1
1564 4211 1618 4251 ut
1656 4217 1759 4268 pax
1796 4201 1888 4267 pix
1923 4217 2029 4250 nux
2060 4203 2151 4253 SP
2186 4213 2239 4252 ut
2268 4203 2356 4254 fax
2380 4208 2471 4271 pix
2504 4210 2593 4257 nix
2624 4226 2654 4259 ε
2681 4217 2737 4259 ut
2768 4225 2873 4275 pax

280 4275 372 4340 pix
407 4275 494 4322 nix
527 4272 760 4322 lulianus
903 4272 968 4322 10
1002 4273 1192 4322 habent
1222 4272 1270 4321 L
1418 4274 1480 4322 12
1516 4271 1959 4321 circumflectimus
1994 4273 2086 4323 SP
2222 4281 2391 4326 moeta
2427 4279 2476 4327 L
2618 4287 2753 4328 creta
2784 4279 2872 4329 ubi

283 4342 364 4392 uel
403 4342 585 4392 ambae
623 4341 898 4406 productae
935 4342 1016 4391 uel
1055 4343 1305 4408 posterior
1329 4341 1528 4408 syllaba
1547 4342 1795 4406 producta
1830 4339 1981 4390 fuerit
2017 4341 2099 4391 nel
2128 4341 2305 4393 ambae
2342 4354 2604 4412 correptae
2631 4364 2873 4399 acuemus

283 4412 506 4478 priorem
541 4412 790 4478 syllabam
825 4413 939 4461 siue
974 4411 1089 4475 (illa
1115 4411 1238 4463 add.
1263 4412 1314 4474 e)
1349 4419 1580 4476 correpta
1611 4410 1766 4460 fuerit
1800 4411 1913 4458 siue
1950 4411 2193 4474 producta
2232 4423 2287 4463 ut
2313 4448 2488 4468 .....
2530 4433 2681 4484 reges
2710 4433 2873 4483 nepus

285 4483 448 4532 bouus
497 4481 578 4544 (ut
616 4494 776 4544 nepos
817 4481 960 4547 leges
997 4480 1050 4542 e)
1086 4482 1136 4529 in
1174 4481 1452 4546 trisyllabis
1488 4481 1530 4532 S
1687 4479 1753 4530 13
1791 4489 2021 4545 correpta
2056 4481 2124 4532 sit
2156 4483 2203 4530 L
2348 4486 2409 4534 15
2448 4497 2499 4535 et
2532 4489 2875 4552 tetrasyllabis

283 4569 378 4603 om.
415 4553 458 4601 S
597 4551 661 4602 16
709 4547 933 4615 Tullius]
975 4551 1164 4600 nullius
1203 4564 1237 4606 ς
1338 4551 1382 4598 si
1421 4565 1543 4601 uero
1582 4549 1859 4613 penultima
1892 4549 1939 4597 L
2078 4549 2146 4599 ²0
2183 4553 2593 4606 circumflectitur
2628 4559 2671 4608 S
2805 4559 2873 4608 24

285 4621 334 4669 in
367 4621 808 4669 interiectionibus
847 4631 1016 4669 autem
1053 4629 1102 4669 et
1141 4620 1190 4668 L
1330 4619 1398 4670 25
1431 4628 1691 4668 accentum
1728 4619 1931 4683 legendi
1970 4617 2051 4668 uel
2092 4621 2439 4687 distinguendi
2472 4627 2515 4675 S
2652 4628 2717 4676 27
2758 4643 2876 4678 con-

283 4691 488 4741 turbant
526 4691 576 4738 L
719 4691 1014 4740 accentibus
1049 4689 1235 4739 melius
1264 4689 1534 4739 efferemus
1572 4690 1624 4737 in
1660 4689 1830 4736 latinis
1862 4689 2153 4740 nominibus
2194 4705 2467 4757 numquam
2506 4706 2685 4746 acutus
2724 4697 2777 4746 L

283 4759 354 4808 29
386 4769 442 4808 ut
471 4760 718 4808 aduerbio
759 4758 808 4806 L
947 4761 1014 4810 32
1048 4767 1336 4809 accentuum
1373 4768 1525 4810 notae
1559 4759 1773 4808 omissae
1810 4765 1925 4808 nme
1956 4761 2007 4809 in
2042 4760 2100 4821 S,
2140 4762 2263 4814 add.
2299 4778 2328 4812 s
2448 4764 2516 4816 33
2554 4767 2707 4834 longa
2744 4768 2879 4819 linea

283 4829 328 4880 S
365 4827 552 4896 longus
585 4827 792 4895 uin-gula
830 4831 878 4879 P

2336 4923 2467 4988 24*
