3434 5442
701 295 778 356 14
1633 323 1644 334 ·
1870 293 2095 356 Pnoffl

799 425 842 466 p.
871 412 986 455 1454.
1005 413 1054 454 ω
1081 412 1132 456 p.
1345 439 1352 446 .
2865 424 2907 465 ρ.
2938 411 3028 454 113.
3048 413 3098 454 ιι
3118 412 3166 455 ι.

697 482 1132 553 declinationis,
1201 485 1288 544 ris
1355 483 1576 544 faciens
1616 484 1929 562 genetivo.
2017 483 2121 544 sed
2186 483 2317 544 vide
2378 501 2453 546 ne
2512 481 2721 557 melius
2780 484 2859 546 sit
2916 485 3269 546 nominativo

697 603 818 646 non
859 585 1143 674 magadur
1187 585 1415 656 dicere,
1459 585 1566 646 sed
1611 583 1980 662 magaduris;
2030 592 2130 646 aut
2164 587 2210 645 si
2254 583 2679 656 rationabiliter
2714 602 3102 664 quaeramu8‚
3144 585 3267 665 pla·-

697 687 854 748 cebit
895 693 961 750 ut
996 694 1402 765 monoptotum
1455 689 1532 749 sit
1585 686 1672 748 vel
1713 685 2150 758 indeclinabile,
2216 687 2491 768 quoniam
2544 685 2741 748 nullus
2794 689 3157 751 accusativus
3196 707 3267 750 ur

695 789 912 870 syllaba
955 789 1393 852 terminaretur.
1483 789 1767 868 magadur
1812 806 1955 867 ergo
1994 807 2103 868 per
2148 795 2299 850 totos
2344 807 2515 850 casus
2552 788 2963 852 declinandum
3008 798 3115 852 est.

641 914 668 953 ⁵
829 891 977 954 ·Far
1022 893 1396 953 terminatum
1437 887 1620 952 unum
1664 893 1904 971 repperi
1958 909 2175 964 nomen
2214 891 2679 972 monosyllabum
2738 901 3017 962 neutrum
3062 894 3267 954 tertiae

693 991 1094 1056 declinationis
1135 995 1221 1056 ris
1264 993 1484 1056 faciens
1517 995 1789 1072 genetivo
1834 1011 1867 1054 r
1910 992 2221 1071 duplicata,
2267 993 2383 1056 hoc
2426 994 2516 1056 far
2560 993 2739 1056 buius
2776 993 2979 1064 farris,
3018 1013 3267 1056 numero

691 1111 928 1174 semper
957 1094 1258 1174 singulari.
1320 1113 1456 1158 nam
1485 1095 1644 1176 quod
1679 1095 1967 1174 Vergilius
1998 1113 2247 1158 numero
2287 1097 2485 1174 posuit
2512 1094 2725 1174 plurali
2769 1095 3269 1176 ‘robustaque

693 1197 720 1258 f
727 1215 760 1258 a
773 1200 946 1267 rra’,
985 1181 1214 1278 poetice
1256 1200 1480 1277 posuit,
1543 1215 1660 1259 non
1707 1196 2159 1268 rationabiliter,
2218 1198 2371 1260 sicut
2410 1216 2546 1259 aera
2592 1196 2765 1260 mella
2817 1199 2963 1258 vina.
3050 1201 3267 1280 quippe

692 1301 886 1362 omnia
939 1300 1174 1361 nomi-na
1235 1301 1482 1362 deorum
1529 1299 1620 1361 vel
1675 1299 2101 1374 elementorum
2147 1299 2235 1361 vel
2288 1317 2492 1362 earum
2548 1317 2785 1371 rerum,
2844 1319 2997 1380 quae
3052 1310 3153 1364 aut
3194 1301 3267 1362 ad

616 1425 666 1464 ιο
691 1401 926 1480 pondus
967 1409 1070 1463 aut
1109 1403 1184 1489 ad
1217 1419 1554 1466 mensuram
1601 1405 1915 1481 pertinent,
1962 1399 2333 1481 singulariter
2376 1402 2763 1471 declinantur,
2810 1402 2961 1462 sicut
2995 1404 3169 1464 etiam
3206 1405 3267 1464 in

692 1503 886 1583 primo
929 1503 1102 1566 docui
1145 1503 1318 1566 libro.
1405 1505 1495 1566 fer
1548 1506 1858 1566 terminata
1914 1506 2315 1585 corripiuntur
2368 1511 2428 1566 et
2478 1504 2773 1566 secundae
2826 1512 2963 1564 sunt
3015 1504 3269 1568 declina·
3346 1585 3353 1591 .

693 1607 902 1678 tionis,
947 1607 1001 1666 ri
1041 1609 1359 1668 terminant
1399 1609 1761 1687 genetivum,
1819 1606 2029 1668 lucifer
2066 1605 2329 1676 luciferi,
2376 1605 2625 1685 frugifer
2670 1605 2969 1684 frugiferi,
3028 1607 3270 1686 signifer

690 1708 980 1786 signiferi;
1041 1716 1102 1771 et
1141 1710 1308 1790 siqua
1351 1728 1383 1770 a
1428 1709 1674 1771 ferendo
1717 1709 1937 1770 fuerint
1977 1709 2267 1778 derivata,
2306 1707 2613 1770 habebunt
2654 1708 2714 1768 in
2750 1709 3018 1786 genetivo
3062 1728 3096 1772 e
3134 1727 3269 1770 cor-

691 1817 920 1890 reptam
963 1819 1098 1874 ante
1140 1813 1220 1881 ri;
1265 1814 1356 1872 sin
1395 1809 1590 1880 aliter,
1639 1830 1674 1872 e
1715 1811 1975 1889 perdunt
2028 1811 2087 1871 in
2126 1811 2425 1887 genetivo,
2469 1810 2609 1870 Afer
2653 1810 2797 1870 Afri.
2883 1809 2955 1870 fir
3000 1811 3123 1872 for:
3174 1811 3271 1872 his

621 1936 672 1975 ιε.
695 1911 930 1991 syllabis
968 1912 1192 1974 nullum
1235 1931 1454 1975 nomen
1497 1914 1736 1990 repperi
1780 1914 2175 1975 terminatum.
2212 1908 2240 1996 ss
2268 1913 2363 1974 fur
2408 1913 2611 1973 tertiae
2654 1920 2795 1974 sunt
2842 1911 3269 1982 declinationis,

695 2015 778 2074 ris
820 2014 1040 2075 faciunt
1079 2017 1367 2093 genetivo,
1411 2014 1507 2076 hic
1537 2023 1596 2076 et
1630 2013 1779 2076 baec
1806 2024 1867 2076 et
1894 2014 2007 2076 hoc
2038 2014 2132 2076 fur
2166 2013 2343 2076 huius
2388 2014 2551 2084 furis,
2594 2021 2651 2076 et
2682 2016 2848 2094 siqua
2894 2014 3027 2076 talia
3066 2023 3219 2078 sunt.

860 2118 1011 2179 Gar:
1059 2135 1178 2178 non
1215 2119 1409 2179 inveni
1453 2135 1668 2178 nomen
1724 2115 1835 2178 hac
1875 2115 2093 2197 syllaba
2138 2117 2534 2180 terminatum.
2622 2134 2727 2194 ger
2771 2118 3085 2177 terminata
3128 2135 3269 2176 cor-

691 2219 984 2298 ripiuntur
1029 2227 1090 2281 et
1123 2221 1318 2282 omnia
1359 2219 1652 2280 secundae
1697 2227 1837 2280 sunt
1876 2217 2295 2280 declinationis
2370 2236 2506 2279 nam
2550 2225 2651 2280 aut
2692 2221 2784 2296 gri
2824 2219 3047 2280 faciunt
3084 2234 3269 2295 gene-

690 2322 804 2382 tivo
855 2328 957 2384 aut
997 2322 1081 2391 ri:
1150 2329 1272 2382 tum
1321 2323 1404 2391 ri,
1471 2323 1522 2382 si
1561 2340 1595 2382 a
1639 2321 1903 2398 gerendo
1958 2337 2175 2382 nomen
2236 2320 2415 2382 fuerit
2466 2320 2826 2391 derivatum,
2886 2327 2950 2381 ut
3006 2323 3269 2399 armiger

613 2445 666 2486 ιο
692 2425 986 2502 armigeri,
1031 2423 1213 2502 aliger
1247 2422 1478 2502 aligeri;
1525 2424 1614 2485 sin
1649 2422 1837 2494 aliter,
1872 2425 1981 2502 gri,
2016 2429 2083 2483 ut
2120 2439 2259 2500 ager
2288 2424 2433 2500 agri,
2470 2424 2637 2502 piger
2670 2424 2846 2502 pigri,
2894 2424 3061 2501 niger
3089 2425 3269 2500 nigri.

690 2525 978 2604 excipitur
1019 2543 1201 2587 unum
1253 2525 1414 2605 quod
1463 2527 1544 2586 ris
1581 2525 1721 2586 facit
1758 2527 2057 2603 genetivo,
2106 2529 2174 2585 ut
2214 2541 2396 2602 agger
2438 2526 2689 2603 aggeris,
2778 2525 2905 2603 gir:
2966 2543 3083 2586 non
3128 2541 3273 2602 rep·
3308 2527 3311 2529 ’

687 2628 816 2706 peri
876 2645 1092 2688 nomen
1155 2626 1268 2688 hac
1317 2626 1536 2706 syllaba
1591 2629 1991 2688 terminatum.
2079 2643 2189 2703 gor
2243 2629 2449 2687 tertiae
2514 2635 2649 2687 sunt
2700 2625 3137 2696 declinationis,
3182 2627 3273 2690 ris

689 2728 910 2790 faciunt
961 2731 1260 2808 genetivo,
1301 2736 1310 2804 Ι
1349 2748 1386 2789 o
1429 2730 1490 2790 in
1533 2730 1887 2792 nominativo
1933 2735 2236 2807 correpta,
2290 2729 2351 2789 in
2396 2730 2661 2807 genetivo
2698 2728 3017 2806 producta,
3074 2728 3271 2809 frigor
3332 2789 3341 2800 ,

689 2831 958 2907 frigoris,
1019 2831 1214 2910 fulgor
1273 2831 1552 2908 fulgoris,
1623 2829 1789 2909 algor
1840 2829 2085 2910 algoris,
2154 2835 2213 2891 et
2260 2831 2427 2910 siqua
2477 2825 2630 2891 talia.
2720 2847 2831 2909 gur
2874 2831 3081 2892 tertiae
3124 2839 3275 2892 sunt

608 2954 660 2994 τε
687 2932 1112 3004 declinationis,
1128 2934 1238 2994 ,ris
1277 2934 1500 2994 faciunt
1543 2935 1831 3011 genetivo,
1870 2933 1969 2994 hic
2012 2941 2071 2994 et
2103 2932 2248 2993 llaec
2293 2940 2352 2994 et
2392 2932 2508 2992 hoc
2550 2949 2738 3011 augur
2780 2931 2957 3001 huius
3002 2935 3271 3012 anguriS,

685 3035 866 3114 Ligur
907 3036 1152 3114 Liguris,
1197 3043 1256 3096 et
1299 3036 1464 3116 siqua
1509 3033 1662 3096 talia.

853 3138 972 3199 Har
1018 3155 1135 3198 non
1179 3139 1442 3199 invenies
1481 3156 1694 3200 nomen
1739 3137 2134 3198 terminatum.
2194 3137 2303 3198 her
2343 3155 2493 3216 pura
2534 3135 2753 3217 syllaba
2800 3155 2920 3198 non
2960 3139 3269 3206 invenies;

683 3237 906 3300 adiecta
951 3257 984 3300 c
1025 3247 1157 3301 ante
1203 3239 1242 3299 h
1287 3241 1478 3302 inveni
1520 3259 1722 3311 unum,
1770 3261 1803 3300 e
1844 3248 2117 3317 correpta
2162 3242 2221 3301 in
2270 3241 2650 3308 nominativo,
2694 3241 2755 3299 in
2804 3241 3075 3317 genetivo
3120 3259 3271 3302 vero

681 3348 988 3420 pereunte,
1033 3341 1132 3402 hic
1161 3341 1410 3422 pulcher
1451 3342 1624 3403 huius
1654 3340 1909 3421 pulchri.
1972 3342 2087 3402 hoc
2126 3341 2315 3403 solum
2351 3341 2621 3402 Latinum
2663 3342 2903 3420 repperi
2934 3342 3271 3403 secundae:

605 3465 656 3506 so
685 3460 818 3504 nam
859 3445 1192 3522 genetivum
1237 3446 1257 3503 i
1301 3444 1496 3506 littera
1553 3446 1847 3504 terminat.
1934 3443 2129 3504 inveni
2175 3450 2233 3504 et
2274 3443 2381 3504 her
2436 3443 2717 3521 producta
2770 3443 2999 3504 finitum
3044 3451 3065 3502 t
3106 3443 3275 3505 litte-

683 3562 810 3607 ram
854 3552 990 3606 ante
1029 3563 1093 3607 se
1135 3545 1392 3616 habens,
1433 3546 1536 3608 sed
1583 3546 1907 3617 Graecum,
1954 3564 1987 3606 e
2026 3545 2087 3604 in
2130 3547 2397 3621 genetivo
2440 3546 2802 3623 corripienS,
2850 3543 3277 3608 declinationis

680 3650 906 3718 tertiae,
944 3649 997 3709 is
1039 3648 1310 3726 genetivo
1345 3649 1743 3718 terminatum,
1788 3645 1991 3708 aether
2033 3647 2305 3708 aetheris,
2364 3647 2478 3708 hoc
2518 3653 2715 3708 tamen
2760 3650 2913 3708 scire
2952 3646 3277 3719 debemuS,

679 3750 838 3829 quod
875 3757 1007 3828 post
1035 3768 1068 3810 c
1097 3747 1347 3810 litteram
1379 3749 1416 3810 h
1461 3750 1743 3812 Latinitas
1784 3767 1901 3810 non
1940 3748 2120 3810 habet
2157 3751 2415 3828 exceptis
2460 3747 2706 3828 pulcher
2750 3749 2961 3810 lurcho
2990 3748 3275 3812 Orchus:

679 3853 866 3913 sicin
921 3853 1194 3931 antiquis
1265 3865 1408 3912 ‘nam
1453 3849 1739 3931 Chalybes
1784 3851 2056 3914 Latinum
2120 3869 2237 3912 non
2283 3857 2398 3914 est:
2455 3869 2489 3930 y
2536 3853 2692 3912 enim
2748 3849 3002 3914 litteram
3060 3851 3277 3922 habet,

815 4015 849 4064 2
887 4027 986 4064 non
1017 4014 1266 4081 magadur
1303 4013 1501 4064 doceris
1557 4013 1652 4064 sed
1691 4014 1987 4079 magnduris
2027 4029 2063 4077 p
2106 4013 2221 4064 'non
2256 4013 2509 4080 magudur
2546 4014 2713 4063 dicere
2758 4013 2849 4065 scd
2886 4013 3190 4080 maguderis
3240 4031 3278 4071 ς

677 4098 776 4133 non
809 4084 1056 4151 Magadur
1090 4082 1260 4133 dicere
1285 4085 1389 4134 'sed
1415 4083 1706 4150 Magaderis
1745 4083 2011 4134 Putat-hius
2150 4085 2367 4150 placebit
2392 4093 2446 4133 ut
2476 4100 2513 4148 p
2552 4084 2719 4134 licebit
2742 4095 2829 4134 aut
2860 4099 2999 4135 corr.
3036 4085 3281 4150 placebit

678 4163 731 4204 ut
765 4155 816 4206 B
955 4155 988 4208 3
1017 4155 1340 4206 accusatinus
1373 4155 1425 4204 in
1461 4157 1620 4216 (corr.
1662 4154 1731 4202 im
1766 4163 1820 4204 ut
1846 4153 2067 4212 videtur)
2100 4154 2295 4218 syllaba
2329 4155 2679 4204 terminaretur
2712 4155 2763 4204 B
2810 4155 3139 4204 accusatiuus
3180 4155 3279 4204 uel

677 4227 748 4274 ris
780 4223 859 4274 uel
899 4239 960 4274 ur
995 4225 1347 4276 terminaretur
1379 4224 1574 4290 syllaba
1601 4239 1638 4286 p
1674 4225 1993 4273 accusatiuus
2020 4239 2081 4273 ur
2117 4224 2311 4288 syllaba
2348 4225 2647 4274 terminatur
2672 4237 2707 4282 ς
2863 4225 2897 4273 4
2933 4223 3197 4289 magadan·
3234 4240 3281 4286 p

675 4303 725 4344 et
757 4293 1021 4345 Putscleius
1057 4294 1304 4360 mag-ador
1325 4295 1378 4344 B
1413 4292 1668 4360 magudur
1694 4307 1729 4350 ς
1859 4295 1889 4343 7
1930 4292 2210 4360 Vergilius]
2248 4309 2424 4359 geor-9.
2460 4295 2477 4342 1
2517 4295 2617 4346 219
2736 4294 2799 4344 14
2830 4293 2941 4344 afer
2975 4293 3076 4342 afri
3115 4292 3285 4344 faber

679 4364 808 4414 fabri
841 4363 1022 4415 deletis
1056 4381 1102 4414 v.
1147 4363 1289 4414 faber
1319 4363 1448 4414 fabri
1481 4365 1532 4414 B
1689 4365 1753 4415 16
1786 4364 1891 4413 alia
1920 4379 2057 4414 corr.
2094 4365 2216 4413 talia
2244 4364 2295 4414 B
2433 4365 2493 4414 21
2538 4364 2688 4414 faciat
2711 4363 2765 4414 B
2894 4372 3017 4427 post
3042 4367 3285 4432 aggeris

673 4437 724 4484 in
760 4435 982 4498 maryine
1017 4436 1204 4486 codicis
1231 4434 1283 4484 B
1325 4435 1502 4485 addita
1531 4441 1647 4484 sunt
1674 4433 1801 4484 haec
1836 4437 1853 4464 θ
1868 4449 1901 4482 α
1937 4436 2135 4484 seriore
2168 4449 2314 4482 marm
2330 4437 2367 4496 ’‚
2410 4442 2465 4483 ut
2496 4437 2649 4486 visum
2680 4443 2757 4486 est
2786 4433 3167 4496 findernam,
3222 4441 3289 4484 et

677 4503 832 4569 Liger
871 4505 1083 4569 Ligeris,
1125 4518 1348 4554 iiaesano
1379 4505 1502 4554 talia
1533 4504 1672 4554 dicta.
1699 4519 1749 4554 u.
1780 4503 1953 4568 Ligeri
1985 4506 2136 4568 Verg.
2170 4505 2237 4564 ef.
2259 4505 2417 4569 Vero.
2436 4505 2568 4556 Aen.
2592 4503 2641 4554 X
2660 4504 2764 4557 583
2902 4503 2971 4554 23
3007 4504 3287 4570 producta

677 4573 890 4640 friguris
925 4575 1090 4639 algor,
1123 4575 1468 4638 superscripto
1507 4574 1668 4639 frigor
1703 4581 1753 4624 et
1785 4576 1839 4625 in
1871 4587 2030 4637 mar-9.
2068 4573 2243 4624 addito
2278 4573 2450 4640 fulgor
2487 4571 2687 4640 fugoris
2720 4575 2770 4624 B
2870 4575 2937 4624 24
2968 4590 3069 4640 gur
3089 4600 3170 4610 ——
3200 4577 3289 4624 26

675 4644 794 4692 talia
829 4645 880 4693 in
906 4659 1065 4707 vuar-9.
1092 4645 1213 4694 add.
1238 4645 1289 4694 B
1427 4644 1496 4694 29
1532 4643 1628 4694 hoc
1661 4644 1872 4693 latinum
1904 4644 2069 4695 solum
2102 4645 2325 4708 reperies
2352 4645 2605 4694 secundae
2632 4644 2989 4694 declinationis
3022 4646 3287 4710 genitiuo

677 4714 688 4759 i
733 4714 894 4762 littera
937 4715 1256 4764 terminatum
1297 4713 1564 4766 Putseleius
1683 4712 1753 4766 30
1789 4710 2047 4778 terminat]
2085 4714 2405 4765 terminatum
2440 4713 2491 4764 B
2594 4715 2658 4764 :33
2698 4713 2893 4764 Ort-hus
2927 4723 3044 4764 ante
3082 4715 3291 4766 lui-clio

669 4787 882 4846 positum
911 4784 962 4832 t’n
999 4783 1050 4832 B
1079 4787 1369 4846 transposed
1384 4801 1404 4834 .·
1435 4785 1505 4846 ef.
1541 4799 1702 4847 supra
1730 4799 1784 4848 p.
1828 4783 1911 4846 10,
1941 4786 2009 4836 22
