3434 5442
935 340 1348 403 EXPLANAT.
1396 340 1472 404 lN
1517 340 1875 404 DONATVM
1921 340 2059 405 LlB.
2106 341 2155 402 11
2703 347 2825 410 559

360 445 394 489 r.
421 447 472 492 oo
498 447 594 491 eod.
623 447 728 492 Lm.
2445 441 2457 454 ⁹

423 529 616 590 Heia:
670 525 958 608 Vergilius

557 627 728 691 heia
779 645 914 709 age
967 647 1232 708 rumpe
1288 647 1558 700 morae,
1621 630 1897 692 varium
1956 637 2025 690 et
2082 629 2447 690 mutabile
2501 647 2790 709 semper

557 731 830 794 femina

251 841 316 893 et
359 832 637 894 ‘hostis
681 831 895 894 adest
936 831 1161 893 heia'.

433 935 740 1008 Quianam,
787 931 928 1014 quid
968 935 1067 1004 ita,
1114 950 1247 996 cur:
1293 931 1580 1012 Vergilius
2857 955 2883 995 s

561 1037 699 1098 heu
743 1037 1084 1116 quianam
1132 1035 1534 1096 cinxerunt
1577 1034 1883 1098 aethera
1930 1035 2157 1098 nimbi
2478 1061 2485 1067 ·

253 1147 315 1199 et
359 1139 740 1219 ‘quianam
783 1137 1163 1200 sententia
1210 1134 1422 1196 vobis
1463 1135 1693 1198 Versa
1736 1143 2003 1200 retro’.

425 1240 654 1302 Mecum
699 1247 798 1302 aut
842 1237 1182 1301 adverbium
1227 1246 1322 1301 est
1362 1237 1674 1319 personale
1703 1247 1803 1300 aut
1848 1257 2179 1320 pronomen
2225 1242 2644 1320 praepositioni
2688 1257 2833 1302 con-

251 1343 552 1413 iunctumz
599 1342 685 1403 sic
727 1350 922 1404 tecum
967 1357 1168 1401 seeum
1213 1337 1514 1401 vobiscum
1559 1337 1885 1401 nobiscum.

345 1516 352 1526 ‚
424 1441 584 1504 Haec
638 1451 778 1504 sunt
827 1441 1100 1505 adverbia
1157 1441 1523 1520 quantitatis,
1581 1444 1899 1522 ‘quantum
1953 1442 2216 1504 fecisti?’
2273 1442 2521 1505 multum
2542 1489 2558 1515 ,
2606 1459 2830 1522 parum,
2864 1463 2909 1504 ιο

251 1545 398 1606 satis
437 1543 808 1625 abundeque.

428 1645 646 1710 Sedulo
699 1644 988 1708 familiare
1032 1644 1274 1707 verbum
1323 1645 1596 1717 Terenti,
1659 1643 1773 1706 hoc
1818 1653 1907 1706 est
1949 1647 2075 1707 sine
2120 1643 2286 1718 dolo,
2344 1656 2401 1708 et
2444 1647 2585 1708 facit
2627 1646 2831 1707 adver·

255 1745 422 1810 bium
465 1747 669 1810 sedule
711 1769 750 1806 -n
800 1756 859 1810 et
903 1746 975 1810 ab
1021 1766 1093 1808 eo
1138 1748 1410 1818 veniunt,
1457 1755 1524 1807 ut
1564 1746 1701 1809 felix
1748 1746 2025 1818 feliciter,
2072 1747 2287 1828 duplex
2332 1747 2663 1829 dupliciter.

426 1849 674 1923 Quando
728 1867 903 1930 saepe
958 1867 1068 1930 pro
1125 1849 1536 1910 coniunctione
1592 1851 1859 1932 ponitur,
1929 1851 2043 1911 hoc
2104 1859 2193 1912 est
2244 1852 2552 1930 quoniam,
2626 1859 2689 1910 ut
2742 1860 2831 1911 est

251 1950 428 2024 illud,
2864 1973 2911 2014 u»

558 2052 696 2115 hoe
739 2051 916 2124 tibi,
963 2052 1184 2114 l'abor
1227 2054 1446 2125 enim,
1491 2051 1785 2132 quando
1828 2051 2015 2113 haec
2057 2059 2127 2113 te
2171 2071 2342 2114 cura
2388 2052 2768 2114 remordet

255 2164 318 2217 et

563 2257 856 2338 quando
899 2255 1124 2318 aliter
1169 2273 1454 2336 nequeo
1501 2255 1886 2318 crudelem
1934 2254 2382 2335 abrumpere
2427 2259 2664 2318 vitam.

428 2359 496 2421 ln
540 2358 701 2430 loco,
747 2377 782 2418 e
825 2357 984 2428 loco,
1031 2357 1105 2420 ad
1151 2357 1374 2428 locum,
1422 2376 1532 2438 per
1574 2356 1801 2419 locum:
1846 2359 1907 2418 in
1952 2356 2082 2419 loco
2129 2357 2278 2418 ‘hic
2323 2357 2531 2419 illius
2576 2360 2832 2427 arma';

257 2479 292 2522 e
335 2460 467 2523 loco
1195 2507 1200 2514 -
2011 2460 2019 2466 “
2858 2485 2909 2524 ·.·ο

561 2562 734 2624 hinc
778 2560 863 2624 ad
906 2561 1301 2643 Tarpeiam
1345 2560 1594 2623 sedem
1637 2560 1722 2623 ad
1768 2559 2143 2642 Capitolia
2188 2561 2408 2623 ducit

563 2681 780 2726 aurea
826 2682 1048 2733 nunc:

259 2766 335 2829 ad
376 2766 572 2829 locum
621 2791 658 2828 -κ
699 2783 810 2846 per
851 2763 1042 2826 locum
1057 2813 1074 2838 ‚
1119 2773 1186 2827 ut

561 2867 701 2938 hac
742 2869 890 2929 iter
933 2874 1072 2939 est,
1117 2875 1192 2929 tu
1237 2885 1473 2947 nequa
1518 2885 1777 2930 manus
1820 2885 1895 2928 se
1940 2866 2300 2928 attollere
2346 2866 2555 2929 nobis

562 2989 596 3032 a
639 2978 855 3048 tergo
899 2969 1174 3050 possit,
1219 2968 1516 3031 custodi
1560 2977 1630 3031 et
1671 2969 1988 3030 consule
2031 2969 2269 3048 longe.
2860 2994 2911 3036 25

425 3071 756 3136 Admodum
812 3089 922 3150 pro
979 3071 1134 3140 l‘ere,
1192 3077 1252 3131 et
1294 3069 1548 3150 aliquem
1593 3068 1831 3132 modum
1878 3070 2210 3149 adpositum
2258 3089 2385 3132 esse
2430 3087 2606 3148 saepe
2648 3075 2833 3150 siqni-

250 3180 422 3250 ficat.
511 3175 838 3262 quaesitum
885 3180 999 3246 est,
1045 3191 1186 3234 num
1239 3189 1351 3254 pro
1406 3171 1574 3233 valde
1629 3190 1814 3252 usque
1870 3172 2157 3244 dicamne,
2216 3180 2275 3233 et
2328 3174 2389 3233 in
2434 3191 2541 3233 usu
2588 3172 2723 3240 suit,
2772 3182 2838 3232 ut

262 3277 421 3358 apud
466 3275 782 3338 Salustium
828 3274 1246 3337 ‘admodum
1292 3279 1575 3344 vanus’,
1622 3281 1682 3334 et
1725 3272 1881 3354 apud
1926 3273 2205 3335 Naevium
2250 3276 2311 3334 in
2358 3272 2701 3357 Clamidaria

566 3395 800 3459 neque
843 3376 1228 3440 admodum
1274 3395 1306 3438 a
1350 3375 1608 3458 pueris
1651 3373 2025 3438 abscessit
2078 3394 2321 3455 neque
2367 3374 2747 3436 admodum

571 3463 578 3469 ’
1742 3476 2355 3540 adolescentulus
2400 3485 2526 3538 est.
2858 3501 2909 3543 ao

317 3565 340 3570 Π
429 3555 827 3664 Αᾱῳιίἕεοθη
871 3579 1040 3643 aliter
1081 3583 1144 3642 in
1187 3599 1300 3642 usu
1342 3587 1548 3641 nostro
1593 3588 1712 3650 est,
1759 3598 1938 3660 quam
1986 3598 2114 3640 esse
2159 3578 2419 3640 deberet.
2498 3597 2629 3640 cum
2677 3580 2833 3640 enim

257 3703 474 3766 parere
531 3703 640 3746 nos
697 3683 942 3746 alicuius
997 3682 1290 3744 desiderio
1333 3682 1665 3762 significare
1708 3681 1976 3744 volumus
2019 3690 2119 3743 aut
2161 3682 2518 3752 sententiae,
2565 3681 2831 3760 adquies-

259 3805 402 3851 cere
439 3806 554 3878 nos
597 3787 864 3848 dicimus.

405 4027 430 4077 1
463 4025 593 4076 Heia
621 4040 713 4075 om.
751 4025 794 4074 L
869 4021 872 4025 ’
931 4025 963 4074 2
990 4023 1108 4074 heia
1137 4020 1258 4090 age]
1301 4023 1456 4089 Ver-9.
1503 4020 1636 4076 Aen.
1676 4023 1765 4072 llll
1799 4021 1901 4074 569
2036 4022 2071 4072 4
2100 4017 2285 4088 hostis]
2336 4024 2493 4088 Verq.
2535 4022 2665 4074 Aen.
2698 4022 2833 4071 Vllll

260 4097 330 4148 38
475 4096 556 4147 eia
588 4109 726 4148 corr.
762 4093 879 4145 heia
915 4095 965 4146 L
1103 4095 1137 4145 5
1167 4095 1288 4156 quia
1315 4093 1570 4156 numquid
1608 4092 1888 4155 ita'loqnor
1924 4090 2036 4158 (eur
2066 4091 2111 4157 l)
2147 4091 2397 4156 nel-gilius
2433 4092 2482 4141 L
2655 4092 2688 4142 6
2715 4088 2833 4154 heu]

263 4169 429 4232 'Ver-9.
465 4165 596 4220 Aeu.
638 4165 685 4216 V
722 4163 788 4217 13
967 4163 1261 4216 cincxernnt
1283 4163 1334 4212 L
1491 4159 1674 4228 nimbi]
1717 4162 1879 4211 minui
1910 4161 1959 4212 L
2134 4163 2165 4212 7
2202 4159 2462 4228 quianam]
2512 4163 2669 4226 Vere.
2707 4162 2835 4211 Aen.

261 4237 311 4287 X
345 4235 382 4287 6
526 4236 584 4288 ‚tl
617 4234 855 4287 habunde
891 4248 1022 4298 quae
1061 4235 1107 4284 L
1253 4232 1319 4285 13
1355 4243 1406 4284 et
1437 4233 1501 4282 ab
1537 4247 1598 4282 eo
1625 4257 1692 4269 -
1733 4230 2003 4297 dupliciter
2036 4232 2111 4282 ad
2141 4233 2523 4295 disputationem
2556 4232 2621 4281 de
2652 4233 2837 4282 adver-

259 4307 358 4358 biis
385 4304 536 4356 facite
559 4313 612 4358 et
647 4303 857 4356 difficile
889 4306 1150 4370 pertinere
1183 4304 1428 4355 videntur.
1465 4305 1637 4368 itaque
1666 4303 1895 4353 lacunam
1922 4303 2145 4352 indicavi
2302 4303 2368 4352 14
2398 4299 2474 4368 ut]
2518 4299 2613 4350 boc
2651 4300 2699 4350 L

266 4377 332 4428 16
367 4374 466 4426 hoc
497 4376 590 4428 tibi
625 4377 646 4425 l
680 4375 776 4426 hoc
811 4374 850 4424 ti
878 4375 958 4426 L.-
992 4376 1150 4440 Verq.
1189 4375 1320 4427 Aen.
1362 4375 1382 4423 1
1419 4372 1519 4425 261
1689 4371 1755 4424 18
1792 4368 2013 4439 quando]
2066 4374 2224 4437 Vfflv-
2263 4371 2394 4421 Aen.
2434 4371 2569 4422 Vllll
2598 4371 2699 4422 497

264 4447 371 4497 uita
407 4447 458 4496 L
604 4443 668 4496 19
705 4441 806 4510 hie]
854 4443 1011 4510 Ver-9.
1045 4445 1177 4498 Aen.
1207 4447 1229 4495 I
1260 4443 1330 4496 16
1434 4441 1500 4495 21
1535 4440 1674 4512 hinc}
1718 4443 1877 4515 ἵξῃ.
1913 4442 2044 4493 Aen.
2082 4440 2326 4492 V111347
2360 4484 2375 4499 ‚
2466 4440 2533 4492 23
2570 4441 2636 4491 ad
2674 4441 2836 4491 locum

259 4515 488 4568 hocloco
505 4519 732 4568 omma
748 4521 864 4578 poet
884 4515 950 4564 21
975 4515 1149 4565 sedem
1170 4514 1322 4565 habet
1343 4515 1409 4566 L.
1436 4527 1506 4564 ex
1660 4519 1823 4564 autem
1857 4527 1929 4562 eoe
2058 4527 2134 4562 um
2168 4527 2201 4562 a
2268 4509 2397 4561 erbia'
2428 4511 2505 4562 ad
2530 4512 2685 4564 Iocum
2720 4512 2843 4562 dicti

401 4589 472 4638 24
510 4586 606 4637 hac
638 4587 793 4636 iteres
819 4593 924 4634 tum
963 4584 1121 4652 (corr.
1153 4583 1297 4650 tune)
1332 4597 1484 4648 quam
1515 4597 1644 4633 anns
1683 4583 1859 4634 sedeat
1892 4581 2068 4632 tollere
2092 4583 2177 4632 L.-
2221 4583 2378 4645 Verq-
2406 4583 2536 4634 Aen.
2564 4582 2703 4631 Vllll
2736 4580 2833 4632 321

401 4659 471 4710 Ἠ)
505 4656 660 4723 longa
697 4655 748 4704 L
887 4653 956 4707 26
987 4670 1081 4722 pro
1108 4653 1234 4724 fere]
1278 4653 1509 4722 proferre
1535 4654 1586 4704 L
1724 4651 1979 4720 signifieat
2011 4667 2103 4706 om.
2133 4651 2182 4702 L
2352 4653 2419 4702 27
2454 4649 2598 4716 num]
2636 4667 2751 4700 nam
2790 4651 2838 4701 L

405 4779 624 4829 dicimus
659 4777 710 4827 L
814 4776 912 4827 fuit
945 4785 1060 4827 utar
1095 4785 1150 4827 nt
1185 4775 1430 4828 salustius
1461 4774 1623 4840 (corr.
1662 4773 1818 4839 -ium)
1860 4772 1907 4821 L
2011 4775 2078 4824 28
2116 4774 2319 4823 nenium
2350 4773 2396 4822 L
2510 4773 2581 4824 29
2616 4737 2840 4839 ‚zuei-is

264 4849 489 4900 abaceeit
514 4850 562 4898 L
701 4847 765 4899 31
802 4849 928 4899 alter
965 4849 1015 4898 L
1151 4855 1257 4898 tum
1283 4847 1416 4897 enim
1447 4859 1632 4912 parens
1671 4859 1765 4896 nos
1793 4845 1842 4894 L
