3434 5442
992 286 1387 398 INSTrrVTA
1427 335 1713 399 ARTIVM
1763 335 2092 398 130-138
2757 338 2840 402 69

328 467 375 507 p.
408 453 577 494 ussto
612 454 669 496 11.
2405 465 2448 505 p.
2478 452 2655 493 esi-5⁶
2685 451 2738 493 ν.

246 526 527 604 paratiros
592 524 692 586 vel
754 523 1143 604 superlativos
1200 541 1313 584 nec
1367 542 1487 584 non
1542 532 1603 585 et
1642 525 1805 602 ipsos
1868 525 2144 603 positivus
2208 523 2428 601 gradus
2493 521 2584 584 vel
2651 541 2838 584 unum

248 645 447 688 nomen
494 626 865 696 anomalum,
912 632 1195 705 quantum
1232 627 1381 698 ratio
1418 624 1715 706 poscebat,
1764 627 2161 687 tractavimus,

404 729 583 790 Nunc
628 730 911 808 quoniam
956 745 1133 808 quem
1168 727 1241 809 ad
1286 727 1527 788 modum
1574 746 1645 788 ex
1692 745 1912 806 genere
1957 729 2254 788 communi
2294 725 2512 804 gradus
2557 724 2840 788 conlatio-

250 834 331 893 nis
364 833 509 892 fiant
546 830 938 900 ostendimus,
986 837 1045 892 et
1082 830 1215 891 ideo
1260 831 1373 890 iam
1418 829 1492 890 de
1538 846 1759 906 genere
1803 830 1962 889 omni
2012 829 2378 908 incipiamus,

407 935 493 996 De
538 949 765 1010 genere
807 933 985 992 omni.
1076 933 1267 992 omnis
1304 931 1541 1008 generis
1578 933 1837 1002 nomina,
1879 932 1968 991 sic
2011 931 2094 990 uti
2140 947 2318 1008 supra
2365 924 2836 1022 dollcuiplus,·in
2889 957 2915 995 s

252 1039 489 1117 positivo
530 1035 723 1112 gradu
782 1035 1135 1095 nominativo
1180 1051 1320 1093 casu
1374 1033 1609 1093 numeri
1660 1029 1974 1110 singularis
2025 1032 2232 1092 decem
2288 1031 2382 1091 bis
2435 1032 2642 1092 formis
2697 1031 2839 1093 defi-

252 1139 505 1199 niuntu(
540 1145 803 1204 tantum,
871 1154 941 1196 ax
988 1153 1064 1196 ex,
1111 1134 1171 1196 ix
1226 1152 1303 1194 ox
1358 1151 1465 1194 ans
1515 1151 1623 1194 ens
1680 1151 1776 1194 ers
1819 1151 1920 1194 ors
1971 1151 2042 1194 us
2085 1117 2198 1194 a‘m.
2289 1151 2448 1193 nunc
2513 1134 2838 1195 earundem

248 1241 533 1302 rationem
576 1237 929 1308 subicimus,
960 1243 1111 1317 'qua
1165 1236 1545 1297 dinoscantur
1590 1236 1860 1306 nomina,
1927 1253 2103 1316 quem
2151 1235 2222 1296 ad
2263 1234 2504 1296 modum
2565 1255 2637 1296 ex
2697 1237 2840 1314 ipsis

250 1341 451 1403 formis
494 1339 719 1418 gradus
764 1338 1105 1399 conlationis
1148 1337 1343 1400 facere
1386 1337 1626 1416 possint.
2459 1353 2464 1358 ·

409 1441 497 1504 De
538 1461 631 1502 ax.
720 1457 1131 1521 quaecumque
1173 1441 1407 1500 nomina
1454 1440 1690 1517 generis
1740 1438 1966 1500 scilicet
2009 1439 2201 1523 omnjs
2259 1439 2316 1497 in
2359 1437 2604 1516 positivo
2647 1438 2914 1515 gradum

246 1546 603 1605 nominativo
650 1561 791 1605 casu
833 1541 1065 1603 numeri
1116 1539 1433 1620 singularis
1478 1559 1551 1601 ax
1594 1537 1806 1602 litteris
1848 1539 2239 1611 definiuntur,
2297 1541 2349 1599 si
2391 1537 2840 1622 comlparativos

242 1647 463 1726 gradus
500 1665 573 1706 ex
617 1665 683 1706 se
726 1645 923 1706 facere
958 1651 1227 1724 possunt,
1271 1643 1417 1704 haec
1460 1645 1519 1703 in
1562 1642 1756 1703 dativo
1797 1658 1936 1702 casu
1981 1642 2210 1702 numeri
2255 1639 2574 1720 singularis
2607 1659 2678 1702 or
2719 1641 2836 1722 syl-

244 1747 433 1810 labam
498 1748 799 1826 accipiunt
862 1753 921 1807 et
982 1745 1445 1825 comparativum
1502 1744 1754 1824 gradum
1811 1745 2044 1821 generis
2102 1745 2432 1805 communis
2485 1744 2834 1813 ostendunt;

244 1849 467 1910 seilicet
506 1851 806 1930 quoniam,
848 1849 934 1908 sic
980 1849 1065 1908 uti
1108 1865 1285 1927 saepe
1326 1847 1597 1918 diximus,
1642 1848 2004 1926 quicumque
2049 1845 2428 1924 comparativi
2469 1845 2688 1924 gradus
2729 1863 2836 1905 no-

244 1953 519 2012 minativo
564 1969 705 2011 casu
750 1951 981 2010 numeri
1024 1948 1341 2026 singularis
1384 1950 1474 2009 ior
1517 1949 1726 2010 litteris
1769 1947 2124 2008 definiuntur
2169 1953 2226 2024 et
2269 1964 2390 2006 non
2433 1966 2506 2008 ex
2540 1946 2636 2007 illa
2679 1947 2914 2026 posi-1⁶

244 2055 399 2114 tione
445 2052 708 2120 formae,
756 2067 871 2131 qua
914 2071 987 2113 ex
1033 2067 1253 2129 genere
1294 2050 1617 2111 masculino
1660 2051 2018 2110 nominativo
2064 2067 2204 2109 casu
2250 2049 2483 2110 numeri
2525 2047 2838 2125 singularis

242 2175 307 2216 ex
354 2154 569 2215 litteris
623 2155 860 2214 nomina
906 2154 1293 2221 definiuntur,
1348 2133 1551 2213 venire
1604 2133 2056 2228 intelleguntur,
2117 2151 2176 2212 hi
2220 2151 2456 2228 generis
2503 2150 2838 2210 communis

242 2275 369 2320 esse
436 2257 850 2335 reperiuntur,
919 2265 983 2316 ut
1020 2262 1159 2333 puta
1216 2255 1313 2315 hic
1364 2261 1421 2316 et
1464 2255 1611 2315 baec
1664 2259 1723 2314 et
1765 2253 1880 2314 boc
1923 2252 2112 2314 audax
2169 2251 2306 2313 huic
2351 2251 2558 2312 audaci
2611 2249 2707 2310 hic
2747 2249 2838 2313 vel

244 2359 385 2420 baec
428 2358 715 2418 audacior
757 2356 953 2418 facere
983 2356 1215 2418 debeat.
1275 2374 1433 2416 nunc
1474 2357 1621 2416 haec
1660 2355 1868 2417 eadem
1912 2372 2092 2434 supra
2131 2355 2272 2415 dicti
2317 2353 2552 2432 generis
2579 2353 2833 2424 nomina,

242 2479 389 2540 quae
434 2461 693 2520 diximus
732 2461 794 2520 in
850 2477 1026 2538 supra
1078 2458 1235 2520 dicto
1290 2458 1475 2536 gradu
1522 2457 1878 2518 nominativo
1929 2473 2068 2516 casu
2115 2456 2350 2516 numeri
2394 2453 2708 2532 singularis
2761 2473 2836 2516 ax
2863 2478 2916 2520 20

242 2561 449 2622 litteris
490 2561 757 2630 definiri,
813 2562 874 2621 in
916 2561 1109 2622 dativo
1155 2577 1301 2621 casu
1328 2561 1580 2621 'numeri
1632 2557 1954 2636 singularis
1995 2575 2068 2618 us
2111 2555 2396 2636 syllabam
2439 2557 2736 2634 accipiunt
2781 2563 2840 2616 et

244 2682 355 2724 non
427 2671 661 2724 tantum
726 2664 1189 2739 comparativum
1257 2661 1509 2738 gradum
1580 2661 1818 2739 generis
1879 2661 2076 2720 neutri
2135 2659 2240 2719 sed
2302 2666 2362 2719 et
2422 2656 2836 2720 adverbiorum

242 2765 591 2833 ostendunt;
638 2761 865 2825 scilicet
898 2765 1175 2842 quoniam
1218 2765 1577 2844 quicumque
1618 2762 1998 2840 comparativi
2039 2760 2260 2838 gradus
2301 2761 2660 2821 nominativo
2695 2775 2838 2820 casu

242 2869 475 2928 numeri
514 2865 833 2943 singularis
874 2867 969 2926 ius
1011 2864 1220 2926 litteris
1254 2865 1635 2934 definiuntur,
1679 2862 1742 2924 hi
1783 2881 1902 2924 non
1947 2869 2175 2924 tantum
2217 2862 2454 2939 generis
2497 2863 2691 2938 neutri
2733 2862 2838 2923 sed

242 2978 293 3030 et
334 2967 761 3029 adverbiorum
807 2985 939 3028 esse
977 2969 1385 3046 reperiuntur,
1444 2974 1511 3026 ut
1552 2972 1693 3044 puta
1759 2965 1854 3026 hic
1897 2973 1956 3026 et
1997 2965 2144 3026 haec
2187 2971 2246 3026 et
2290 2965 2406 3024 hoc
2449 2963 2640 3024 audax
2695 2963 2834 3024 huic
2859 2985 2912 3026 25

240 3071 480 3140 audaci,
529 3069 815 3130 audacius
858 3070 1095 3147 utrique
1138 3069 1513 3147 respondeat.
1604 3067 1707 3130 sed
1755 3075 1896 3128 tunc
1940 3067 2001 3127 bi
2046 3068 2282 3146 generis
2321 3065 2516 3127 neutri
2569 3082 2700 3126 esse
2742 3079 2863 3126 re·x

240 3175 585 3250 perimitur,
632 3170 901 3249 quando,
946 3177 1011 3231 ut
1052 3149 1231 3248 supra
1274 3171 1554 3240 diximus,
1602 3169 1924 3248 generibus
1969 3171 2196 3231 neutris
2233 3169 2397 3244 iungi
2437 3168 2837 3237 inveniuntur,

242 3282 301 3334 ut
354 3281 501 3352 puta
560 3274 581 3304 ²
602 3272 885 3335 audacius
940 3273 1354 3351 mancipium’.
1443 3279 1503 3333 at
1556 3290 1699 3333 vero
1751 3271 1986 3354 quando
2043 3289 2161 3345 non
2220 3268 2538 3348 generibus
2593 3268 2838 3336 neutriS,

240 3375 339 3436 sed
383 3393 525 3436 cum
558 3374 669 3435 alia
714 3372 979 3454 qualibet
1019 3381 1187 3452 parte
1228 3374 1509 3460 orationis
1548 3375 1890 3443 miscentur,
1936 3373 2352 3434 adverbiorum
2395 3389 2528 3442 esse
2571 3385 2838 3449 pronun-

242 3479 491 3547 tiantur,
554 3482 623 3537 ut
668 3483 805 3555 puta
859 3476 1177 3537 ‘audacius
1220 3477 1417 3539 dixit’.
1506 3479 1593 3538 sic
1637 3483 1695 3537 et
1739 3475 1836 3537 alii
1883 3475 2268 3553 comparativi
2307 3473 2552 3552 gradus,
2601 3471 2918 3552 quandoso

242 3581 445 3658 generi
492 3587 709 3640 neutro
752 3577 841 3640 vel
884 3578 1119 3660 quando
1164 3577 1445 3640 adverbio
1486 3579 1914 3658 respondeant,
1961 3575 2399 3654 intelleguntur.
2487 3593 2650 3636 nunc
2691 3575 2840 3636 baec

242 3682 447 3743 eadem
486 3683 731 3742 nomina
779 3683 1015 3759 generis
1054 3680 1279 3742 scilicet
1322 3682 1543 3750 omnis,
1604 3698 1756 3758 quae
1803 3678 2056 3739 diximus
2103 3678 2162 3738 in
2208 3679 2458 3757 positivo
2500 3677 2690 3756 gradu
2732 3695 2840 3738 no-

242 3785 517 3844 minativo
562 3801 706 3843 casu
748 3785 981 3844 numeri
1024 3781 1339 3861 singularis
1384 3801 1457 3844 ax
1506 3781 1713 3843 litteris
1759 3781 2024 3850 definiri,
2087 3781 2138 3840 si
2180 3778 2566 3858 superlativus
2620 3780 2842 3857 gradus

246 3905 311 3946 ex
352 3905 417 3948 se
478 3885 683 3946 facere
734 3892 1007 3963 possunt,
1074 3886 1135 3946 in
1170 3887 1454 3964 genetivo
1504 3901 1643 3945 casu
1694 3884 1928 3944 numeri
1985 3880 2300 3960 singularis
2351 3881 2534 3941 simus
2587 3880 2844 3964 syllabas

246 3989 539 4066 accipiunt
580 3994 641 4048 et
676 3984 1099 4065 superlativum
1144 3986 1393 4072 gradum
1439 3987 1677 4061 generis
1721 3985 2030 4046 masculini
2075 3983 2408 4052 ostendunt,
2455 3989 2522 4044 ut
2561 3991 2700 4062 puta
2743 3982 2840 4044 hic
2865 4003 2924 4046 ss.

248 4096 301 4148 et
332 4089 483 4151 haec
524 4097 587 4150 et
624 4089 743 4152 1103
788 4089 976 4150 audax
1011 4089 1187 4150 huius
1226 4088 1465 4149 audacis
1508 4085 1605 4148 bic
1648 4087 2074 4151 audacissimus
2132 4086 2328 4146 facere
2379 4084 2607 4146 debeat.
2699 4085 2840 4146 item

250 4189 387 4252 baec
436 4191 645 4252 eadem
692 4209 877 4270 supra
914 4190 1049 4251 dicti
1096 4191 1331 4268 generis
1386 4189 1621 4250 nomina
1685 4191 1744 4250 in
1789 4207 1968 4269 supra
2008 4189 2169 4249 dicto
2215 4205 2353 4248 casu
2398 4187 2545 4247 sima
2589 4185 2844 4267 syllabas

250 4294 537 4372 accipiunt
582 4300 639 4353 et
688 4292 1111 4372 superlativum
1158 4292 1405 4370 gradum
1450 4292 1687 4370 generis
1733 4273 1997 4352 feminini
2023 4288 2387 4357 ostendunt,
2445 4295 2512 4349 ut
2556 4294 2698 4367 puta
2744 4287 2841 4350 hic

250 4403 303 4453 et
340 4395 486 4456 baec
528 4401 587 4454 et
630 4393 748 4456 hoc
793 4393 981 4454 audax
1019 4395 1193 4456 huius
1236 4394 1475 4455 audacis
1518 4393 1667 4456 haec
1712 4393 2092 4454 audacissima
2163 4393 2361 4453 facere
2421 4389 2652 4451 debeat.
2733 4386 2838 4472 3111

254 4515 379 4556 vero
436 4496 585 4558 baec
628 4495 841 4558 eadem
892 4513 1067 4574 supra
1128 4496 1265 4558 dicti
1320 4498 1557 4574 generis
1609 4497 1846 4556 nomina
1897 4496 1962 4556 in
2005 4512 2184 4573 supra
2229 4493 2386 4554 dicto
2443 4510 2583 4554 casu
2625 4492 2838 4553 simum
2865 4510 2918 4552 (ο

252 4597 487 4676 syllabas
546 4596 852 4676 accipiunt
908 4606 965 4656 et
1014 4597 1431 4676 superlativum
1495 4598 1745 4675 gradum
1813 4599 2050 4674 generis
2109 4598 2304 4658 neutri
2363 4594 2710 4664 ostendunt,
2776 4601 2844 4654 ut

375 4746 407 4795 8
442 4745 731 4796 subicimus
770 4759 799 4792 r
836 4742 1151 4795 subiciemus
1190 4743 1237 4794 R
1400 4745 1433 4795 9
1467 4743 1667 4808 possint
1704 4743 1751 4792 R
1788 4749 2004 4808 possunt
2031 4757 2060 4790 r
2209 4741 2279 4793 26
2312 4740 2590 4806 respondet
2617 4739 2703 4794 ,Ro

256 4813 319 4863 ²9
348 4817 441 4866 alia
474 4817 705 4882 qualibet
746 4831 781 4864 r
819 4813 1121 4876 aliqualibet
1158 4813 1203 4863 R
1344 4813 1740 4880 pronuntiantur
1774 4829 1803 4862 v
1849 4811 2204 4880 pronuntietur
2237 4811 2285 4862 R
