3434 5442
1161 339 1392 402 COMM.
1438 338 1513 400 IN
1559 340 1919 402 DONATVM
2698 346 2827 407 413

2383 461 2424 500 p.
2456 449 2570 490 1759.
2600 445 2652 490 9⁰
2680 447 2726 490 P.

249 526 534 596 ostendit,
583 537 650 588 ut
697 525 926 587 lectito:
974 527 1264 606 significat
1308 529 1463 590 enim
1509 547 1686 608 saepe
1731 527 1883 606 lego.
1930 546 2073 608 quas
2104 529 2331 589 formas
2359 527 2625 608 plerique
2656 526 2833 587 veluti

247 627 484 690 inutiles
538 629 800 690 refutare
853 627 1080 699 volunt,
1140 629 1242 690 sed
1299 632 1726 691 convincuntur
1780 630 2102 692 secundum
2147 632 2437 691 rationem
2482 627 2827 692 naturalem.

247 729 430 792 multa
476 733 636 792 enim
680 738 845 802 sunt,
895 749 1044 812 quae
1089 733 1330 812 proprie
1378 731 1660 813 explicari
1701 750 1820 793 non
1861 741 2109 813 possunt
2137 733 2250 792 nisi
2280 733 2423 793 istis
2498 732 2831 792 meditativa

246 841 445 895 autem
493 835 685 894 forma
728 835 793 893 in
837 835 928 893 rio
976 833 1220 904 desinit,
1267 843 1330 894 ut
1373 835 1690 913 scripturio
1720 837 2005 915 parturio.
2063 835 2394 896 inchoativa
2426 843 2618 895 autem
2650 833 2829 893 verba

244 937 506 1015 quinque
537 934 756 1014 regulis
788 937 1196 1008 continentur,
1243 955 1492 1018 quarum
1523 939 1572 998 si
1600 955 1716 998 una
1764 937 2041 1008 defuerit,
2089 937 2419 998 inchoativa
2464 954 2581 996 non
2629 941 2820 996 erunt.
2852 951 2877 990 5

244 1037 467 1099 debent
524 1040 683 1099 enim
737 1039 799 1099 in
858 1057 959 1100 sco
1017 1038 1297 1119 syllabam
1355 1041 1517 1100 exire
1574 1047 1634 1100 et
1677 1040 1967 1118 originem
2014 1037 2230 1100 ducere
2275 1057 2307 1100 a
2353 1038 2601 1100 neutrali
2647 1036 2827 1098 verbo

244 1149 302 1200 et
347 1141 557 1202 tertiae
604 1158 732 1203 esse
779 1143 1208 1220 coniugationis
1254 1151 1562 1222 correptae
1594 1150 1651 1203 et
1697 1161 1904 1204 carere
1950 1149 2215 1223 tempore
2260 1142 2525 1222 perfecto
2570 1148 2628 1202 et
2668 1139 2827 1219 plus-

241 1243 719 1322 quamperfecto,
780 1262 984 1305 carere
1043 1245 1215 1305 etiam
1273 1245 1584 1324 participio
1649 1243 1833 1306 futuri
1887 1245 2188 1325 temporis
2278 1244 2412 1305 ideo
2479 1251 2669 1303 autem
2734 1243 2825 1301 in-

241 1345 510 1407 choativa
568 1354 773 1407 carent
827 1354 1094 1424 tempore
1153 1346 1446 1426 perfecto,
1503 1347 1777 1426 quoniam
1836 1364 1987 1426 quae
2043 1346 2397 1407 inchoantur
2440 1344 2587 1405 nihil
2630 1343 2824 1423 perse-

242 1455 406 1508 ctum
449 1447 672 1508 babere
717 1446 953 1508 debent.
1044 1449 1468 1528 frequentativa
1511 1447 1698 1508 forma
1743 1449 1807 1508 in
1849 1456 1911 1509 to
1956 1448 2189 1529 quando
2235 1448 2379 1518 exit,
2426 1464 2660 1525 semper
2702 1447 2824 1524 pri·
2852 1462 2900 1502 ιο

241 1569 376 1611 mae
422 1551 850 1630 coniugationis
894 1557 1011 1621 est,
1057 1558 1125 1610 ut
1164 1549 1364 1611 lectito
1409 1549 1663 1620 lectitaS,
1711 1551 1931 1610 cursito
1973 1552 2251 1620 cursitaS,
2297 1550 2563 1628 scriptito
2592 1549 2823 1627 scripti-

241 1659 349 1712 tas,
441 1653 493 1713 si
548 1659 744 1713 autem
801 1653 862 1712 in
919 1672 987 1714 so
1032 1658 1228 1724 exeat,
1278 1653 1450 1714 etiam
1498 1653 1708 1713 tertiae
1756 1669 1885 1713 esse
1928 1659 2149 1732 potest,
2210 1660 2278 1714 ut
2320 1651 2541 1712 lacesso
2586 1649 2824 1711 lacessis

241 1763 303 1814 et
346 1753 575 1816 facesso
621 1753 881 1816 facessis,

413 1857 870 1936 Coniugationes
913 1865 1035 1917 tres
1079 1865 1216 1917 sunt
1258 1858 1497 1917 nomina
1542 1855 1829 1916 habentes
1873 1855 1946 1916 ab
1992 1855 2201 1917 ordine
2244 1853 2589 1916 litterarum.
2647 1873 2822 1935 quae-

241 1938 482 2020 runtur·
512 1967 708 2020 autem
764 1960 1024 2039 quinque
1079 1958 1288 2030 rebuS,
1347 1959 1402 2019 id
1451 1965 1541 2020 est
1581 1957 1895 2018 indicativo
1938 1958 2145 2030 modo,
2196 1968 2461 2038 tempore
2504 1959 2819 2037 praesenti,
2851 1975 2899 2014 ιε,

239 2080 492 2123 numero
549 2058 862 2140 singulari,
921 2061 1178 2122 secunda
1223 2080 1507 2140 persona,
1568 2067 1704 2121 ante
1749 2059 1973 2121 litteras
2016 2059 2109 2121 vel
2164 2070 2297 2121 ante
2342 2059 2620 2140 syllabas:
2688 2068 2823 2120 ante

236 2163 469 2224 litteras
522 2165 585 2222 in
640 2161 838 2223 verbis
893 2165 1094 2224 activis
1150 2171 1208 2223 et
1261 2162 1656 2235 neutralibus»,
1716 2169 1851 2224 ante
1905 2161 2157 2242 syllabas
2214 2165 2271 2223 in
2328 2164 2570 2233 ceteriS,
2628 2163 2689 2222 id
2735 2171 2823 2223 est

235 2266 482 2345 passivis
537 2264 950 2325 communibus
1003 2265 1453 2344 deponentibus,
1543 2283 1686 2344 ergo
1743 2264 1845 2325 ubi
1900 2285 1933 2326 a
1976 2265 2181 2336 fuerit,
2241 2267 2431 2344 prima
2487 2266 2820 2344 coniugatio

237 2375 354 2437 est,
400 2375 470 2428 ut
511 2383 645 2427 amo
689 2383 881 2435 amas;
926 2364 1029 2426 ubi
1074 2385 1137 2435 e,
1185 2367 1470 2437 secunda,
1519 2374 1584 2428 ut
1627 2365 1812 2427 doceo
1858 2365 2067 2437 doces;
2110 2367 2212 2428 ubi
2255 2369 2292 2439 i,
2339 2369 2533 2438 tertia,
2581 2373 2643 2427 ut
2687 2365 2819 2444 lego

233 2467 414 2547 legis:
473 2468 574 2528 sed
635 2471 805 2530 tertia
866 2467 1216 2548 plerumque
1262 2476 1323 2529 et
1365 2475 1638 2548 correpta
1683 2482 1773 2529 est
1816 2477 1875 2528 et
1916 2469 2235 2549 producta,
2281 2470 2437 2549 quod
2486 2469 2816 2549 deprehen-
2844 2485 2894 2526 20

236 2570 397 2632 ditur
442 2572 556 2633 hac
600 2572 847 2631 ratione.
936 2571 986 2630 si
1033 2578 1307 2650 correpta
1350 2571 1553 2642 fuerit,
1599 2572 1661 2630 in
1705 2571 1937 2651 passivo
1983 2578 2117 2632 ante
2161 2575 2428 2632 ultimam
2458 2570 2739 2651 syllabam
2786 2590 2819 2631 e

232 2671 508 2742 habebit,
555 2681 620 2733 ut
662 2671 795 2751 lego
839 2671 1014 2750 legiS,
1059 2671 1227 2750 legor
1271 2671 1514 2751 legeris;
1573 2674 1623 2732 si
1667 2683 1861 2734 autem
1908 2674 2193 2754 producta
2238 2675 2443 2752 fuerit,
2489 2675 2508 2733 i
2552 2691 2817 2734 reserva-

233 2773 321 2834 bit
375 2775 437 2834 in
494 2775 756 2854 passivo,
815 2781 881 2834 ut
935 2775 1129 2834 nutrio
1171 2770 1197 2858 ΙΙ
1241 2777 1461 2845 nutriS,
1518 2776 1749 2835 nutrior
1804 2777 2065 2838 nutriris.
2155 2795 2305 2855 quae
2346 2777 2597 2836 varietas
2642 2777 2815 2835 etiam

233 2875 308 2936 de
362 2877 710 2956 imperativo
766 2876 944 2938 modo
1001 2875 1322 2954 colligitur:
1382 2895 1519 2938 nam
1575 2879 1746 2938 tertia
1804 2886 2073 2957 correpta
2130 2877 2192 2936 in
2249 2895 2282 2936 e
2341 2879 2485 2947 exit,
2544 2885 2608 2937 ut
2667 2876 2817 2956 lege,

231 2979 408 3040 tertia
454 2978 740 3057 producta
786 2979 846 3039 in
896 2980 941 3049 i,
989 2987 1054 3040 ut
1098 2979 1284 3038 nutri:
1331 2979 1470 3040 item
1515 2979 1731 3038 infiniti
1776 2978 1938 3039 modi
1964 2977 2321 3058 paenultima
2368 2977 2616 3058 syllaba,
2663 2999 2813 3058 quae
2839 2999 2890 3040 25

233 3082 284 3140 si
328 3079 504 3159 longa
548 3080 754 3152 fuerit,
803 3081 1149 3160 productam
1197 3081 1672 3159 coniugationem
1733 3099 1863 3141 esse
1895 3064 2300 3151 demonstrat,
2346 3087 2412 3141 ut
2454 3081 2710 3150 nutrire;
2766 3083 2815 3142 si

231 3182 460 3253 breviS,
508 3190 844 3263 correptam
892 3201 1020 3244 esse
1067 3183 1380 3261 significat,
1427 3190 1495 3243 ut
1536 3181 1753 3261 legere.
1843 3183 1956 3242 bae
2000 3189 2191 3242 autem
2239 3182 2680 3260 coniugationes
2724 3183 2814 3242 l'u-

231 3291 429 3346 turum
476 3291 711 3365 tempus
753 3285 1055 3346 indicativi
1099 3284 1256 3345 modi
1301 3285 1460 3344 varie
1504 3287 1761 3344 mittunt.
1850 3302 1989 3344 nam
2034 3285 2223 3361 prima
2269 3292 2328 3344 et
2371 3285 2627 3346 secunda
2674 3304 2814 3346 con-

231 3389 560 3464 iugationes
589 3388 652 3446 in
682 3386 761 3447 bo
806 3387 1057 3457 ducunt,
1105 3395 1170 3448 ut
1213 3405 1345 3448 amo
1391 3404 1554 3448 amas
1598 3384 1836 3457 amabo,
1885 3387 2069 3446 doceo
2115 3384 2294 3445 doces
2340 3385 2582 3448 docebo.
2641 3389 2812 3452 tertia

229 3507 370 3549 vero
415 3495 690 3568 correpta
743 3491 804 3550 in
859 3509 952 3551 am
997 3497 1225 3550 tantum
1269 3490 1476 3558 mittit,
1523 3495 1590 3548 ut
1640 3488 1773 3567 lego
1816 3487 1967 3567 legis
2012 3486 2221 3564 legam.
2310 3489 2483 3549 tertia
2526 3489 2807 3567 producta
2837 3510 2888 3550 30

230 3589 374 3652 duas
419 3590 599 3651 habet
643 3590 877 3670 regulas
919 3592 1308 3671 requirendas
1352 3591 1650 3652 indicativi
1695 3590 1857 3652 modi
1901 3598 2169 3670 tempore
2214 3592 2537 3668 praesenti:
2584 3594 2633 3651 si
2677 3601 2811 3652 ante

236 3712 270 3752 o
315 3691 582 3754 ultimam
630 3712 663 3754 e
707 3693 886 3754 fuerit
929 3700 1230 3771 correpta,
1286 3695 1347 3753 in
1392 3693 1468 3754 bo
1515 3701 1743 3754 tantum
1787 3694 1989 3764 mittit,
2036 3701 2104 3752 ut
2145 3710 2292 3752 exeo
2351 3692 2553 3763 exibo;
2612 3695 2663 3752 si
2708 3713 2809 3755 au-

229 3803 344 3855 tem
389 3797 410 3854 i
453 3795 732 3858 habuerit
774 3805 910 3857 ante
953 3815 1016 3866 o,
1064 3797 1328 3857 futurum
1376 3803 1606 3872 tempus
1651 3802 1712 3855 et
1753 3797 1816 3854 in
1860 3815 1955 3856 am
2000 3803 2060 3855 et
2100 3796 2162 3855 in
2207 3793 2285 3854 bo
2325 3796 2529 3866 mittit,
2578 3803 2642 3856 ut
2684 3815 2810 3857 ser-

225 3898 318 3958 vio
364 3901 618 3960 serviam
665 3898 916 3959 servibo.
1006 3917 1151 3978 quas
1195 3896 1428 3975 regulas
1459 3896 1690 3957 Probus
1734 3897 1943 3957 artifex
1988 3905 2205 3958 tuetur.

395 4000 726 4061 Verborum
771 4017 991 4078 genera
1036 4001 1296 4079 quinque
1340 4006 1506 4068 sunt,
1567 4000 1753 4059 activa
1798 4000 2025 4078 passiva
2070 4007 2279 4059 neutra
2326 4001 2655 4060 communia
2704 3999 2804 4060 de·
2832 4021 2882 4060 35

227 4105 524 4182 ponentia.
615 4121 1019 4183 quaecumque
1079 4103 1196 4162 sint
1251 4099 1364 4160 illis
1421 4098 1895 4170 definitionibus,
1956 4119 2103 4179 quae
2149 4103 2210 4160 in
2268 4109 2393 4161 arte
2442 4100 2623 4161 lectae
2668 4111 2805 4163 sunt

227 4207 412 4277 varie,
459 4215 692 4274 tamen,
740 4211 1020 4284 quantum
1069 4203 1142 4265 ad
1187 4203 1640 4281 significationes
1669 4203 1956 4282 pertinet,
2005 4203 2199 4263 omnia
2230 4203 2337 4262 ista
2370 4205 2629 4282 quinque
2659 4203 2803 4266 (luas

227 4306 444 4369 habent
488 4307 968 4386 significationes,
1030 4305 1087 4366 id
1137 4311 1226 4366 est
1267 4311 1368 4367 aut
1411 4307 1636 4384 agentis
1690 4313 1793 4366 aut
1846 4305 2139 4385 patientis,
2227 4305 2367 4366 hinc
2412 4312 2501 4365 est
2541 4304 2698 4385 quod
2740 4307 2803 4366 in

359 4583 424 4634 21
462 4591 580 4633 ante
609 4581 861 4646 syllabam
897 4579 948 4630 P
980 4580 1262 4646 penultima
1295 4579 1491 4646 syllaba
1522 4593 1556 4637 ς
1693 4578 1757 4631 31
1803 4586 1919 4629 ante
1954 4595 1983 4628 o
2018 4579 2196 4629 ultima
2231 4597 2258 4629 e
2296 4578 2451 4631 suerit
2488 4587 2720 4646 correpta
2754 4581 2805 4632 P

225 4660 336 4702 ante
373 4671 403 4704 o
437 4654 672 4703 ultimum
709 4669 736 4703 c
775 4651 930 4703 fuerit
962 4663 1246 4717 correptum
1284 4665 1319 4708 ς
1429 4651 1498 4702 34
1536 4647 1751 4715 Probus]
1794 4653 1949 4702 instit.
1977 4658 2073 4700 art.
2101 4667 2155 4713 p.
2186 4652 2287 4704 419
2326 4652 2409 4701 ed.
2449 4652 2691 4702 Vindob.:
2726 4654 2797 4715 cs,

225 4725 442 4789 Pompei,
470 4739 526 4787 p.
559 4722 658 4774 491
837 4722 906 4774 36
956 4737 1285 4786 quaecuuque
1323 4721 1408 4770 ille
1445 4723 1547 4770 sint
1583 4721 1918 4770 diffinitiones
1963 4737 2091 4784 quae
2139 4721 2223 4770 hic
2270 4721 2428 4771 lectae
2477 4728 2620 4770 sunt:
2658 4724 2799 4772 narie

225 4803 386 4843 tamen
423 4801 666 4858 quantum
699 4795 766 4844 nd
792 4793 1196 4860 significationes
1235 4793 1286 4842 id
1324 4793 1544 4858 pertinet
1580 4806 1630 4847 ς.
1665 4790 1894 4854 fortasse
1931 4807 2057 4854 quae
2092 4807 2205 4842 cum
2250 4794 2351 4842 sint
2385 4819 2451 4828 —
2484 4794 2627 4841 varia

225 4862 350 4913 lecta
376 4865 428 4914 P
564 4863 634 4916 38
668 4865 721 4914 id
757 4873 834 4914 est
870 4871 926 4914 ut
960 4865 1160 4930 agentis
1193 4863 1244 4912 P
