3434 5442
946 334 1339 397 INSTITVTA
1378 334 1665 429 ‘ARTIVM
1709 333 2043 397 637—650
2427 324 2438 332 ⁶
2653 334 2770 397 143
2863 412 2869 429 ι

343 450 549 494 ,εστ-ω
576 449 632 490 a.
2355 448 2670 501 nauteam

232 464 363 583 tali'a.
442 521 541 581 sed
606 528 743 583 cum
804 523 999 583 omnia
1051 522 1353 601 participia
1406 522 1587 583 futuri
1638 522 1952 601 temporis,
2021 536 2172 599 quae
2228 502 2580 583 nominativo
2632 538 2772 583 casu

228 624 433 685 numeri
469 621 787 700 singularis
823 625 881 684 in
918 642 1021 683 rus
1063 622 1339 702 syllabam
1384 631 1629 694 exeunt,
1672 622 1919 684 eandem
1965 640 2070 685 rus
2113 622 2390 702 syllabam
2433 625 2495 683 in
2541 642 2568 685 s
2615 622 2766 684 litte-

226 745 335 787 ram
374 732 731 793 convertant,
778 733 844 786 ut
886 726 1188 805 praeteriti
1234 728 1517 805 temporis
1559 726 1930 805 participium
1967 726 2294 797 ostendant,
2338 731 2403 785 ut
2443 731 2582 805 puta
2623 723 2770 787 latu·

224 846 311 889 rus
349 825 521 895 latus:
565 844 727 889 nunc
768 828 819 888 si
862 827 1085 887 hilarus
1125 827 1217 889 vel
1264 826 1456 889 clarus
1502 845 1607 889 rus
1636 826 1920 907 syllabam
1962 828 2024 889 in
2053 844 2082 887 s
2110 826 2362 889 litteram
2406 833 2768 898 convertant,

224 928 623 1007 numquidnam
668 931 967 1009 praeteriti
1008 932 1293 1009 temporis
1336 931 1706 1009 participium
1751 930 2086 991 ostentant?
2129 937 2188 991 et
2229 928 2364 991 ideo
2407 928 2554 991 haec
2582 930 2770 989 nomi·
2821 954 2847 995 5

218 1050 301 1097 aa.
343 1048 459 1093 non
504 1028 829 1114 partilcipia
876 1038 1011 1093 sunt
1054 1032 1509 1109 pronuntianda.

367 1134 509 1195 ltem
554 1143 693 1195 sunt
750 1136 1019 1203 nomina,
1078 1153 1227 1213 quae
1282 1134 1673 1214 suspicionem
1731 1134 2176 1214 participiorum
2231 1132 2412 1194 futuri
2471 1134 2770 1211 temporiS,

220 1254 351 1314 quae
392 1238 453 1295 in
498 1235 617 1295 dus
658 1234 937 1315 syllabam
996 1242 1244 1307 exeunt,
1302 1237 1637 1307 incurrant,
1686 1244 1754 1297 ut
1793 1243 1935 1315 puta
1990 1235 2344 1297 furibundus
2385 1234 2774 1297 moribundus

218 1346 265 1398 et
306 1345 491 1398 cetera
546 1336 701 1399 talia.
791 1338 895 1401 sed
939 1356 1069 1399 cum
1116 1341 1310 1399 omnia
1354 1338 1689 1418 participia,
1753 1355 1904 1415 quae
1943 1338 2300 1399 nominativo
2347 1356 2484 1399 casu
2539 1338 2770 1399 numeri

218 1438 509 1516 singularis
574 1441 636 1499 in
696 1438 805 1500 dus
862 1440 1143 1519 syllabam
1210 1446 1456 1509 exeunt,
1522 1440 1770 1501 eandem
1829 1440 1936 1501 dus
1987 1438 2267 1519 syllabam
2329 1441 2390 1499 in
2435 1458 2464 1499 s
2521 1438 2770 1499 litteram
2796 1462 2846 1503 ιο

218 1548 556 1611 convertant,
610 1548 675 1603 ut
716 1542 1085 1620 participium
1126 1542 1455 1620 praesentis
1494 1544 1774 1620 temporis
1820 1544 2158 1612 ostendant,
2205 1549 2272 1603 ut
2314 1548 2452 1620 puta
2493 1540 2772 1602 ferendus

219 1644 419 1712 lerens;
492 1662 659 1704 nuuc
726 1646 773 1704 si
830 1643 1183 1705 furibundus
1246 1642 1333 1704 vel
1392 1642 1780 1705 moribundus
1833 1644 1942 1705 dus
1995 1643 2275 1724 syllabam
2338 1645 2398 1704 in
2442 1660 2470 1701 s
2518 1642 2770 1703 litteram

216 1752 561 1823 convertant,
612 1746 1035 1824 numquidnam
1080 1747 1407 1824 praesentis
1452 1748 1736 1824 temporis
1767 1748 2139 1826 participium
2181 1746 2508 1807 ostentant?
2553 1753 2612 1807 et
2639 1745 2773 1806 ideo

216 1848 339 1907 baec
382 1854 441 1909 et
485 1854 691 1909 cetera
738 1846 869 1907 talia
908 1836 1180 1917 nomina,
1246 1866 1365 1907 non
1410 1849 1713 1926 participia
1760 1855 1898 1909 sunt
1939 1848 2392 1926 pronuntianda.
2477 1864 2620 1908 sane
2659 1846 2772 1907 hoc

214 1968 519 2020 monemus,
570 1948 727 2028 quod
774 1952 895 2011 sint
930 1949 1123 2029 aliqua
1156 1950 1477 2028 participia,
1523 1967 1675 2029 quae
1712 1968 1844 2011 cum
1887 1969 1916 2011 a
1950 1950 2142 2011 verbis
2183 1950 2542 2019 neutralibus
2571 1950 2772 2010 venire
2799 1972 2848 2013 ιι

214 2053 591 2130 reperiantur,
638 2059 895 2111 attamen
938 2052 1239 2130 praeteriti
1284 2054 1567 2131 temporis
1614 2071 1724 2113 nec
1767 2070 1888 2113 non
1921 2056 1994 2113 'et
2036 2052 2238 2122 futuri,
2285 2053 2383 2132 qui
2423 2053 2480 2112 in
2513 2050 2624 2111 dus
2659 2048 2773 2129 syl-

213 2152 380 2213 labam
426 2156 581 2223 exit,
638 2172 853 2215 sonum
896 2154 1191 2214 sustinere
1235 2151 1675 2237 ressperiantur,
1729 2162 1794 2215 ut
1835 2155 1989 2233 apud
2037 2153 2370 2215 Sallustium
2427 2156 2776 2215 ecenatos

214 2274 356 2316 esse
394 2258 467 2317 in
514 2256 853 2325 castris’‚
910 2256 1249 2334 itemrapud
1292 2256 1604 2334 Vergilium
1644 2260 2090 2318 ‘monstrum
2147 2255 2614 2317 horrendum
2663 2255 2775 2315 in·

214 2364 414 2435 gens'.
505 2376 676 2418 nunc
720 2358 865 2419 haec
910 2374 1061 2435 quae
1108 2355 1196 2418 vel
1241 2364 1383 2436 quot
1434 2360 1551 2423 sint
1595 2359 1919 2438 participia,
1963 2376 2114 2437 quae
2157 2376 2290 2419 cum
2330 2378 2360 2420 a
2393 2357 2590 2419 verbis
2633 2374 2776 2417 neu·

212 2459 431 2519 tralibus
476 2461 748 2527 veniant,
794 2461 1095 2539 praeteriti
1138 2457 1227 2520 vel
1276 2459 1457 2523 futuri
1499 2462 1782 2539 temporis
1823 2476 2052 2529 sonum,
2099 2462 2198 2539 qui
2239 2462 2298 2522 in
2341 2460 2450 2522 dus
2493 2458 2772 2540 syllabam
2799 2478 2853 2521 aa

213 2564 323 2631 exit,
366 2564 728 2631 sustineant,
772 2564 832 2622 in
872 2564 1032 2622 souis
1079 2568 1461 2640 conpetenter
1506 2562 1902 2624 tractabimus

354 2664 435 2724 De
479 2665 821 2742 participio,
866 2670 1152 2743 quantum
1195 2665 1339 2725 ratio
1385 2664 1685 2743 poscebat,
1728 2666 2121 2726 tractavimus.

1136 2902 1230 2963 DE
1274 2902 1846 2965 CONIVNchoNE.

358 3074 721 3135 Coniunctio
766 3079 857 3133 est
910 3090 1049 3151 pars
1090 3074 1371 3135 orationis
1426 3080 1671 3136 nectens
1726 3073 2123 3151 ordinansque
2179 3073 2546 3134 sententiam.
2635 3089 2776 3132 con-

212 3176 471 3235 iunctioni
518 3174 743 3236 accidit
782 3182 1039 3252 potestas
1082 3175 1231 3236 ordo
1274 3178 1481 3255 figura.
2803 3194 2856 3235 25

356 3278 439 3340 De
492 3284 813 3356 potestate.
903 3284 1161 3355 potestas
1222 3279 1697 3340 coniunctionum
1760 3280 1818 3338 in
1872 3279 2130 3357 quinque
2189 3276 2418 3354 species
2482 3275 2777 3345 dividitur,

214 3379 259 3437 id
299 3388 379 3439 est
422 3378 827 3458 copulativam
872 3378 1278 3442 disiunctivam
1324 3380 1667 3460 expletivam
1718 3378 2008 3441 causalem
2051 3376 2416 3439 rationalem.

357 3482 439 3543 De
486 3479 845 3561 copulativa.
905 3481 1269 3560 copulativae
1314 3484 1531 3562 speciei
1566 3483 2008 3543 coniunctiones
2053 3498 2303 3542 numero
2349 3488 2486 3543 sunt
2515 3498 2616 3541 sex
2649 3480 2778 3548 hae,

214 3590 261 3640 et
294 3582 561 3662 simplex,
612 3601 734 3662 que
776 3581 1046 3661 simplex,
1092 3602 1161 3645 ac
1203 3584 1478 3663 simplex,
1526 3592 1585 3645 at
1627 3584 1905 3664 simplex,
1949 3592 2040 3645 ast
2081 3582 2358 3664 simplex,
2405 3591 2580 3662 atque
2623 3600 2782 3644 com-

214 3687 389 3759 posita.
2803 3703 2858 3745 ao

358 3788 441 3849 De
498 3788 877 3848 disiunctiva.
966 3788 1345 3851 disiunctivae
1402 3791 1619 3868 speciei
1678 3790 2122 3852 coniunctiones
2177 3797 2318 3852 sunt
2377 3807 2626 3851 numero
2683 3807 2782 3849 sex

216 3886 321 3956 bae,
363 3898 467 3950 aut
504 3888 785 3967 simplex,
828 3908 895 3950 ve
939 3889 1205 3969 simplex,
1250 3874 1339 3951 v⁸el
1382 3892 1648 3971 simplex,
1694 3912 1768 3953 ne
1815 3892 2078 3971 simplex,
2131 3909 2242 3953 nec
2279 3891 2544 3970 simplex,
2593 3908 2785 3969 neque

216 3994 535 4071 composita.

358 4094 444 4157 De
480 4094 799 4173 expletiva.
890 4094 1210 4174 expletivae
1264 4096 1485 4174 speciei
1528 4098 1973 4158 coniunctiones
2027 4102 2164 4156 sunt
2219 4112 2470 4155 numero
2513 4112 2614 4154 sex
2652 4092 2782 4163 hae,

218 4196 427 4273 quidem
460 4196 743 4275 simplex,
790 4198 1064 4276 equidem
1098 4197 1365 4277 simplex,
1412 4217 1648 4278 quoque
1686 4196 1697 4281 Ι
1735 4198 2000 4278 simplex,
2043 4205 2236 4259 autem
2276 4195 2542 4276 simplex,
2585 4203 2782 4271 tamen
2809 4206 2860 4247 ³⁵

218 4298 457 4378 simplex,
504 4318 701 4379 porro
744 4299 1011 4378 simplex.
2022 4281 2031 4287 ’

340 4472 393 4521 ll
437 4480 747 4521 conuertaut
778 4488 809 4521 r·
844 4479 1143 4522 conuertunt
1177 4470 1277 4522 RB
1447 4471 1511 4524 13
1549 4474 1833 4537 praesentis
1865 4490 1894 4523 υ
1932 4471 2186 4536 praeteriti
2229 4471 2322 4521 RB
2466 4468 2530 4521 to
2565 4468 2653 4533 qui
2693 4466 2789 4518 RB

222 4540 335 4599 quod
366 4558 397 4589 r·
573 4542 643 4591 17
680 4556 863 4592 sonum
895 4542 945 4591 B
982 4556 1135 4609 sonos
1172 4543 1217 4593 R
1358 4542 1494 4608 apud
1532 4540 1852 4606 Sallustium]
1897 4540 2014 4607 [ηρ.
2051 4541 2149 4591 106
2328 4540 2392 4592 18
2427 4541 2566 4607 apud
2607 4538 2786 4603 Vergi-

222 4608 343 4675 lium]
380 4612 506 4661 Aen.
544 4612 625 4661 m
662 4610 769 4663 658
934 4610 1003 4661 20
1036 4626 1191 4661 sonus
1228 4611 1280 4661 B
1314 4626 1469 4662 sonos
1502 4612 1572 4662 R:
1613 4612 1746 4675 quod
1787 4613 1838 4660 in
1878 4612 1974 4661 dus
2011 4611 2258 4675 syllabam
2298 4612 2402 4662 exit
2439 4624 2592 4663 sonos
2621 4624 2651 4658 r

222 4678 273 4726 21
304 4682 635 4732 tractabimus
673 4698 705 4729 r
738 4682 1071 4733 tractauimus
1102 4681 1204 4731 RB
1341 4682 1409 4732 29
1444 4696 1503 4730 ac
1532 4682 1753 4747 simp-lex
1791 4690 1842 4730 at
1877 4681 2094 4747 simplex
2131 4698 2160 4744 φ
2191 4690 2242 4729 at
2277 4682 2427 4746 simp.
2469 4696 2527 4729 ac
2567 4680 2721 4745 simp.
2759 4696 2790 4728 r

224 4762 273 4795 ae
305 4750 467 4816 simpl.
508 4768 571 4800 ac
610 4751 771 4817 simpl
828 4752 871 4802 R
979 4760 1131 4814 atque
1168 4752 1448 4818 composita
1486 4769 1512 4801 v
1547 4761 1697 4815 atque
1734 4752 1904 4817 simpl.
1941 4752 2039 4801 RB
2142 4748 2207 4801 32
2239 4766 2402 4815 neque
2440 4752 2720 4815 composita
2758 4766 2788 4799 v

228 4832 364 4881 neque
398 4823 571 4887 simpl.
608 4820 707 4869 RB
