3434 5442
630 341 745 422 109
1796 339 2023 404 PROBI

726 471 768 512 p.
796 457 975 500 214—16
1000 457 1055 498 a.
2733 471 2776 512 ρ.
2807 457 3013 500 2es-aoo
3043 455 3099 498 v.

626 537 869 599 vertant,
920 535 985 590 ut
1023 529 1355 606 genetivum
1401 547 1601 590 casum
1644 531 1879 590 numeri
1919 528 2160 608 pluralis
2201 527 2475 598 efficiant,
2521 530 2636 590 hoc
2676 531 2735 590 in
2763 531 2970 591 metris
3011 528 3105 590 vel
3141 530 3201 590 in

622 632 935 693 structuris
976 627 1382 713 conpetenlter
1424 631 1828 693 tractabimus,

788 733 933 795 Item
978 735 1036 794 in
1080 733 1191 795 hac
1234 715 1423 813 supra³
1458 733 1609 794 dicta
1654 734 1846 795 forma
1888 734 2001 795 hoc
2045 752 2373 803 monemus,
2421 734 2580 812 quod
2619 735 2770 796 haec
2803 733 2920 794 duo
2957 735 3202 795 nomina

618 843 877 904 tantum,
932 837 991 896 id
1050 843 1138 896 est
1190 844 1323 896 uter
1368 834 1546 906 alter,
1606 854 1782 915 quam
1835 834 2089 898 maxime
2139 843 2383 916 propter
2433 845 2760 898 structuras
2815 837 3090 914 genetivo
3145 843 3204 896 et

567 964 593 1003 ⁶
619 937 809 998 dativo
866 956 1003 998 casu
1058 921 1291 998 numeri
1342 937 1656 1016 singularis
1708 941 1794 1000 sic
1847 937 2116 1000 anomale
2173 939 2514 1000 confirmata
2559 940 2674 998 sint
2717 936 3032 1006 declinari,
3087 937 3202 998 hoc

616 1049 707 1100 est
746 1039 918 1100 buius
958 1041 1146 1100 utrius
1190 1040 1329 1100 huic
1364 1041 1499 1110 utri,
1545 1021 1720 1101 huius
1757 1039 1998 1102 alterius
2025 1037 2052 1124 ss
2082 1040 2464 1120 huic‘alterh
2523 1048 2582 1100 at
2633 1057 2772 1100 vero
2815 1058 2924 1118 per
2965 1047 3202 1100 ceteros

616 1161 789 1202 casus
832 1142 902 1202 ad
945 1159 1153 1202 sonum
1192 1143 1328 1221 apri
1373 1141 1628 1204 debeant
1669 1141 1969 1204 declinari.
2058 1161 2216 1204 nunc
2260 1145 2434 1203 etiam
2491 1143 2605 1202 hoc
2645 1159 2984 1210 monemuS,
3041 1141 3200 1220 quod

615 1243 762 1304 haec
800 1260 976 1322 supra
1024 1243 1177 1304 dicta
1222 1244 1339 1304 duo
1382 1245 1619 1304 nomina
1675 1252 1920 1323 propter
1963 1251 2158 1330 metra
2197 1246 2260 1305 in
2302 1245 2488 1305 isdem
2533 1261 2710 1322 supra
2749 1243 2924 1304 dictis
2963 1242 3202 1304 casibus

610 1356 677 1420 vet
722 1345 991 1406 anomale
1060 1353 1116 1406 ct
1171 1365 1290 1405 nou
1331 1344 1598 1408 anomale
1664 1350 1950 1425 permissa
2013 1349 2131 1407 sint
2193 1345 2491 1420 declinari.
2581 1345 2682 1408 sed
2751 1346 2898 1406 haec
2957 1347 3200 1405 nomina

540 1468 591 1509 ιο
616 1466 733 1526 qua
778 1449 853 1509 de
897 1465 1071 1508 causa
1128 1450 1186 1508 in
1228 1467 1409 1527 supra
1452 1449 1621 1510 dictis
1661 1448 1897 1510 casibus
1949 1456 2196 1529 propter
2243 1454 2569 1508 structuras
2621 1449 2708 1507 sic
2743 1446 3012 1508 anomale
3054 1464 3200 1507 con·

614 1551 842 1610 firmata
892 1552 1006 1611 sint
1061 1552 1429 1630 pronuntiari
1492 1559 1553 1613 et
1604 1553 1665 1612 in
1729 1552 1934 1611 metris
1993 1550 2260 1612 anomale
2317 1555 2377 1610 et
2417 1566 2536 1609 non
2577 1549 2844 1610 anomale
2901 1551 3196 1627 permissa

608 1653 733 1713 sint
787 1651 1097 1738 declinari,
1158 1671 1291 1713 cum
1344 1652 1417 1712 ad
1478 1655 1768 1714 rationem
1823 1661 2148 1714 metrorum
2199 1651 2292 1713 vel
2351 1658 2782 1712 structurarum
2841 1653 3196 1720 venerimuS,

614 1753 733 1815 illic
776 1760 1160 1834 conpetenter
1203 1753 1603 1816 tractabimus
2209 1749 2218 1758 ’

780 1855 928 1917 Item
972 1857 1031 1916 in
1077 1856 1187 1917 bac
1225 1875 1405 1935 supra
1448 1859 1664 1935 scripta
1708 1847 1928 1924 forma,
1987 1875 2098 1935 qua
2145 1856 2398 1916 diximus
2453 1856 2688 1934 generis
2729 1854 3039 1916 masculini
3081 1873 3190 1915 no-

539 1977 589 2019 15
614 1961 772 2019 mina
816 1957 1065 2019 ablativo
1105 1977 1241 2020 casu
1288 1960 1517 2020 numeri
1561 1957 1874 2036 singularis
1914 1977 1948 2018 o
1976 1957 2170 2019 littera
2213 1958 2517 2019 terminari
2559 1965 2618 2017 et
2649 1958 3002 2018 nominativo
3045 1975 3192 2017 casu

615 2062 845 2121 numeri
904 2059 1217 2139 singularis
1260 2079 1326 2121 er
1373 2059 1580 2121 litteris
1631 2059 1890 2130 definiri,
1946 2061 2279 2141 quaeritur,
2336 2077 2522 2138 quare
2575 2059 2670 2118 hic
2713 2059 2942 2136 Teucer
2993 2067 3056 2120 et
3099 2059 3196 2118 hic

611 2162 878 2224 Teucrus
919 2161 1168 2238 legatur.
1258 2181 1442 2243 quare
1482 2162 1598 2223 hoc
1638 2180 1980 2233 monemuS,
2032 2164 2309 2242 quoniam
2354 2178 2762 2241 quaecumque
2805 2162 3042 2221 nomina
3087 2179 3193 2238 ge-

610 2267 771 2326 neris
828 2263 1132 2326 masculini
1192 2263 1441 2325 ablativo
1492 2283 1629 2326 casu
1695 2267 1928 2325 numeri
1983 2262 2298 2341 singularis
2345 2283 2380 2323 o
2435 2261 2628 2324 littera
2685 2263 3074 2324 terminantur
3135 2271 3198 2322 et

611 2368 831 2446 gradus
874 2365 1201 2428 collationis
1244 2369 1511 2446 recipere
1554 2384 1673 2426 non
1717 2373 1984 2445 possunt,
2031 2365 2178 2426 hacc
2217 2371 2462 2444 propter
2501 2373 2688 2426 metra
2729 2363 2822 2425 vel
2861 2371 3194 2426 structuras

534 2487 587 2530 ιο
614 2471 899 2549 permissa
936 2476 1074 2528 sunt
1108 2487 1181 2529 ex
1220 2477 1471 2546 utraque
1514 2467 1701 2529 forma
1748 2467 2047 2529 declinari.
2113 2466 2217 2527 sed
2259 2467 2406 2528 haec
2451 2485 2566 2545 qua
2611 2466 2684 2528 de
2728 2484 2903 2528 causa
2943 2474 3196 2545 propter

612 2579 799 2634 metra
854 2571 945 2632 vel
994 2579 1327 2632 structuras
1382 2589 1451 2632 ex
1507 2579 1757 2650 utraque
1813 2571 2002 2630 forma
2069 2569 2358 2647 permissa
2414 2570 2528 2630 sint
2591 2567 2901 2638 declinari,
2967 2567 3082 2629 boc
3129 2569 3192 2626 in

608 2674 921 2735 structuris
955 2670 1048 2732 vel
1090 2674 1295 2734 metris
1340 2680 1726 2752 conpetenter
1772 2671 2174 2732 tractabimus,

778 2775 932 2836 Sane
1000 2793 1071 2836 ex
1128 2773 1249 2834 hac
1314 2774 1502 2834 forma
1568 2775 1805 2852 generis
1859 2773 2197 2842 masculini,
2267 2791 2382 2853 qua
2439 2773 2690 2843 diximus
2751 2770 3000 2833 ablativo
3043 2789 3192 2833 casu

610 2880 841 2938 numeri
906 2875 1217 2954 singularis
1274 2876 1513 2937 nomina
1554 2895 1588 2936 o
1635 2875 1828 2937 littera
1890 2876 2196 2936 terminari
2249 2883 2307 2936 et
2347 2876 2704 2936 nominativo
2751 2892 2890 2934 casu
2953 2877 3192 2935 numeri

531 2997 583 3038 25
610 2979 921 3057 singularis
966 2998 1032 3040 er
1078 2979 1287 3040 litteris
1344 2979 1601 3048 definiri,
1660 2978 1774 3039 boc
1827 2994 2138 3038 monemus
2185 2977 2346 3058 quod
2405 2995 2580 3056 quam
2633 2976 2884 3055 plurima
2945 2977 3190 3036 nomina

606 3083 833 3160 possint
889 3080 1171 3141 exhiheri.
1260 3079 1331 3142 de
1378 3081 1565 3140 forma
1618 3081 1854 3159 generis
1909 3076 2244 3148 masculini,
2303 3095 2420 3156 qua
2465 3078 2714 3140 ablativo
2759 3097 2900 3138 casu
2953 3081 3189 3138 numeri

606 3182 920 3261 singularis
960 3185 1197 3245 nomina
1244 3203 1279 3243 o
1318 3183 1509 3244 littera
1546 3184 1940 3244 terminantur
1987 3190 2046 3243 et
2087 3182 2443 3242 nominativo
2481 3199 2620 3242 casu
2661 3183 2894 3242 numeri
2927 3180 3190 3258 singula-

606 3287 689 3346 ris
734 3304 800 3345 er
844 3284 1054 3346 litteris
1092 3286 1466 3355 definiuntur,
1514 3293 1800 3364 quantum
1842 3286 1994 3345 ratio
2039 3283 2338 3362 poscebat,
2383 3284 2777 3344 tractavimus.

778 3386 861 3447 De
901 3389 1005 3448 vir.
1093 3406 1499 3467 quaecumque
1544 3389 1786 3448 nomina
1837 3387 2072 3465 generis
2115 3384 2420 3448 masculini
2464 3384 2714 3447 ablativo
2753 3403 2890 3446 casu
2951 3388 3190 3447 numeri

530 3506 583 3548 ao
609 3487 923 3566 singularis
970 3507 1005 3548 o
1056 3487 1247 3549 littera
1302 3490 1690 3549 terminantur
1737 3497 1798 3548 et
1846 3489 2204 3548 nominativo
2249 3505 2389 3548 casu
2444 3489 2677 3577 numeri
2731 3487 3042 3566 singularis
3097 3489 3190 3547 vir

604 3589 823 3669 syllaba
880 3590 1265 3660 definiuntur,
1318 3597 1385 3652 ut
1423 3597 1563 3669 puta
1613 3589 1686 3650 ab
1727 3589 1844 3650 hoc
1885 3592 2012 3649 viro
2043 3589 2159 3652 bic
2194 3591 2313 3660 vir,
2373 3590 2520 3650 haec
2557 3590 2630 3650 ad
2675 3590 2792 3650 hoc
2847 3589 3190 3667 exemplum

606 3689 1003 3752 declinantur:
1070 3693 1299 3752 numeri
1348 3691 1660 3769 singularis
1724 3692 1820 3752 hic
1874 3683 1962 3751 vi'r
2021 3692 2194 3753 huius
2251 3693 2356 3753 viri
2415 3692 2554 3753 huic
2598 3693 2724 3752 viro
2789 3691 2948 3753 hunc
2993 3693 3188 3752 virum

606 3813 641 3854 o
686 3795 771 3854 vir
816 3792 889 3853 ab
938 3792 1052 3854 boc
1094 3794 1251 3862 viro,
1322 3795 1551 3854 numeri
1593 3792 1836 3872 pluralis
1895 3793 1956 3852 hi
1999 3796 2106 3854 viri
2165 3794 2380 3856 horum
2426 3797 2688 3856 virorum
2749 3794 2842 3855 his
2883 3795 3026 3854 viris
3069 3793 3188 3856 hos

603 3897 763 3956 viros
804 3915 841 3955 o
880 3895 987 3955 viri
1023 3894 1097 3955 ab
1142 3894 1233 3956 his
1276 3897 1457 3968 viris²
1524 3913 1680 3956 nunc
1724 3897 1782 3955 in
1821 3895 1933 3955 hac
1977 3897 2166 3956 forma
2208 3899 2443 3973 generis
2489 3896 2824 3966 masculini,
2869 3915 2984 3976 qua
3031 3897 3186 3958 dixi·

528 4007 581 4050 ³⁶
606 4015 738 4059 mus
774 3995 1023 4058 ablativo
1069 4014 1207 4057 casu
1252 3998 1483 4058 numeri
1514 3997 1828 4076 singularis
1869 4000 2105 4058 nomina
2153 4017 2188 4058 o
2223 3998 2415 4059 littera
2461 3999 2764 4061 terminari
2809 4005 2870 4060 et
2911 4001 3186 4058 nomina·

600 4102 717 4160 tivo
765 4117 901 4161 casu
934 4096 959 4183 ΙΙ
990 4101 1219 4159 numeri
1266 4098 1595 4183 singulairis
1634 4101 1722 4160 vir
1757 4099 1978 4179 syllaba
2016 4099 2276 4169 definiri,
2318 4099 2434 4161 hoc
2475 4118 2814 4169 monemus,
2863 4101 3024 4180 quod
3065 4103 3188 4160 sint

602 4201 797 4281 aliqua
848 4203 1125 4271 nomina,
1184 4220 1335 4280 quae
1389 4203 1681 4264 interdum
1737 4208 1982 4281 propter
2035 4209 2222 4264 metra
2277 4201 2364 4262 vel
2423 4211 2750 4264 structuras
2801 4221 2870 4263 ex
2925 4201 3184 4264 ablativo

602 4323 742 4364 casu
786 4306 1017 4366 numeri
1060 4304 1371 4382 singularis
1398 4301 1450 4363 'o
1496 4304 1762 4366 ultimum
1808 4310 1866 4364 et
1913 4305 1972 4364 in
2010 4323 2116 4364 um
2159 4303 2382 4366 litteras
2429 4312 2799 4374 convertant,
2845 4312 2911 4364 ut
2953 4308 3185 4383 geneti-

602 4425 735 4468 vum
781 4423 979 4466 casum
1026 4409 1259 4468 numeri
1318 4405 1558 4485 pluralis
1609 4407 1896 4475 efficiant,
1953 4415 2020 4466 ut
2059 4414 2199 4485 puta
2255 4406 2328 4466 ab
2371 4406 2484 4467 hoc
2523 4409 2646 4468 viro
2701 4407 2918 4468 horum
2963 4409 3180 4468 virum.

742 4613 773 4659 2
813 4611 1137 4660 tractabimus
1174 4625 1205 4658 r
1240 4612 1570 4661 tractanimus
1611 4609 1705 4660 RB
1881 4611 1912 4660 5
1944 4611 2047 4660 sint
2077 4611 2128 4660 B
2173 4620 2291 4662 sunt
2326 4612 2374 4662 R
2542 4611 2576 4664 9
2611 4613 2712 4662 sint
2750 4613 2795 4664 R
2832 4621 2950 4663 sunt
2994 4614 3043 4662 B

606 4678 669 4730 13
706 4681 1031 4729 tractabimus
1064 4683 1111 4732 R
1148 4681 1471 4730 tractauimus
1501 4679 1553 4729 B
1694 4679 1760 4731 19
1795 4678 2080 4730 collationis
2112 4680 2164 4730 B
2195 4681 2557 4732 conlocationis
2586 4684 2633 4733 R
2771 4683 2855 4732 uel
2893 4683 2976 4732 Br
3017 4699 3109 4748 per
3137 4685 3184 4734 R

740 4748 805 4798 21
846 4749 925 4798 uel
964 4751 1012 4800 B
1048 4761 1097 4800 et
1128 4751 1176 4801 R
1315 4753 1383 4801 22
1418 4751 1747 4800 tractabimus
1782 4767 1812 4799 r
1847 4754 2174 4800 tractauimus
2211 4751 2310 4802 RB
2446 4750 2516 4803 34
2551 4753 2602 4802 in
2637 4751 2690 4801 B
2723 4769 2788 4802 ex
2821 4754 2869 4804 R
3012 4753 3080 4806 37
3117 4771 3184 4804 ex

603 4834 691 4870 om.
736 4820 796 4875 13,
830 4819 953 4870 add.
994 4821 1044 4870 B
1184 4819 1251 4870 39
1285 4819 1465 4869 horum
1504 4822 1667 4870 uirum
1699 4820 1781 4870 Br
1815 4819 1993 4870 ho'rum
2031 4824 2254 4872 uirorum
2285 4823 2331 4872 R
