3434 5442
666 288 787 353 186
1851 288 2080 350 PROBI

765 423 807 462 p.
838 408 931 450 320.
952 408 1002 448 21
1034 408 1085 447 R.
2831 420 2874 460 p.
2901 408 2994 449 427.
3014 407 3066 447 28
3099 406 3153 446 V.

660 498 835 559 quam
883 481 937 540 io
980 478 1188 539 litteris
1244 478 1623 539 definiuntur.
1716 496 1874 539 nunc
1919 494 2054 540 cum
2109 477 2265 539 dicat
2307 478 2512 539 Cicero
2566 480 2676 539 ‘et
2718 477 3050 540 obscure
3095 498 3246 541 ser-

660 586 896 662 pens',
947 582 1148 659 utique
1185 582 1299 641 iam
1344 599 1542 661 serpo,
1584 598 1703 641 non
1749 582 1946 659 serpio
1993 580 2188 669 facere
2230 582 2666 658 pronuntiatur.
2757 582 3090 659 quaeritur,
3138 599 3244 660 qua

660 683 733 745 de
790 701 967 743 causa
1018 682 1327 761 serpebam
1388 689 1445 743 et
1498 700 1618 741 non
1671 680 2003 759 serpiebam
2064 681 2307 743 dicatur.
2398 681 2511 744 hac
2571 684 2645 744 de
2699 702 2906 752 causa,
2971 686 3246 762 quoniam

658 804 1066 864 quaecumque
1107 783 1287 846 verba
1341 783 1519 845 modo
1572 784 1884 845 indicativo
1934 786 2215 861 temporis
2264 787 2592 862 praesentis
2649 785 2707 845 in
2760 785 2948 863 prima
2996 803 3247 865 persona

608 913 631 951 5
662 888 895 948 numeri
938 886 1255 965 singularis
1300 894 1437 947 ante
1474 906 1510 945 o
1552 886 1822 947 ultimum
1865 888 1886 945 i
1925 886 2182 947 litteram
2233 904 2352 947 non
2407 886 2630 947 habent
2685 888 3055 967 oppositam,
3106 887 3246 949 haec

654 991 714 1050 in
761 990 957 1068 specie
1003 990 1345 1067 imperfecta
1390 995 1526 1049 ante
1570 1008 1632 1056 e,
1689 1008 1842 1069 quae
1887 996 1978 1048 est
2021 1006 2210 1067 prope
2253 988 2521 1049 ultimam
2565 988 2878 1070 syllabam,
2927 1007 3246 1070 numquam

652 1092 671 1151 i
720 1090 975 1152 litteram
1042 1090 1265 1152 habent
1322 1091 1717 1151 constitutam.
1808 1092 1948 1151 item
2006 1089 2114 1151 alia
2171 1090 2473 1170 probatio,
2543 1110 2656 1170 qua
2715 1091 3060 1170 serpebam,
3135 1111 3246 1153 nou

656 1193 991 1273 serpiebam
1039 1192 1236 1254 facere
1276 1193 1726 1271 pronuntiatum
1774 1191 1998 1254 scilicet
2037 1194 2320 1274 quoniam
2357 1195 2687 1272 praesentis
2729 1196 3018 1271 temporis
3067 1196 3246 1273 parti-

658 1297 876 1373 cipium
920 1313 957 1354 n
1000 1302 1059 1357 et
1102 1314 1130 1356 s
1172 1293 1408 1355 ultimas
1452 1292 1681 1355 litteras
1739 1296 1953 1356 omittit
2004 1302 2062 1356 et
2103 1294 2240 1355 bam
2288 1294 2571 1375 syllabam
2617 1298 2830 1374 accipit
2885 1305 2943 1357 et
2987 1298 3248 1374 speciem

582 1418 631 1458 ιο
654 1398 1063 1476 imperfectam
1102 1397 1262 1458 modi
1304 1396 1596 1457 indicativi
1642 1398 1913 1468 ostendit,
1963 1404 2026 1457 ut
2062 1405 2200 1476 puta
2245 1396 2516 1459 scribens
2559 1397 2913 1459 scribebam.
3003 1400 3097 1458 sic
3139 1400 3244 1459 uti-

656 1518 771 1579 que
816 1506 876 1560 et
918 1516 1167 1577 serpens
1206 1498 1538 1577 serpebam,
1584 1516 1703 1559 non
1745 1500 2076 1578 serpiebam
2124 1502 2317 1561 facere
2360 1501 2794 1577 pronuntiatur.

827 1602 977 1663 Sunt
1019 1600 1225 1671 verba,
1284 1619 1433 1681 quae
1478 1620 1511 1660 a
1556 1604 1848 1680 positione
1891 1621 1998 1663 sua
2053 1604 2114 1661 in
2161 1602 2588 1681 compositione
2639 1604 2954 1663 immutent
3001 1600 3244 1673 litteras,

654 1710 721 1764 ut
762 1711 903 1781 puta
949 1710 1123 1764 teneo
1161 1704 1411 1771 detineo,
1460 1702 1591 1780 lego
1638 1703 1809 1781 eligo,
1855 1722 2078 1783 quaero
2123 1706 2356 1783 inquiro
2399 1709 2459 1764 et
2495 1710 2692 1765 cetera
2735 1702 2892 1764 talia.
2953 1704 3059 1765 sed
3103 1704 3246 1767 haec

656 1824 807 1884 quae
852 1804 939 1865 vel
987 1813 1132 1884 quot
1174 1806 1292 1865 sint
1335 1805 1532 1875 verba,
1580 1824 1732 1884 quae
1776 1825 1809 1866 a
1853 1801 2161 1885 positiolne
2211 1824 2314 1867 sua
2359 1806 2420 1865 in
2463 1805 2888 1885 compositione
2933 1808 3252 1869 immutent

580 1926 629 1967 is
657 1905 900 1977 litteras,
949 1907 1061 1968 hoc
1104 1908 1163 1966 in
1194 1907 1355 1967 sonis
1399 1913 1786 1985 conpetenter
1831 1907 2228 1969 tractabimus
2260 1903 2287 1992 Η
2320 1914 2457 1968 sunt
2495 1907 2674 1968 verba
2721 1909 3054 1969 communis
3097 1916 3248 1971 tem·

654 2012 835 2089 poris,
880 2015 947 2070 ut
990 2015 1131 2087 puta
1174 2010 1348 2069 vertit
1404 2008 1554 2070 bibit
1594 2011 1715 2070 ruit
1765 2015 1824 2070 et
1867 2017 2064 2071 cetera
2109 2008 2264 2070 talia.
2353 2017 2491 2070 sunt
2535 2008 2712 2069 verba
2757 2010 3094 2071 communis
3143 2029 3245 2071 nu·

653 2112 823 2181 meri,
872 2118 939 2172 ut
982 2116 1122 2190 puta
1166 2112 1351 2171 amari
1394 2110 1676 2172 scribitur
1721 2112 2040 2173 sedebatur
2084 2118 2142 2172 et
2185 2118 2379 2172 cetera
2425 2109 2577 2172 talia.
2667 2118 2804 2171 sunt
2848 2110 3028 2171 verba
3077 2132 3248 2191 quae,

654 2232 791 2275 cum
833 2214 893 2273 in
931 2212 1057 2273 aliis
1103 2211 1294 2273 modis
1334 2214 1453 2273 sint
1490 2213 1822 2297 dissimilia,
1881 2220 2139 2276 attamen
2199 2215 2428 2291 species
2476 2213 2768 2291 perfectas
2813 2222 2871 2274 et
2913 2232 3044 2283 reS,
3105 2208 3252 2293 quas

653 2322 871 2393 regunt
902 2316 1130 2393 species
1174 2314 1501 2392 perfectae,
1549 2314 1769 2376 similes
1814 2315 2100 2384 habeant,
2145 2322 2210 2375 ut
2253 2321 2393 2394 puta
2433 2314 2604 2376 luceo
2642 2314 2815 2392 lugeo
2860 2314 3014 2384 luxi,
3065 2335 3252 2377 cerno

575 2436 627 2477 20
655 2436 861 2479 cresco
916 2418 1105 2486 crevi,
1169 2415 1365 2496 polleo
1415 2416 1615 2496 polluo
1664 2416 1848 2495 pollui
1908 2425 1966 2478 et
2022 2425 2216 2478 cetera
2274 2416 2430 2477 talia.
2519 2424 2658 2478 sunt
2708 2415 2916 2489 verba,
2987 2436 3146 2497 quae
3193 2420 3252 2479 in

652 2520 845 2599 prima
892 2536 1149 2597 persona
1192 2517 1411 2579 similes
1456 2536 1635 2580 sonos
1678 2519 1964 2589 habeant,
2010 2520 2069 2579 in
2116 2519 2374 2581 secunda
2421 2538 2560 2579 vero
2599 2517 2909 2580 dissimiles
2951 2521 3254 2595 significa-

650 2623 843 2683 tiones
900 2620 1239 2688 ostendant,
1302 2628 1367 2681 ut
1410 2629 1548 2699 puta
1604 2621 1821 2682 mando
1867 2621 2138 2692 mandaS,
2197 2619 2417 2682 mando,
2457 2619 2718 2691 mandis;
2775 2620 2960 2681 fundo
3008 2622 3254 2699 sundaS,

652 2723 836 2785 fundo
880 2722 1109 2791 fundis;
1168 2740 1303 2783 sero
1346 2741 1539 2792 seraS,
1588 2742 1725 2783 sero
1767 2725 1916 2783 seris
1971 2730 2030 2784 et
2073 2732 2270 2785 cetera
2323 2722 2481 2784 talia.
2571 2729 2710 2783 sunt
2760 2722 2936 2784 verba
2991 2724 3256 2801 figurata

652 2825 741 2887 vel
782 2824 1136 2893 translativa,
1181 2832 1247 2885 ut
1292 2824 1447 2902 apud
1485 2823 1805 2903 Vergilium
1843 2828 1991 2886 ‘est
2033 2824 2321 2885 flamma
2369 2823 2740 2886 medullas
2786 2826 3149 2897 interea’,
3199 2836 3258 2887 et

574 2948 626 2990 25
654 2928 939 3006 significat
982 2926 1129 2997 edit,
1200 2927 1259 2988 id
1304 2935 1391 2988 est
1437 2928 1750 2988 consumit.
1838 2929 1980 2988 item
2023 2927 2178 3007 apud
2226 2928 2572 2988 Ciceronem
2641 2928 2845 3005 ‘quis
2905 2934 2986 2989 ut
3041 2928 3258 2989 volet

652 3030 1035 3109 accipiat’,
1084 3036 1143 3091 et
1188 3030 1477 3108 significat
1514 3032 1616 3090 ‘ut
1651 3028 1959 3090 volucrit'.
2050 3031 2189 3090 item
2237 3029 2392 3107 apud
2431 3027 2749 3106 Vergilium

955 3131 1043 3192 de
1086 3148 1317 3209 grege
1356 3148 1495 3191 non
1540 3132 1771 3191 ausim
1814 3132 2206 3210 quicquam
2243 3131 2618 3209 deponere
2657 3138 2934 3199 tecum,

652 3242 713 3295 et
755 3233 1043 3313 significat
1085 3233 1238 3293 ‘non
1286 3234 1531 3295 audeam
1550 3235 1593 3293 '.
1668 3234 1756 3293 sic
1800 3240 1858 3293 et
1895 3240 2090 3294 cetera
2133 3232 2288 3293 talia.
2377 3240 2517 3292 sunt
2553 3230 2760 3299 verba,
2809 3250 2961 3311 quae
3003 3236 3258 3295 tertiam

650 3353 965 3415 personam
1025 3336 1316 3396 retineant
1361 3340 1618 3401 tantum,
1680 3342 1746 3394 ut
1786 3342 1925 3414 puta
1983 3336 2165 3413 pudet
2217 3334 2410 3395 taedet
2461 3341 2696 3413 oportet
2747 3336 3014 3412 paenitet
3075 3335 3264 3397 decet

574 3458 624 3499 ao
651 3437 788 3500 licet
829 3438 993 3516 piget
1050 3443 1109 3499 et
1150 3444 1347 3499 cetera
1392 3436 1547 3498 talia.
1638 3437 1744 3497 sed
1787 3436 1936 3497 haec
1979 3455 2129 3516 quae
2173 3434 2264 3497 vel
2307 3443 2452 3514 quot
2499 3438 2618 3496 sint
2660 3435 2866 3506 verba,
2925 3454 3082 3515 quae
3131 3446 3261 3498 ter-

649 3541 789 3601 tiam
832 3556 1149 3618 personam
1192 3539 1531 3599 contineant
1572 3545 1801 3600 tantum
1846 3538 1935 3599 vel
1976 3558 2123 3617 quas
2167 3557 2264 3599 res
2304 3537 2500 3600 facere
2542 3556 2662 3597 non
2702 3539 2960 3616 possint,
3017 3538 3148 3599 hoc
3199 3542 3262 3600 in

650 3642 811 3702 sonis
855 3647 1241 3718 conpetenter
1283 3638 1687 3701 tractabimus
1779 3648 1918 3702 sunt
1963 3638 2160 3711 verba,
2208 3659 2360 3719 quae
2405 3642 2748 3719 imperativo
2793 3639 2970 3700 modo
3013 3648 3264 3719 tempo-

646 3743 731 3803 ris
774 3742 1099 3821 praesentis
1152 3742 1208 3801 in
1248 3741 1506 3801 secunda
1560 3760 1818 3820 persona
1877 3743 2108 3803 numeri
2161 3741 2476 3821 singularis
2525 3748 2768 3820 propter
2821 3759 3004 3803 sonos
3055 3750 3126 3803 et
3175 3747 3268 3804 sic

648 3845 935 3924 permissa
990 3844 1107 3904 sint
1162 3841 1475 3912 declinari,
1532 3850 1599 3905 ut
1638 3853 1780 3922 puta
1835 3844 1930 3905 fac
1970 3843 2064 3904 dic
2106 3843 2238 3905 duc.
2281 3906 2290 3913 ,
2329 3846 2414 3905 sic
2457 3851 2517 3905 et
2557 3852 2754 3905 cetera
2803 3841 2940 3904 talia
2997 3852 3064 3905 et
3113 3864 3268 3907 cum

570 3966 623 4009 aa
650 3946 1075 4025 compositione
1118 3964 1221 4006 sua
1256 3952 1504 4024 propter
1546 3953 1742 4006 certos
1785 3964 1965 4007 sonos
2010 3952 2070 4007 et
2108 3947 2192 4007 sic
2225 3948 2511 4023 permissa
2555 3954 2692 4008 sunt
2729 3942 3028 4006 declinari.
3115 3954 3272 4008 sunt

651 4048 859 4118 verba,
906 4066 1058 4128 quae
1104 4047 1279 4109 veluti
1322 4047 1766 4110 similitudinem
1810 4047 2138 4109 eorundem
2185 4046 2504 4107 verborum
2549 4047 2837 4117 habeant,
2895 4065 3052 4125 quae
3105 4048 3270 4110 dixi-

648 4170 781 4213 mus
842 4150 1185 4230 imperativo
1242 4150 1418 4211 modo
1482 4152 1766 4228 temporis
1825 4150 2157 4229 praesentis
2220 4151 2280 4210 in
2339 4147 2596 4210 secunda
2627 4145 2655 4231 ss
2685 4166 2940 4228 persona
3006 4155 3271 4213 numeri

790 4356 815 4406 l
856 4353 1055 4419 Cicero]
1094 4357 1146 4406 in
1180 4354 1329 4407 catil.
1370 4354 1462 4403 1111
1498 4352 1549 4417 3,
1588 4354 1623 4406 6
1792 4354 1822 4403 7
1860 4368 1961 4415 qua
1997 4370 2028 4401 r
2062 4368 2194 4416 quae
2229 4352 2276 4403 R
2311 4367 2466 4415 quere
2502 4353 2554 4403 B
2588 4368 2747 4416 quare
2781 4370 2811 4403 υ
2989 4367 3104 4404 ιιοιι
3147 4372 3270 4406 ser-

650 4426 859 4489 piebam
884 4440 974 4475 om.
1016 4424 1084 4486 R,
1122 4424 1246 4473 add.
1287 4424 1336 4473 B
1478 4424 1544 4473 15
1580 4424 1914 4473 tractauimus
1952 4424 2051 4474 RB
2194 4420 2256 4474 16
2294 4432 2503 4473 sunt—
2527 4424 2589 4473 17
2627 4423 2753 4472 talia
2784 4438 2874 4473 om.
2917 4422 2988 4483 R,
3030 4426 3174 4476 add.
3220 4430 3278 4477 B

752 4495 821 4544 24
852 4494 1151 4543 translatiua
1189 4494 1231 4542 R
1268 4493 1514 4543 translata
1552 4494 1600 4543 B
1706 4494 1844 4557 apud
1881 4490 2189 4558 Vergilium]
2223 4492 2355 4543 Aen.
2395 4492 2489 4541 llll
2515 4491 2585 4542 66
2723 4494 2791 4544 25
2827 4492 2934 4542 edit
2969 4493 3024 4541 B
3059 4496 3198 4545 edet
3225 4499 3275 4548 R

754 4563 823 4613 26
856 4564 997 4627 apud
1035 4560 1347 4629 Vergilium]
1386 4563 1547 4614 bucol.
1582 4562 1633 4623 3,
1670 4561 1738 4613 32
1877 4564 1944 4613 29
1981 4564 2172 4628 penitet
2206 4562 2258 4611 B
2294 4563 2518 4626 poenitet
2549 4564 2597 4613 R.
2735 4561 2805 4613 32
2841 4562 3202 4615 tractabimus
3241 4584 3278 4615 r·

651 4632 979 4683 tractauimus
1017 4633 1116 4683 RB
1255 4632 1324 4684 34
1361 4633 1461 4682 duc
1496 4633 1579 4682 luc
1614 4641 1662 4682 et
1700 4639 1868 4681 cetera
1903 4632 2022 4682 talia
2060 4640 2108 4682 et
2145 4633 2514 4697 compositione
2553 4633 2596 4682 R
2632 4632 2732 4681 duc
2767 4631 2847 4681 luc
2883 4632 2960 4681 sic
2993 4644 3044 4681 et
3081 4646 3278 4687 cetera

652 4701 773 4751 talia
808 4709 859 4751 et
892 4716 1007 4751 oum
1043 4704 1412 4767 compositione
1448 4719 1535 4765 νυ,
1586 4701 1672 4751 ubi
1702 4702 1782 4751 iac
1811 4716 1912 4765 pro
1946 4701 2028 4751 luc
2071 4702 2387 4752 scribendum
2423 4716 2536 4751 esse
2581 4703 2790 4752 coniecit
2835 4702 3008 4753 editor·
3051 4705 3276 4758 Vindo-

650 4770 880 4822 bonenst'a
916 4772 1043 4823 conl.
1076 4788 1284 4837 yramm.
1321 4772 1383 4821 de
1414 4772 1552 4822 verb.
1586 4787 1641 4834 p.
1680 4772 1777 4823 155
1813 4772 1897 4825 ecl.
1945 4772 2098 4822 Vina.
2241 4771 2312 4824 36
2345 4771 2564 4822 habeant
2598 4773 2651 4822 B
2685 4772 2877 4822 habent
2913 4771 2961 4821 R
