<?xml version="1.0" encoding="UTF-8"?>
<!DOCTYPE html PUBLIC "-//W3C//DTD XHTML 1.0 Transitional//EN"
    "http://www.w3.org/TR/xhtml1/DTD/xhtml1-transitional.dtd">
<html xmlns="http://www.w3.org/1999/xhtml" xml:lang="en" lang="en">
 <head>
  <title>
</title>
<meta http-equiv="Content-Type" content="text/html;charset=utf-8" />
  <meta name='ocr-system' content='tesseract 3.04.00' />
  <meta name='ocr-capabilities' content='ocr_page ocr_carea ocr_par ocr_line ocrx_word'/>
</head>
<body>
  <div class='ocr_page' id='page_1' title='image "./grammaticilatin01unkngoog_0169.png"; bbox 0 0 3434 5442; ppageno 0'>
   <div class='ocr_carea' id='block_1_1' title="bbox 608 310 2053 401">
    <p class='ocr_par' dir='ltr' id='par_1_1' title="bbox 608 310 2053 401">
     <span class='ocr_line' id='line_1_1' title="bbox 608 310 2053 401; baseline 0 -24"><span class='ocrx_word' id='word_1_1' title='bbox 608 310 626 316; x_wconf 88' lang='grc'><strong><em>·</em></strong></span> <span class='ocrx_word' id='word_1_2' title='bbox 663 316 777 379; x_wconf 77' lang='lat'><strong>108</strong></span> <span class='ocrx_word' id='word_1_3' title='bbox 1504 348 1521 401; x_wconf 58' lang='lat'>3</span> <span class='ocrx_word' id='word_1_4' title='bbox 1829 315 2053 377; x_wconf 70' lang='lat' dir='ltr'><strong>Paos!</strong></span> 
     </span>
    </p>
   </div>
   <div class='ocr_carea' id='block_1_2' title="bbox 653 432 3236 583">
    <p class='ocr_par' dir='ltr' id='par_1_2' title="bbox 653 432 3236 583">
     <span class='ocr_line' id='line_1_2' title="bbox 758 432 3128 487; baseline 0 -10"><span class='ocrx_word' id='word_1_5' title='bbox 758 446 801 485; x_wconf 76' lang='grc' dir='ltr'><strong>ρ.</strong></span> <span class='ocrx_word' id='word_1_6' title='bbox 826 432 917 475; x_wconf 69' lang='lat'><strong>221.</strong></span> <span class='ocrx_word' id='word_1_7' title='bbox 939 433 989 473; x_wconf 79' lang='lat'><strong>25</strong></span> <span class='ocrx_word' id='word_1_8' title='bbox 1019 433 1073 473; x_wconf 80' lang='grc' dir='ltr'><strong>ιι.</strong></span> <span class='ocrx_word' id='word_1_9' title='bbox 2815 446 2856 487; x_wconf 72' lang='grc' dir='ltr'><strong>ρ.</strong></span> <span class='ocrx_word' id='word_1_10' title='bbox 2885 435 2978 477; x_wconf 78' lang='lat' dir='ltr'><strong>sm.</strong></span> <span class='ocrx_word' id='word_1_11' title='bbox 2999 434 3050 476; x_wconf 82' lang='lat'><strong>11</strong></span> <span class='ocrx_word' id='word_1_12' title='bbox 3074 433 3128 477; x_wconf 78' lang='lat' dir='ltr'><strong>v.</strong></span> 
     </span>
     <span class='ocr_line' id='line_1_3' title="bbox 653 501 3236 583; baseline 0 -17"><span class='ocrx_word' id='word_1_13' title='bbox 653 502 964 583; x_wconf 79' lang='lat' dir='ltr'><strong>singularis</strong></span> <span class='ocrx_word' id='word_1_14' title='bbox 1018 510 1151 565; x_wconf 87' lang='lat' dir='ltr'><strong>ante</strong></span> <span class='ocrx_word' id='word_1_15' title='bbox 1199 501 1461 565; x_wconf 80' lang='lat' dir='ltr'><strong>ultimam</strong></span> <span class='ocrx_word' id='word_1_16' title='bbox 1506 511 1924 565; x_wconf 78' lang='lat' dir='ltr'><strong>consonantem</strong></span> <span class='ocrx_word' id='word_1_17' title='bbox 1987 522 2094 582; x_wconf 86' lang='lat' dir='ltr'><strong>per</strong></span> <span class='ocrx_word' id='word_1_18' title='bbox 2149 506 2296 566; x_wconf 84' lang='lat' dir='ltr'><strong>duas</strong></span> <span class='ocrx_word' id='word_1_19' title='bbox 2345 524 2384 565; x_wconf 88' lang='lat' dir='ltr'><strong>u</strong></span> <span class='ocrx_word' id='word_1_20' title='bbox 2427 503 2652 565; x_wconf 78' lang='lat' dir='ltr'><strong>litteras</strong></span> <span class='ocrx_word' id='word_1_21' title='bbox 2713 504 3029 567; x_wconf 81' lang='lat' dir='ltr'><strong>scribatur.</strong></span> <span class='ocrx_word' id='word_1_22' title='bbox 3119 506 3236 567; x_wconf 86' lang='lat' dir='ltr'><strong>bac</strong></span> 
     </span>
    </p>
   </div>
   <div class='ocr_carea' id='block_1_3' title="bbox 574 606 3244 4361">
    <p class='ocr_par' dir='ltr' id='par_1_3' title="bbox 574 606 3244 4361">
     <span class='ocr_line' id='line_1_4' title="bbox 654 606 3238 687; baseline 0 -20"><span class='ocrx_word' id='word_1_23' title='bbox 654 606 729 667; x_wconf 89' lang='lat' dir='ltr'><strong>de</strong></span> <span class='ocrx_word' id='word_1_24' title='bbox 770 624 962 677; x_wconf 87' lang='lat' dir='ltr'><strong>causa,</strong></span> <span class='ocrx_word' id='word_1_25' title='bbox 1010 608 1287 687; x_wconf 74' lang='lat' dir='ltr'><strong>quoniam</strong></span> <span class='ocrx_word' id='word_1_26' title='bbox 1328 623 1736 685; x_wconf 87' lang='lat' dir='ltr'><strong>quaecumque</strong></span> <span class='ocrx_word' id='word_1_27' title='bbox 1776 608 2012 667; x_wconf 88' lang='lat' dir='ltr'><strong>nomina</strong></span> <span class='ocrx_word' id='word_1_28' title='bbox 2055 608 2324 684; x_wconf 81' lang='lat' dir='ltr'><strong>genetivo</strong></span> <span class='ocrx_word' id='word_1_29' title='bbox 2361 624 2502 667; x_wconf 79' lang='lat' dir='ltr'><strong>casu</strong></span> <span class='ocrx_word' id='word_1_30' title='bbox 2547 608 2777 667; x_wconf 86' lang='lat' dir='ltr'><strong>numeri</strong></span> <span class='ocrx_word' id='word_1_31' title='bbox 2812 606 3130 686; x_wconf 80' lang='lat' dir='ltr'><strong>singularis</strong></span> <span class='ocrx_word' id='word_1_32' title='bbox 3171 610 3238 667; x_wconf 90' lang='lat' dir='ltr'><strong>ui</strong></span> 
     </span>
     <span class='ocr_line' id='line_1_5' title="bbox 654 707 3236 783; baseline 0.001 -15"><span class='ocrx_word' id='word_1_33' title='bbox 654 707 862 770; x_wconf 86' lang='lat' dir='ltr'><strong>litteris</strong></span> <span class='ocrx_word' id='word_1_34' title='bbox 916 708 1184 769; x_wconf 86' lang='lat' dir='ltr'><strong>discretis</strong></span> <span class='ocrx_word' id='word_1_35' title='bbox 1238 708 1626 783; x_wconf 84' lang='lat' dir='ltr'><strong>definiuntur,</strong></span> <span class='ocrx_word' id='word_1_36' title='bbox 1688 708 1836 769; x_wconf 87' lang='lat' dir='ltr'><strong>haec</strong></span> <span class='ocrx_word' id='word_1_37' title='bbox 1889 710 2246 770; x_wconf 86' lang='lat' dir='ltr'><strong>nominativo</strong></span> <span class='ocrx_word' id='word_1_38' title='bbox 2309 715 2369 771; x_wconf 89' lang='lat' dir='ltr'><strong>et</strong></span> <span class='ocrx_word' id='word_1_39' title='bbox 2415 710 2746 769; x_wconf 83' lang='lat' dir='ltr'><strong>accusativo</strong></span> <span class='ocrx_word' id='word_1_40' title='bbox 2803 727 2942 771; x_wconf 88' lang='lat' dir='ltr'><strong>casu</strong></span> <span class='ocrx_word' id='word_1_41' title='bbox 2997 712 3236 771; x_wconf 88' lang='lat' dir='ltr'><strong>numeri</strong></span> 
     </span>
     <span class='ocr_line' id='line_1_6' title="bbox 652 808 3236 891; baseline 0 -18"><span class='ocrx_word' id='word_1_42' title='bbox 652 809 965 891; x_wconf 78' lang='lat' dir='ltr'><strong>singularis</strong></span> <span class='ocrx_word' id='word_1_43' title='bbox 1008 819 1142 872; x_wconf 88' lang='lat' dir='ltr'><strong>ante</strong></span> <span class='ocrx_word' id='word_1_44' title='bbox 1184 808 1447 871; x_wconf 78' lang='lat' dir='ltr'><strong>ultimam</strong></span> <span class='ocrx_word' id='word_1_45' title='bbox 1486 818 1906 871; x_wconf 78' lang='lat' dir='ltr'><strong>consonantem</strong></span> <span class='ocrx_word' id='word_1_46' title='bbox 1950 829 2060 890; x_wconf 91' lang='lat' dir='ltr'><strong>per</strong></span> <span class='ocrx_word' id='word_1_47' title='bbox 2103 810 2250 871; x_wconf 88' lang='lat' dir='ltr'><strong>duas</strong></span> <span class='ocrx_word' id='word_1_48' title='bbox 2289 830 2330 873; x_wconf 88' lang='lat' dir='ltr'><strong>u</strong></span> <span class='ocrx_word' id='word_1_49' title='bbox 2371 809 2596 872; x_wconf 78' lang='lat' dir='ltr'><strong>litteras</strong></span> <span class='ocrx_word' id='word_1_50' title='bbox 2637 810 3000 872; x_wconf 87' lang='lat' dir='ltr'><strong>scribuntur.</strong></span> <span class='ocrx_word' id='word_1_51' title='bbox 3089 813 3236 873; x_wconf 86' lang='lat' dir='ltr'><strong>item</strong></span> 
     </span>
     <span class='ocr_line' id='line_1_7' title="bbox 601 911 3236 991; baseline -0.002 -14"><span class='ocrx_word' id='word_1_52' title='bbox 601 937 627 977; x_wconf 78' lang='lat' dir='ltr'><strong>s</strong></span> <span class='ocrx_word' id='word_1_53' title='bbox 654 920 714 974; x_wconf 87' lang='lat' dir='ltr'><strong>et</strong></span> <span class='ocrx_word' id='word_1_54' title='bbox 752 912 861 975; x_wconf 89' lang='lat' dir='ltr'><strong>alia</strong></span> <span class='ocrx_word' id='word_1_55' title='bbox 905 911 1207 991; x_wconf 87' lang='lat' dir='ltr'><strong>probatio,</strong></span> <span class='ocrx_word' id='word_1_56' title='bbox 1253 928 1369 990; x_wconf 87' lang='lat' dir='ltr'><strong>qua</strong></span> <span class='ocrx_word' id='word_1_57' title='bbox 1413 911 1703 973; x_wconf 81' lang='lat' dir='ltr'><strong>docentur</strong></span> <span class='ocrx_word' id='word_1_58' title='bbox 1749 912 1894 973; x_wconf 87' lang='lat' dir='ltr'><strong>haec</strong></span> <span class='ocrx_word' id='word_1_59' title='bbox 1937 915 2173 974; x_wconf 88' lang='lat' dir='ltr'><strong>nomina</strong></span> <span class='ocrx_word' id='word_1_60' title='bbox 2219 915 2456 991; x_wconf 85' lang='lat' dir='ltr'><strong>generis</strong></span> <span class='ocrx_word' id='word_1_61' title='bbox 2499 911 2834 981; x_wconf 85' lang='lat' dir='ltr'><strong>masculini,</strong></span> <span class='ocrx_word' id='word_1_62' title='bbox 2889 931 3042 991; x_wconf 85' lang='lat' dir='ltr'><strong>quae</strong></span> <span class='ocrx_word' id='word_1_63' title='bbox 3085 914 3236 973; x_wconf 81' lang='lat' dir='ltr'><strong>dixi-</strong></span> 
     </span>
     <span class='ocr_line' id='line_1_8' title="bbox 652 1013 3237 1093; baseline -0.001 -16"><span class='ocrx_word' id='word_1_64' title='bbox 652 1032 785 1077; x_wconf 88' lang='lat' dir='ltr'><strong>mus</strong></span> <span class='ocrx_word' id='word_1_65' title='bbox 818 1014 1065 1077; x_wconf 87' lang='lat' dir='ltr'><strong>ablativo</strong></span> <span class='ocrx_word' id='word_1_66' title='bbox 1110 1032 1249 1075; x_wconf 90' lang='lat' dir='ltr'><strong>casu</strong></span> <span class='ocrx_word' id='word_1_67' title='bbox 1292 1015 1523 1075; x_wconf 89' lang='lat' dir='ltr'><strong>numeri</strong></span> <span class='ocrx_word' id='word_1_68' title='bbox 1562 1013 1880 1093; x_wconf 83' lang='lat' dir='ltr'><strong>singularis</strong></span> <span class='ocrx_word' id='word_1_69' title='bbox 1923 1033 1958 1074; x_wconf 90' lang='lat' dir='ltr'><strong>o</strong></span> <span class='ocrx_word' id='word_1_70' title='bbox 1998 1014 2188 1077; x_wconf 85' lang='lat' dir='ltr'><strong>littera</strong></span> <span class='ocrx_word' id='word_1_71' title='bbox 2239 1015 2542 1075; x_wconf 86' lang='lat' dir='ltr'><strong>terminari</strong></span> <span class='ocrx_word' id='word_1_72' title='bbox 2581 1021 2642 1076; x_wconf 88' lang='lat' dir='ltr'><strong>et</strong></span> <span class='ocrx_word' id='word_1_73' title='bbox 2679 1014 3042 1075; x_wconf 83' lang='lat' dir='ltr'><strong>nominativo</strong></span> <span class='ocrx_word' id='word_1_74' title='bbox 3089 1032 3237 1075; x_wconf 85' lang='lat' dir='ltr'><strong>casu</strong></span> 
     </span>
     <span class='ocr_line' id='line_1_9' title="bbox 652 1115 3240 1208; baseline 0 -31"><span class='ocrx_word' id='word_1_75' title='bbox 652 1118 885 1179; x_wconf 88' lang='lat' dir='ltr'><strong>numeri</strong></span> <span class='ocrx_word' id='word_1_76' title='bbox 926 1116 1235 1193; x_wconf 82' lang='lat' dir='ltr'><strong>singularis</strong></span> <span class='ocrx_word' id='word_1_77' title='bbox 1278 1134 1349 1175; x_wconf 89' lang='lat' dir='ltr'><strong>us</strong></span> <span class='ocrx_word' id='word_1_78' title='bbox 1386 1115 1607 1208; x_wconf 75' lang='lat' dir='ltr'><strong>syllaba</strong></span> <span class='ocrx_word' id='word_1_79' title='bbox 1664 1125 1798 1194; x_wconf 88' lang='lat' dir='ltr'><strong>post</strong></span> <span class='ocrx_word' id='word_1_80' title='bbox 1852 1134 1888 1176; x_wconf 88' lang='lat' dir='ltr'><strong>u</strong></span> <span class='ocrx_word' id='word_1_81' title='bbox 1933 1115 2186 1179; x_wconf 80' lang='lat' dir='ltr'><strong>litteram</strong></span> <span class='ocrx_word' id='word_1_82' title='bbox 2243 1117 2504 1186; x_wconf 85' lang='lat' dir='ltr'><strong>definiri,</strong></span> <span class='ocrx_word' id='word_1_83' title='bbox 2563 1118 2720 1197; x_wconf 85' lang='lat' dir='ltr'><strong>quod</strong></span> <span class='ocrx_word' id='word_1_84' title='bbox 2770 1118 3134 1178; x_wconf 80' lang='lat' dir='ltr'><strong>nominativo</strong></span> <span class='ocrx_word' id='word_1_85' title='bbox 3177 1125 3240 1177; x_wconf 84' lang='lat' dir='ltr'><strong>et</strong></span> 
     </span>
     <span class='ocr_line' id='line_1_10' title="bbox 652 1217 3234 1296; baseline -0 -16"><span class='ocrx_word' id='word_1_86' title='bbox 652 1220 983 1281; x_wconf 86' lang='lat' dir='ltr'><strong>accusativo</strong></span> <span class='ocrx_word' id='word_1_87' title='bbox 1032 1236 1171 1280; x_wconf 85' lang='lat' dir='ltr'><strong>casu</strong></span> <span class='ocrx_word' id='word_1_88' title='bbox 1230 1220 1463 1281; x_wconf 88' lang='lat' dir='ltr'><strong>numeri</strong></span> <span class='ocrx_word' id='word_1_89' title='bbox 1506 1217 1820 1293; x_wconf 82' lang='lat' dir='ltr'><strong>singularis</strong></span> <span class='ocrx_word' id='word_1_90' title='bbox 1875 1224 2012 1279; x_wconf 88' lang='lat' dir='ltr'><strong>ante</strong></span> <span class='ocrx_word' id='word_1_91' title='bbox 2055 1218 2325 1281; x_wconf 80' lang='lat' dir='ltr'><strong>ultimam</strong></span> <span class='ocrx_word' id='word_1_92' title='bbox 2373 1228 2794 1281; x_wconf 82' lang='lat' dir='ltr'><strong>consonantem</strong></span> <span class='ocrx_word' id='word_1_93' title='bbox 2847 1236 2955 1296; x_wconf 81' lang='lat' dir='ltr'><strong>per</strong></span> <span class='ocrx_word' id='word_1_94' title='bbox 3001 1218 3154 1280; x_wconf 88' lang='lat' dir='ltr'><strong>duas</strong></span> <span class='ocrx_word' id='word_1_95' title='bbox 3199 1240 3234 1279; x_wconf 89' lang='lat' dir='ltr'><strong>u</strong></span> 
     </span>
     <span class='ocr_line' id='line_1_11' title="bbox 651 1318 3235 1401; baseline 0.001 -21"><span class='ocrx_word' id='word_1_96' title='bbox 651 1319 875 1381; x_wconf 79' lang='lat' dir='ltr'><strong>litteras</strong></span> <span class='ocrx_word' id='word_1_97' title='bbox 917 1318 1173 1401; x_wconf 82' lang='lat' dir='ltr'><strong>debeant</strong></span> <span class='ocrx_word' id='word_1_98' title='bbox 1214 1320 1409 1381; x_wconf 88' lang='lat' dir='ltr'><strong>scribi.</strong></span> <span class='ocrx_word' id='word_1_99' title='bbox 1502 1320 1613 1381; x_wconf 87' lang='lat' dir='ltr'><strong>bac</strong></span> <span class='ocrx_word' id='word_1_100' title='bbox 1658 1320 1732 1381; x_wconf 80' lang='lat' dir='ltr'><strong>(le</strong></span> <span class='ocrx_word' id='word_1_101' title='bbox 1779 1338 1989 1390; x_wconf 81' lang='lat' dir='ltr'><strong>causa,</strong></span> <span class='ocrx_word' id='word_1_102' title='bbox 2049 1321 2323 1400; x_wconf 88' lang='lat' dir='ltr'><strong>quoniam</strong></span> <span class='ocrx_word' id='word_1_103' title='bbox 2378 1340 2786 1401; x_wconf 82' lang='lat' dir='ltr'><strong>quaecumque</strong></span> <span class='ocrx_word' id='word_1_104' title='bbox 2843 1322 3084 1381; x_wconf 86' lang='lat' dir='ltr'><strong>nomina</strong></span> <span class='ocrx_word' id='word_1_105' title='bbox 3133 1340 3235 1400; x_wconf 87' lang='lat' dir='ltr'><strong>ge-</strong></span> 
     </span>
     <span class='ocr_line' id='line_1_12' title="bbox 580 1420 3238 1502; baseline -0.001 -17"><span class='ocrx_word' id='word_1_106' title='bbox 580 1444 629 1489; x_wconf 86' lang='grc' dir='ltr'><strong>ιο</strong></span> <span class='ocrx_word' id='word_1_107' title='bbox 655 1424 813 1485; x_wconf 87' lang='lat' dir='ltr'><strong>neris</strong></span> <span class='ocrx_word' id='word_1_108' title='bbox 866 1420 1173 1484; x_wconf 87' lang='lat' dir='ltr'><strong>masculini</strong></span> <span class='ocrx_word' id='word_1_109' title='bbox 1228 1422 1477 1483; x_wconf 86' lang='lat' dir='ltr'><strong>ablativo</strong></span> <span class='ocrx_word' id='word_1_110' title='bbox 1526 1441 1665 1483; x_wconf 89' lang='lat' dir='ltr'><strong>casu</strong></span> <span class='ocrx_word' id='word_1_111' title='bbox 1723 1424 1956 1485; x_wconf 87' lang='lat' dir='ltr'><strong>numeri</strong></span> <span class='ocrx_word' id='word_1_112' title='bbox 2009 1423 2321 1502; x_wconf 82' lang='lat' dir='ltr'><strong>singularis</strong></span> <span class='ocrx_word' id='word_1_113' title='bbox 2373 1442 2407 1483; x_wconf 90' lang='lat' dir='ltr'><strong>o</strong></span> <span class='ocrx_word' id='word_1_114' title='bbox 2463 1422 2654 1485; x_wconf 86' lang='lat' dir='ltr'><strong>littera</strong></span> <span class='ocrx_word' id='word_1_115' title='bbox 2717 1425 3120 1485; x_wconf 83' lang='lat' dir='ltr'><strong>terminantur</strong></span> <span class='ocrx_word' id='word_1_116' title='bbox 3179 1433 3238 1485; x_wconf 85' lang='lat' dir='ltr'><strong>et</strong></span> 
     </span>
     <span class='ocr_line' id='line_1_13' title="bbox 654 1522 3234 1605; baseline 0 -20"><span class='ocrx_word' id='word_1_117' title='bbox 654 1524 1011 1585; x_wconf 87' lang='lat' dir='ltr'><strong>nominativo</strong></span> <span class='ocrx_word' id='word_1_118' title='bbox 1056 1542 1195 1585; x_wconf 88' lang='lat' dir='ltr'><strong>casu</strong></span> <span class='ocrx_word' id='word_1_119' title='bbox 1242 1526 1473 1585; x_wconf 89' lang='lat' dir='ltr'><strong>numeri</strong></span> <span class='ocrx_word' id='word_1_120' title='bbox 1510 1522 1825 1602; x_wconf 85' lang='lat' dir='ltr'><strong>singularis</strong></span> <span class='ocrx_word' id='word_1_121' title='bbox 1867 1542 1936 1584; x_wconf 88' lang='lat' dir='ltr'><strong>us</strong></span> <span class='ocrx_word' id='word_1_122' title='bbox 1979 1524 2198 1605; x_wconf 84' lang='lat' dir='ltr'><strong>syllaba</strong></span> <span class='ocrx_word' id='word_1_123' title='bbox 2241 1525 2616 1595; x_wconf 84' lang='lat' dir='ltr'><strong>definiuntur,</strong></span> <span class='ocrx_word' id='word_1_124' title='bbox 2659 1526 2823 1596; x_wconf 87' lang='lat' dir='ltr'><strong>haec,</strong></span> <span class='ocrx_word' id='word_1_125' title='bbox 2865 1526 2916 1586; x_wconf 90' lang='lat' dir='ltr'><strong>si</strong></span> <span class='ocrx_word' id='word_1_126' title='bbox 2957 1524 3234 1587; x_wconf 85' lang='lat' dir='ltr'><strong>anomala</strong></span> 
     </span>
     <span class='ocr_line' id='line_1_14' title="bbox 654 1626 3238 1707; baseline -0 -19"><span class='ocrx_word' id='word_1_127' title='bbox 654 1644 783 1688; x_wconf 86' lang='lat' dir='ltr'><strong>esse</strong></span> <span class='ocrx_word' id='word_1_128' title='bbox 826 1644 947 1687; x_wconf 87' lang='lat' dir='ltr'><strong>non</strong></span> <span class='ocrx_word' id='word_1_129' title='bbox 986 1628 1390 1706; x_wconf 85' lang='lat' dir='ltr'><strong>reperiuntur,</strong></span> <span class='ocrx_word' id='word_1_130' title='bbox 1450 1633 1695 1705; x_wconf 84' lang='lat' dir='ltr'><strong>excepto</strong></span> <span class='ocrx_word' id='word_1_131' title='bbox 1741 1628 2012 1704; x_wconf 85' lang='lat' dir='ltr'><strong>genetivo</strong></span> <span class='ocrx_word' id='word_1_132' title='bbox 2055 1646 2196 1689; x_wconf 87' lang='lat' dir='ltr'><strong>casu</strong></span> <span class='ocrx_word' id='word_1_133' title='bbox 2253 1629 2484 1689; x_wconf 89' lang='lat' dir='ltr'><strong>numeri</strong></span> <span class='ocrx_word' id='word_1_134' title='bbox 2535 1626 2782 1707; x_wconf 30' lang='lat' dir='ltr'><strong>pluralis·</strong></span> <span class='ocrx_word' id='word_1_135' title='bbox 2831 1644 2942 1706; x_wconf 88' lang='lat' dir='ltr'><strong>per</strong></span> <span class='ocrx_word' id='word_1_136' title='bbox 2997 1634 3238 1688; x_wconf 87' lang='lat' dir='ltr'><strong>ceteros</strong></span> 
     </span>
     <span class='ocr_line' id='line_1_15' title="bbox 654 1726 3240 1807; baseline -0.001 -16"><span class='ocrx_word' id='word_1_137' title='bbox 654 1746 825 1791; x_wconf 86' lang='lat' dir='ltr'><strong>casus</strong></span> <span class='ocrx_word' id='word_1_138' title='bbox 867 1730 997 1807; x_wconf 86' lang='lat' dir='ltr'><strong>pari</strong></span> <span class='ocrx_word' id='word_1_139' title='bbox 1038 1746 1286 1789; x_wconf 90' lang='lat' dir='ltr'><strong>numero</strong></span> <span class='ocrx_word' id='word_1_140' title='bbox 1328 1726 1683 1807; x_wconf 81' lang='lat' dir='ltr'><strong>syllabarum</strong></span> <span class='ocrx_word' id='word_1_141' title='bbox 1727 1735 1966 1807; x_wconf 86' lang='lat' dir='ltr'><strong>oportet</strong></span> <span class='ocrx_word' id='word_1_142' title='bbox 2005 1728 2202 1790; x_wconf 87' lang='lat' dir='ltr'><strong>scribi.</strong></span> <span class='ocrx_word' id='word_1_143' title='bbox 2293 1746 2450 1791; x_wconf 88' lang='lat' dir='ltr'><strong>nunc</strong></span> <span class='ocrx_word' id='word_1_144' title='bbox 2495 1731 2552 1791; x_wconf 89' lang='lat' dir='ltr'><strong>in</strong></span> <span class='ocrx_word' id='word_1_145' title='bbox 2595 1729 2708 1791; x_wconf 87' lang='lat' dir='ltr'><strong>bac</strong></span> <span class='ocrx_word' id='word_1_146' title='bbox 2751 1730 2942 1789; x_wconf 84' lang='lat' dir='ltr'><strong>forma</strong></span> <span class='ocrx_word' id='word_1_147' title='bbox 2991 1732 3240 1806; x_wconf 83' lang='lat' dir='ltr'><strong>generis</strong></span> 
     </span>
     <span class='ocr_line' id='line_1_16' title="bbox 654 1829 3238 1910; baseline 0 -19"><span class='ocrx_word' id='word_1_148' title='bbox 654 1830 997 1902; x_wconf 72' lang='lat' dir='ltr'><strong>masculini„</strong></span> <span class='ocrx_word' id='word_1_149' title='bbox 1056 1850 1167 1910; x_wconf 89' lang='lat' dir='ltr'><strong>qua</strong></span> <span class='ocrx_word' id='word_1_150' title='bbox 1214 1830 1466 1891; x_wconf 85' lang='lat' dir='ltr'><strong>diximus</strong></span> <span class='ocrx_word' id='word_1_151' title='bbox 1516 1829 1766 1891; x_wconf 88' lang='lat' dir='ltr'><strong>ablativo</strong></span> <span class='ocrx_word' id='word_1_152' title='bbox 1817 1849 1958 1893; x_wconf 89' lang='lat' dir='ltr'><strong>casu</strong></span> <span class='ocrx_word' id='word_1_153' title='bbox 2013 1831 2243 1891; x_wconf 87' lang='lat' dir='ltr'><strong>numeri</strong></span> <span class='ocrx_word' id='word_1_154' title='bbox 2299 1829 2613 1909; x_wconf 81' lang='lat' dir='ltr'><strong>singularis</strong></span> <span class='ocrx_word' id='word_1_155' title='bbox 2665 1831 2902 1891; x_wconf 90' lang='lat' dir='ltr'><strong>nomina</strong></span> <span class='ocrx_word' id='word_1_156' title='bbox 2959 1848 2996 1889; x_wconf 91' lang='lat' dir='ltr'><strong>o</strong></span> <span class='ocrx_word' id='word_1_157' title='bbox 3039 1829 3238 1892; x_wconf 85' lang='lat' dir='ltr'><strong>littera</strong></span> 
     </span>
     <span class='ocr_line' id='line_1_17' title="bbox 582 1930 3236 2013; baseline -0.001 -18"><span class='ocrx_word' id='word_1_158' title='bbox 582 1955 628 1995; x_wconf 70' lang='grc' dir='ltr'><strong>ιι»</strong></span> <span class='ocrx_word' id='word_1_159' title='bbox 658 1933 959 1995; x_wconf 86' lang='lat' dir='ltr'><strong>terminari</strong></span> <span class='ocrx_word' id='word_1_160' title='bbox 1002 1938 1061 1993; x_wconf 92' lang='lat' dir='ltr'><strong>et</strong></span> <span class='ocrx_word' id='word_1_161' title='bbox 1104 1932 1456 1995; x_wconf 87' lang='lat' dir='ltr'><strong>nominativo</strong></span> <span class='ocrx_word' id='word_1_162' title='bbox 1502 1950 1641 1993; x_wconf 89' lang='lat' dir='ltr'><strong>casu</strong></span> <span class='ocrx_word' id='word_1_163' title='bbox 1691 1934 1927 1993; x_wconf 89' lang='lat' dir='ltr'><strong>numeri</strong></span> <span class='ocrx_word' id='word_1_164' title='bbox 1968 1931 2280 2011; x_wconf 81' lang='lat' dir='ltr'><strong>singularis</strong></span> <span class='ocrx_word' id='word_1_165' title='bbox 2325 1952 2394 1993; x_wconf 91' lang='lat' dir='ltr'><strong>us</strong></span> <span class='ocrx_word' id='word_1_166' title='bbox 2439 1931 2659 2013; x_wconf 77' lang='lat' dir='ltr'><strong>syllaba</strong></span> <span class='ocrx_word' id='word_1_167' title='bbox 2714 1940 2849 2011; x_wconf 86' lang='lat' dir='ltr'><strong>post</strong></span> <span class='ocrx_word' id='word_1_168' title='bbox 2890 1952 2930 1993; x_wconf 87' lang='lat' dir='ltr'><strong>u</strong></span> <span class='ocrx_word' id='word_1_169' title='bbox 2975 1930 3236 1993; x_wconf 84' lang='lat' dir='ltr'><strong>litteram</strong></span> 
     </span>
     <span class='ocr_line' id='line_1_18' title="bbox 652 2033 3238 2115; baseline -0 -19"><span class='ocrx_word' id='word_1_170' title='bbox 652 2035 913 2104; x_wconf 81' lang='lat' dir='ltr'><strong>definiri,</strong></span> <span class='ocrx_word' id='word_1_171' title='bbox 970 2034 1085 2095; x_wconf 87' lang='lat' dir='ltr'><strong>hoc</strong></span> <span class='ocrx_word' id='word_1_172' title='bbox 1122 2052 1459 2103; x_wconf 88' lang='lat' dir='ltr'><strong>monemus,</strong></span> <span class='ocrx_word' id='word_1_173' title='bbox 1502 2034 1661 2115; x_wconf 89' lang='lat' dir='ltr'><strong>quod</strong></span> <span class='ocrx_word' id='word_1_174' title='bbox 1707 2054 1780 2096; x_wconf 84' lang='lat' dir='ltr'><strong>ex</strong></span> <span class='ocrx_word' id='word_1_175' title='bbox 1821 2052 1886 2095; x_wconf 84' lang='lat' dir='ltr'><strong>ea</strong></span> <span class='ocrx_word' id='word_1_176' title='bbox 1925 2052 2042 2094; x_wconf 90' lang='lat' dir='ltr'><strong>non</strong></span> <span class='ocrx_word' id='word_1_177' title='bbox 2091 2052 2160 2095; x_wconf 87' lang='lat' dir='ltr'><strong>eo</strong></span> <span class='ocrx_word' id='word_1_178' title='bbox 2203 2033 2439 2114; x_wconf 84' lang='lat' dir='ltr'><strong>plurimi</strong></span> <span class='ocrx_word' id='word_1_179' title='bbox 2483 2035 2642 2104; x_wconf 86' lang='lat' dir='ltr'><strong>soni,</strong></span> <span class='ocrx_word' id='word_1_180' title='bbox 2701 2034 2816 2095; x_wconf 89' lang='lat' dir='ltr'><strong>hoc</strong></span> <span class='ocrx_word' id='word_1_181' title='bbox 2857 2042 2945 2096; x_wconf 83' lang='lat' dir='ltr'><strong>est</strong></span> <span class='ocrx_word' id='word_1_182' title='bbox 2987 2052 3114 2094; x_wconf 89' lang='lat' dir='ltr'><strong>non</strong></span> <span class='ocrx_word' id='word_1_183' title='bbox 3167 2054 3238 2095; x_wconf 90' lang='lat' dir='ltr'><strong>eo</strong></span> 
     </span>
     <span class='ocr_line' id='line_1_19' title="bbox 651 2133 3240 2219; baseline 0 -22"><span class='ocrx_word' id='word_1_184' title='bbox 651 2136 902 2217; x_wconf 86' lang='lat' dir='ltr'><strong>plurima</strong></span> <span class='ocrx_word' id='word_1_185' title='bbox 946 2137 1215 2204; x_wconf 87' lang='lat' dir='ltr'><strong>nomina,</strong></span> <span class='ocrx_word' id='word_1_186' title='bbox 1264 2138 1487 2215; x_wconf 86' lang='lat' dir='ltr'><strong>possint</strong></span> <span class='ocrx_word' id='word_1_187' title='bbox 1532 2134 1816 2197; x_wconf 83' lang='lat' dir='ltr'><strong>exhiberi.</strong></span> <span class='ocrx_word' id='word_1_188' title='bbox 1847 2133 1874 2219; x_wconf 78' lang='grc' dir='ltr'><strong>Η</strong></span> <span class='ocrx_word' id='word_1_189' title='bbox 1904 2137 1978 2198; x_wconf 88' lang='lat' dir='ltr'><strong>de</strong></span> <span class='ocrx_word' id='word_1_190' title='bbox 2015 2136 2202 2197; x_wconf 80' lang='lat' dir='ltr'><strong>forma</strong></span> <span class='ocrx_word' id='word_1_191' title='bbox 2249 2139 2484 2215; x_wconf 83' lang='lat' dir='ltr'><strong>generis</strong></span> <span class='ocrx_word' id='word_1_192' title='bbox 2523 2135 2858 2205; x_wconf 86' lang='lat' dir='ltr'><strong>masculini,</strong></span> <span class='ocrx_word' id='word_1_193' title='bbox 2906 2154 3026 2215; x_wconf 88' lang='lat' dir='ltr'><strong>qua</strong></span> <span class='ocrx_word' id='word_1_194' title='bbox 3071 2135 3240 2197; x_wconf 88' lang='lat' dir='ltr'><strong>abla-</strong></span> 
     </span>
     <span class='ocr_line' id='line_1_20' title="bbox 652 2238 3240 2317; baseline -0.002 -16"><span class='ocrx_word' id='word_1_195' title='bbox 652 2242 769 2301; x_wconf 88' lang='lat' dir='ltr'><strong>tivo</strong></span> <span class='ocrx_word' id='word_1_196' title='bbox 820 2258 957 2301; x_wconf 88' lang='lat' dir='ltr'><strong>casu</strong></span> <span class='ocrx_word' id='word_1_197' title='bbox 1026 2240 1260 2299; x_wconf 87' lang='lat' dir='ltr'><strong>numeri</strong></span> <span class='ocrx_word' id='word_1_198' title='bbox 1312 2238 1627 2317; x_wconf 84' lang='lat' dir='ltr'><strong>singularis</strong></span> <span class='ocrx_word' id='word_1_199' title='bbox 1686 2239 1927 2299; x_wconf 88' lang='lat' dir='ltr'><strong>nomina</strong></span> <span class='ocrx_word' id='word_1_200' title='bbox 1969 2258 2005 2299; x_wconf 93' lang='grc' dir='ltr'><strong><em>ο</em></strong></span> <span class='ocrx_word' id='word_1_201' title='bbox 2058 2238 2252 2300; x_wconf 86' lang='lat' dir='ltr'><strong>littera</strong></span> <span class='ocrx_word' id='word_1_202' title='bbox 2315 2239 2706 2311; x_wconf 86' lang='lat' dir='ltr'><strong>terminantur</strong></span> <span class='ocrx_word' id='word_1_203' title='bbox 2760 2244 2820 2298; x_wconf 85' lang='lat' dir='ltr'><strong>et</strong></span> <span class='ocrx_word' id='word_1_204' title='bbox 2871 2240 3240 2299; x_wconf 80' lang='lat' dir='ltr'><strong>nominativo</strong></span> 
     </span>
     <span class='ocr_line' id='line_1_21' title="bbox 652 2337 3242 2422; baseline -0.001 -19"><span class='ocrx_word' id='word_1_205' title='bbox 652 2360 794 2403; x_wconf 87' lang='lat' dir='ltr'><strong>casu</strong></span> <span class='ocrx_word' id='word_1_206' title='bbox 846 2341 1077 2403; x_wconf 78' lang='lat' dir='ltr'><strong>numeri</strong></span> <span class='ocrx_word' id='word_1_207' title='bbox 1134 2338 1445 2417; x_wconf 87' lang='lat' dir='ltr'><strong>singularis</strong></span> <span class='ocrx_word' id='word_1_208' title='bbox 1498 2359 1571 2401; x_wconf 88' lang='lat' dir='ltr'><strong>us</strong></span> <span class='ocrx_word' id='word_1_209' title='bbox 1624 2338 1842 2420; x_wconf 83' lang='lat' dir='ltr'><strong>syllaba</strong></span> <span class='ocrx_word' id='word_1_210' title='bbox 1881 2337 1894 2422; x_wconf 89' lang='grc' dir='ltr'>Ι</span> <span class='ocrx_word' id='word_1_211' title='bbox 1931 2347 2066 2420; x_wconf 89' lang='lat' dir='ltr'><strong>post</strong></span> <span class='ocrx_word' id='word_1_212' title='bbox 2113 2360 2152 2401; x_wconf 90' lang='lat' dir='ltr'><strong>u</strong></span> <span class='ocrx_word' id='word_1_213' title='bbox 2201 2340 2454 2403; x_wconf 84' lang='lat' dir='ltr'><strong>litteram</strong></span> <span class='ocrx_word' id='word_1_214' title='bbox 2507 2341 2892 2409; x_wconf 81' lang='lat' dir='ltr'><strong>definiuntur,</strong></span> <span class='ocrx_word' id='word_1_215' title='bbox 2945 2349 3242 2421; x_wconf 87' lang='lat' dir='ltr'><strong>quantum</strong></span> 
     </span>
     <span class='ocr_line' id='line_1_22' title="bbox 576 2442 1577 2522; baseline -0.002 -17"><span class='ocrx_word' id='word_1_216' title='bbox 576 2463 627 2505; x_wconf 66' lang='grc' dir='ltr'><strong>ιο</strong></span> <span class='ocrx_word' id='word_1_217' title='bbox 652 2445 801 2507; x_wconf 88' lang='lat' dir='ltr'><strong>ratio</strong></span> <span class='ocrx_word' id='word_1_218' title='bbox 838 2442 1139 2522; x_wconf 85' lang='lat' dir='ltr'><strong>poscebat,</strong></span> <span class='ocrx_word' id='word_1_219' title='bbox 1184 2443 1577 2503; x_wconf 71' lang='lat' dir='ltr'><strong>tractavimus</strong></span> 
     </span>
     <span class='ocr_line' id='line_1_23' title="bbox 823 2543 3241 2627; baseline -0 -21"><span class='ocrx_word' id='word_1_220' title='bbox 823 2545 908 2627; x_wconf 84' lang='lat' dir='ltr'><strong>De</strong></span> <span class='ocrx_word' id='word_1_221' title='bbox 945 2564 1113 2624; x_wconf 85' lang='lat' dir='ltr'><strong>quus.</strong></span> <span class='ocrx_word' id='word_1_222' title='bbox 1178 2562 1587 2623; x_wconf 87' lang='lat' dir='ltr'><strong>quaecumque</strong></span> <span class='ocrx_word' id='word_1_223' title='bbox 1626 2545 1864 2605; x_wconf 88' lang='lat' dir='ltr'><strong>nomina</strong></span> <span class='ocrx_word' id='word_1_224' title='bbox 1909 2546 2145 2621; x_wconf 76' lang='lat' dir='ltr'><strong>generis</strong></span> <span class='ocrx_word' id='word_1_225' title='bbox 2187 2543 2494 2605; x_wconf 86' lang='lat' dir='ltr'><strong>masculini</strong></span> <span class='ocrx_word' id='word_1_226' title='bbox 2537 2543 2787 2605; x_wconf 83' lang='lat' dir='ltr'><strong>ablativo</strong></span> <span class='ocrx_word' id='word_1_227' title='bbox 2819 2562 2959 2605; x_wconf 88' lang='lat' dir='ltr'><strong>casu</strong></span> <span class='ocrx_word' id='word_1_228' title='bbox 2997 2546 3241 2607; x_wconf 88' lang='lat' dir='ltr'><strong>numeri</strong></span> 
     </span>
     <span class='ocr_line' id='line_1_24' title="bbox 652 2644 3244 2726; baseline 0 -17"><span class='ocrx_word' id='word_1_229' title='bbox 652 2646 965 2726; x_wconf 84' lang='lat' dir='ltr'><strong>singularis</strong></span> <span class='ocrx_word' id='word_1_230' title='bbox 1000 2666 1036 2708; x_wconf 87' lang='lat' dir='ltr'><strong>o</strong></span> <span class='ocrx_word' id='word_1_231' title='bbox 1082 2646 1277 2707; x_wconf 87' lang='lat' dir='ltr'><strong>littera</strong></span> <span class='ocrx_word' id='word_1_232' title='bbox 1322 2648 1717 2707; x_wconf 78' lang='lat' dir='ltr'><strong>terminantur</strong></span> <span class='ocrx_word' id='word_1_233' title='bbox 1763 2654 1824 2709; x_wconf 92' lang='lat' dir='ltr'><strong>et</strong></span> <span class='ocrx_word' id='word_1_234' title='bbox 1861 2647 2218 2707; x_wconf 89' lang='lat' dir='ltr'><strong>nominativo</strong></span> <span class='ocrx_word' id='word_1_235' title='bbox 2261 2664 2404 2707; x_wconf 86' lang='lat' dir='ltr'><strong>casu</strong></span> <span class='ocrx_word' id='word_1_236' title='bbox 2449 2648 2680 2707; x_wconf 89' lang='lat' dir='ltr'><strong>numeri</strong></span> <span class='ocrx_word' id='word_1_237' title='bbox 2723 2644 3040 2723; x_wconf 84' lang='lat' dir='ltr'><strong>singularis</strong></span> <span class='ocrx_word' id='word_1_238' title='bbox 3081 2664 3244 2724; x_wconf 84' lang='lat' dir='ltr'><strong>quus</strong></span> 
     </span>
     <span class='ocr_line' id='line_1_25' title="bbox 650 2748 3242 2830; baseline 0 -19"><span class='ocrx_word' id='word_1_239' title='bbox 650 2749 873 2830; x_wconf 78' lang='lat' dir='ltr'><strong>syllaba</strong></span> <span class='ocrx_word' id='word_1_240' title='bbox 910 2749 1285 2820; x_wconf 83' lang='lat' dir='ltr'><strong>definiuntur,</strong></span> <span class='ocrx_word' id='word_1_241' title='bbox 1333 2754 1399 2809; x_wconf 90' lang='lat' dir='ltr'><strong>ut</strong></span> <span class='ocrx_word' id='word_1_242' title='bbox 1432 2756 1569 2827; x_wconf 88' lang='lat' dir='ltr'><strong>puta</strong></span> <span class='ocrx_word' id='word_1_243' title='bbox 1608 2748 1683 2809; x_wconf 91' lang='lat' dir='ltr'><strong>ab</strong></span> <span class='ocrx_word' id='word_1_244' title='bbox 1710 2748 1828 2809; x_wconf 90' lang='lat' dir='ltr'><strong>hoc</strong></span> <span class='ocrx_word' id='word_1_245' title='bbox 1859 2766 2012 2828; x_wconf 88' lang='lat' dir='ltr'><strong>equo</strong></span> <span class='ocrx_word' id='word_1_246' title='bbox 2055 2748 2152 2809; x_wconf 91' lang='lat' dir='ltr'><strong>hic</strong></span> <span class='ocrx_word' id='word_1_247' title='bbox 2195 2766 2404 2828; x_wconf 84' lang='lat' dir='ltr'><strong>equus,</strong></span> <span class='ocrx_word' id='word_1_248' title='bbox 2449 2749 2596 2810; x_wconf 87' lang='lat' dir='ltr'><strong>haec</strong></span> <span class='ocrx_word' id='word_1_249' title='bbox 2635 2748 2708 2809; x_wconf 88' lang='lat' dir='ltr'><strong>ad</strong></span> <span class='ocrx_word' id='word_1_250' title='bbox 2752 2748 2868 2807; x_wconf 90' lang='lat' dir='ltr'><strong>hoc</strong></span> <span class='ocrx_word' id='word_1_251' title='bbox 2895 2748 3242 2827; x_wconf 84' lang='lat' dir='ltr'><strong>exemplum</strong></span> 
     </span>
     <span class='ocr_line' id='line_1_26' title="bbox 650 2832 3242 2931; baseline -0.002 -16"><span class='ocrx_word' id='word_1_252' title='bbox 650 2851 1047 2915; x_wconf 84' lang='lat' dir='ltr'><strong>declinantur:</strong></span> <span class='ocrx_word' id='word_1_253' title='bbox 1090 2854 1321 2913; x_wconf 88' lang='lat' dir='ltr'><strong>numeri</strong></span> <span class='ocrx_word' id='word_1_254' title='bbox 1355 2832 1668 2928; x_wconf 77' lang='lat' dir='ltr'><strong>singularis</strong></span> <span class='ocrx_word' id='word_1_255' title='bbox 1706 2850 1806 2912; x_wconf 88' lang='lat' dir='ltr'><strong>hic</strong></span> <span class='ocrx_word' id='word_1_256' title='bbox 1835 2868 2023 2931; x_wconf 87' lang='lat' dir='ltr'><strong>equus</strong></span> <span class='ocrx_word' id='word_1_257' title='bbox 2066 2851 2242 2913; x_wconf 87' lang='lat' dir='ltr'><strong>huius</strong></span> <span class='ocrx_word' id='word_1_258' title='bbox 2271 2851 2410 2931; x_wconf 88' lang='lat' dir='ltr'><strong>equi</strong></span> <span class='ocrx_word' id='word_1_259' title='bbox 2449 2849 2589 2911; x_wconf 86' lang='lat' dir='ltr'><strong>huic</strong></span> <span class='ocrx_word' id='word_1_260' title='bbox 2624 2868 2778 2930; x_wconf 86' lang='lat' dir='ltr'><strong>equo</strong></span> <span class='ocrx_word' id='word_1_261' title='bbox 2821 2849 2982 2910; x_wconf 87' lang='lat' dir='ltr'><strong>hunc</strong></span> <span class='ocrx_word' id='word_1_262' title='bbox 3011 2870 3242 2931; x_wconf 87' lang='lat' dir='ltr'><strong>equum</strong></span> 
     </span>
     <span class='ocr_line' id='line_1_27' title="bbox 574 2952 3244 3037; baseline -0 -23"><span class='ocrx_word' id='word_1_263' title='bbox 574 2974 623 3014; x_wconf 67' lang='grc' dir='ltr'><strong>ιι</strong></span> <span class='ocrx_word' id='word_1_264' title='bbox 652 2975 689 3017; x_wconf 87' lang='lat' dir='ltr'><strong>o</strong></span> <span class='ocrx_word' id='word_1_265' title='bbox 734 2974 887 3035; x_wconf 80' lang='lat' dir='ltr'><strong>eque</strong></span> <span class='ocrx_word' id='word_1_266' title='bbox 930 2953 1004 3015; x_wconf 88' lang='lat' dir='ltr'><strong>ab</strong></span> <span class='ocrx_word' id='word_1_267' title='bbox 1046 2952 1161 3014; x_wconf 92' lang='lat' dir='ltr'><strong>hoc</strong></span> <span class='ocrx_word' id='word_1_268' title='bbox 1201 2972 1385 3033; x_wconf 87' lang='lat' dir='ltr'><strong>equo‚·</strong></span> <span class='ocrx_word' id='word_1_269' title='bbox 1450 2955 1683 3014; x_wconf 87' lang='lat' dir='ltr'><strong>numeri</strong></span> <span class='ocrx_word' id='word_1_270' title='bbox 1727 2952 1970 3032; x_wconf 79' lang='lat' dir='ltr'><strong>pluralis</strong></span> <span class='ocrx_word' id='word_1_271' title='bbox 2033 2953 2102 3037; x_wconf 36' lang='lat' dir='ltr'><strong>bi·</strong></span> <span class='ocrx_word' id='word_1_272' title='bbox 2137 2954 2274 3033; x_wconf 89' lang='lat' dir='ltr'><strong>equi</strong></span> <span class='ocrx_word' id='word_1_273' title='bbox 2337 2954 2552 3015; x_wconf 89' lang='lat' dir='ltr'><strong>horum</strong></span> <span class='ocrx_word' id='word_1_274' title='bbox 2597 2970 2883 3030; x_wconf 89' lang='lat' dir='ltr'><strong>equorum</strong></span> <span class='ocrx_word' id='word_1_275' title='bbox 2931 2952 3023 3011; x_wconf 87' lang='lat' dir='ltr'><strong>his</strong></span> <span class='ocrx_word' id='word_1_276' title='bbox 3071 2954 3244 3031; x_wconf 86' lang='lat' dir='ltr'><strong>equis</strong></span> 
     </span>
     <span class='ocr_line' id='line_1_28' title="bbox 652 3052 3238 3136; baseline -0.002 -17"><span class='ocrx_word' id='word_1_277' title='bbox 652 3059 760 3119; x_wconf 88' lang='lat' dir='ltr'><strong>hos</strong></span> <span class='ocrx_word' id='word_1_278' title='bbox 820 3076 1009 3136; x_wconf 85' lang='lat' dir='ltr'><strong>equos</strong></span> <span class='ocrx_word' id='word_1_279' title='bbox 1042 3074 1111 3116; x_wconf 86' lang='grc' dir='ltr'><strong>,ο</strong></span> <span class='ocrx_word' id='word_1_280' title='bbox 1154 3057 1289 3135; x_wconf 87' lang='lat' dir='ltr'><strong>equi</strong></span> <span class='ocrx_word' id='word_1_281' title='bbox 1358 3056 1434 3116; x_wconf 91' lang='lat' dir='ltr'><strong>ab</strong></span> <span class='ocrx_word' id='word_1_282' title='bbox 1488 3054 1580 3117; x_wconf 89' lang='lat' dir='ltr'><strong>his</strong></span> <span class='ocrx_word' id='word_1_283' title='bbox 1628 3058 1815 3135; x_wconf 78' lang='lat' dir='ltr'><strong>equis,</strong></span> <span class='ocrx_word' id='word_1_284' title='bbox 1905 3056 1990 3117; x_wconf 87' lang='lat' dir='ltr'><strong>sic</strong></span> <span class='ocrx_word' id='word_1_285' title='bbox 2043 3064 2100 3115; x_wconf 90' lang='lat' dir='ltr'><strong>et</strong></span> <span class='ocrx_word' id='word_1_286' title='bbox 2153 3053 2264 3115; x_wconf 87' lang='lat' dir='ltr'><strong>alia</strong></span> <span class='ocrx_word' id='word_1_287' title='bbox 2315 3055 2550 3133; x_wconf 79' lang='lat' dir='ltr'><strong>generis</strong></span> <span class='ocrx_word' id='word_1_288' title='bbox 2601 3052 2911 3115; x_wconf 88' lang='lat' dir='ltr'><strong>masculini</strong></span> <span class='ocrx_word' id='word_1_289' title='bbox 2971 3056 3238 3122; x_wconf 86' lang='lat' dir='ltr'><strong>nomina,</strong></span> 
     </span>
     <span class='ocr_line' id='line_1_29' title="bbox 652 3156 3240 3245; baseline -0.003 -22"><span class='ocrx_word' id='word_1_290' title='bbox 652 3178 813 3239; x_wconf 88' lang='lat' dir='ltr'><strong>quae.</strong></span> <span class='ocrx_word' id='word_1_291' title='bbox 842 3158 1092 3221; x_wconf 84' lang='lat' dir='ltr'><strong>ablativo</strong></span> <span class='ocrx_word' id='word_1_292' title='bbox 1136 3176 1275 3219; x_wconf 87' lang='lat' dir='ltr'><strong>casu</strong></span> <span class='ocrx_word' id='word_1_293' title='bbox 1338 3158 1570 3219; x_wconf 89' lang='lat' dir='ltr'><strong>numeri</strong></span> <span class='ocrx_word' id='word_1_294' title='bbox 1620 3156 1936 3245; x_wconf 81' lang='lat' dir='ltr'><strong>singularis</strong></span> <span class='ocrx_word' id='word_1_295' title='bbox 1979 3176 2015 3217; x_wconf 93' lang='grc' dir='ltr'>ο</span> <span class='ocrx_word' id='word_1_296' title='bbox 2065 3156 2257 3219; x_wconf 87' lang='lat' dir='ltr'><strong>littera</strong></span> <span class='ocrx_word' id='word_1_297' title='bbox 2313 3159 2706 3219; x_wconf 87' lang='lat' dir='ltr'><strong>terminantur</strong></span> <span class='ocrx_word' id='word_1_298' title='bbox 2761 3164 2820 3218; x_wconf 92' lang='lat' dir='ltr'><strong>et</strong></span> <span class='ocrx_word' id='word_1_299' title='bbox 2871 3159 3240 3219; x_wconf 72' lang='lat' dir='ltr'><strong>nominativo</strong></span> 
     </span>
     <span class='ocr_line' id='line_1_30' title="bbox 652 3258 3242 3340; baseline -0.002 -15"><span class='ocrx_word' id='word_1_300' title='bbox 652 3282 793 3325; x_wconf 88' lang='lat' dir='ltr'><strong>casu</strong></span> <span class='ocrx_word' id='word_1_301' title='bbox 846 3262 1079 3323; x_wconf 88' lang='lat' dir='ltr'><strong>numeri</strong></span> <span class='ocrx_word' id='word_1_302' title='bbox 1130 3258 1443 3339; x_wconf 85' lang='lat' dir='ltr'><strong>singularis</strong></span> <span class='ocrx_word' id='word_1_303' title='bbox 1492 3278 1644 3339; x_wconf 89' lang='lat' dir='ltr'><strong>quus</strong></span> <span class='ocrx_word' id='word_1_304' title='bbox 1698 3258 1920 3340; x_wconf 84' lang='lat' dir='ltr'><strong>syllaba</strong></span> <span class='ocrx_word' id='word_1_305' title='bbox 1975 3258 2364 3328; x_wconf 82' lang='lat' dir='ltr'><strong>definiuntur,</strong></span> <span class='ocrx_word' id='word_1_306' title='bbox 2423 3261 2498 3321; x_wconf 91' lang='lat' dir='ltr'><strong>ad</strong></span> <span class='ocrx_word' id='word_1_307' title='bbox 2557 3258 2890 3337; x_wconf 87' lang='lat' dir='ltr'><strong>exemplum</strong></span> <span class='ocrx_word' id='word_1_308' title='bbox 2937 3262 3081 3338; x_wconf 84' lang='lat' dir='ltr'><strong>equi</strong></span> <span class='ocrx_word' id='word_1_309' title='bbox 3131 3278 3242 3338; x_wconf 84' lang='lat' dir='ltr'><strong>per</strong></span> 
     </span>
     <span class='ocr_line' id='line_1_31' title="bbox 652 3361 3238 3442; baseline -0 -18"><span class='ocrx_word' id='word_1_310' title='bbox 652 3384 861 3426; x_wconf 88' lang='lat' dir='ltr'><strong>omnes</strong></span> <span class='ocrx_word' id='word_1_311' title='bbox 902 3382 1072 3426; x_wconf 85' lang='lat' dir='ltr'><strong>casus</strong></span> <span class='ocrx_word' id='word_1_312' title='bbox 1116 3361 1506 3424; x_wconf 88' lang='lat' dir='ltr'><strong>declinantur.</strong></span> <span class='ocrx_word' id='word_1_313' title='bbox 1582 3380 1741 3423; x_wconf 90' lang='lat' dir='ltr'><strong>nunc</strong></span> <span class='ocrx_word' id='word_1_314' title='bbox 1777 3364 1837 3422; x_wconf 86' lang='lat' dir='ltr'><strong>in</strong></span> <span class='ocrx_word' id='word_1_315' title='bbox 1877 3362 1990 3423; x_wconf 84' lang='lat' dir='ltr'><strong>hac</strong></span> <span class='ocrx_word' id='word_1_316' title='bbox 2031 3381 2212 3442; x_wconf 88' lang='lat' dir='ltr'><strong>supra</strong></span> <span class='ocrx_word' id='word_1_317' title='bbox 2254 3364 2470 3441; x_wconf 86' lang='lat' dir='ltr'><strong>scripta</strong></span> <span class='ocrx_word' id='word_1_318' title='bbox 2511 3364 2700 3423; x_wconf 83' lang='lat' dir='ltr'><strong>forma</strong></span> <span class='ocrx_word' id='word_1_319' title='bbox 2743 3362 2858 3421; x_wconf 87' lang='lat' dir='ltr'><strong>hoc</strong></span> <span class='ocrx_word' id='word_1_320' title='bbox 2901 3380 3238 3430; x_wconf 87' lang='lat' dir='ltr'><strong>monemus,</strong></span> 
     </span>
     <span class='ocr_line' id='line_1_32' title="bbox 576 3462 3236 3551; baseline -0.002 -24"><span class='ocrx_word' id='word_1_321' title='bbox 576 3486 627 3527; x_wconf 75' lang='lat' dir='ltr'><strong>ao</strong></span> <span class='ocrx_word' id='word_1_322' title='bbox 652 3467 810 3548; x_wconf 88' lang='lat' dir='ltr'><strong>quod</strong></span> <span class='ocrx_word' id='word_1_323' title='bbox 862 3467 981 3527; x_wconf 90' lang='lat' dir='ltr'><strong>sint</strong></span> <span class='ocrx_word' id='word_1_324' title='bbox 1022 3464 1215 3546; x_wconf 89' lang='lat' dir='ltr'><strong>aliqua</strong></span> <span class='ocrx_word' id='word_1_325' title='bbox 1257 3466 1527 3533; x_wconf 87' lang='lat' dir='ltr'><strong>nomina,</strong></span> <span class='ocrx_word' id='word_1_326' title='bbox 1586 3482 1738 3541; x_wconf 87' lang='lat' dir='ltr'><strong>quae</strong></span> <span class='ocrx_word' id='word_1_327' title='bbox 1789 3463 2082 3551; x_wconf 87' lang='lat' dir='ltr'><strong>interdum</strong></span> <span class='ocrx_word' id='word_1_328' title='bbox 2138 3471 2383 3542; x_wconf 86' lang='lat' dir='ltr'><strong>propter</strong></span> <span class='ocrx_word' id='word_1_329' title='bbox 2427 3472 2616 3525; x_wconf 88' lang='lat' dir='ltr'><strong>metra</strong></span> <span class='ocrx_word' id='word_1_330' title='bbox 2661 3462 2748 3525; x_wconf 91' lang='lat' dir='ltr'><strong>vel</strong></span> <span class='ocrx_word' id='word_1_331' title='bbox 2793 3470 3126 3525; x_wconf 87' lang='lat' dir='ltr'><strong>structuras</strong></span> <span class='ocrx_word' id='word_1_332' title='bbox 3167 3484 3236 3524; x_wconf 84' lang='lat' dir='ltr'><strong>ex</strong></span> 
     </span>
     <span class='ocr_line' id='line_1_33' title="bbox 650 3561 3238 3645; baseline -0.002 -16"><span class='ocrx_word' id='word_1_333' title='bbox 650 3561 899 3629; x_wconf 85' lang='lat' dir='ltr'><strong>ablativo</strong></span> <span class='ocrx_word' id='word_1_334' title='bbox 958 3584 1101 3627; x_wconf 89' lang='lat' dir='ltr'><strong>casu</strong></span> <span class='ocrx_word' id='word_1_335' title='bbox 1151 3568 1383 3627; x_wconf 87' lang='lat' dir='ltr'><strong>numeri</strong></span> <span class='ocrx_word' id='word_1_336' title='bbox 1430 3563 1742 3645; x_wconf 85' lang='lat' dir='ltr'><strong>singularis</strong></span> <span class='ocrx_word' id='word_1_337' title='bbox 1793 3584 1830 3626; x_wconf 88' lang='lat' dir='ltr'><strong>o</strong></span> <span class='ocrx_word' id='word_1_338' title='bbox 1885 3565 2152 3627; x_wconf 84' lang='lat' dir='ltr'><strong>ultimum</strong></span> <span class='ocrx_word' id='word_1_339' title='bbox 2209 3575 2268 3626; x_wconf 88' lang='lat' dir='ltr'><strong>et</strong></span> <span class='ocrx_word' id='word_1_340' title='bbox 2313 3568 2375 3626; x_wconf 87' lang='lat' dir='ltr'><strong>in</strong></span> <span class='ocrx_word' id='word_1_341' title='bbox 2433 3586 2548 3633; x_wconf 58' lang='lat' dir='ltr'><strong>um.</strong></span> <span class='ocrx_word' id='word_1_342' title='bbox 2589 3566 2813 3629; x_wconf 87' lang='lat' dir='ltr'><strong>litteras</strong></span> <span class='ocrx_word' id='word_1_343' title='bbox 2869 3574 3238 3636; x_wconf 83' lang='lat' dir='ltr'><strong>convertant,</strong></span> 
     </span>
     <span class='ocr_line' id='line_1_34' title="bbox 650 3666 3238 3747; baseline -0.002 -16"><span class='ocrx_word' id='word_1_344' title='bbox 650 3678 717 3731; x_wconf 88' lang='lat' dir='ltr'><strong>ut</strong></span> <span class='ocrx_word' id='word_1_345' title='bbox 758 3669 1093 3747; x_wconf 81' lang='lat' dir='ltr'><strong>genetivum</strong></span> <span class='ocrx_word' id='word_1_346' title='bbox 1145 3686 1345 3729; x_wconf 88' lang='lat' dir='ltr'><strong>casum</strong></span> <span class='ocrx_word' id='word_1_347' title='bbox 1380 3668 1614 3729; x_wconf 87' lang='lat' dir='ltr'><strong>numeri</strong></span> <span class='ocrx_word' id='word_1_348' title='bbox 1657 3666 1902 3747; x_wconf 88' lang='lat' dir='ltr'><strong>pluralis</strong></span> <span class='ocrx_word' id='word_1_349' title='bbox 1945 3668 2218 3737; x_wconf 87' lang='lat' dir='ltr'><strong>efficiant,</strong></span> <span class='ocrx_word' id='word_1_350' title='bbox 2265 3676 2332 3729; x_wconf 91' lang='lat' dir='ltr'><strong>ut</strong></span> <span class='ocrx_word' id='word_1_351' title='bbox 2373 3676 2516 3747; x_wconf 88' lang='lat' dir='ltr'><strong>puta</strong></span> <span class='ocrx_word' id='word_1_352' title='bbox 2559 3667 2634 3729; x_wconf 89' lang='lat' dir='ltr'><strong>ab</strong></span> <span class='ocrx_word' id='word_1_353' title='bbox 2673 3668 2789 3729; x_wconf 89' lang='lat' dir='ltr'><strong>hoc</strong></span> <span class='ocrx_word' id='word_1_354' title='bbox 2819 3686 2974 3747; x_wconf 88' lang='lat' dir='ltr'><strong>equo</strong></span> <span class='ocrx_word' id='word_1_355' title='bbox 3018 3668 3238 3729; x_wconf 86' lang='lat' dir='ltr'><strong>horum</strong></span> 
     </span>
     <span class='ocr_line' id='line_1_35' title="bbox 628 3768 3240 3857; baseline -0.001 -24"><span class='ocrx_word' id='word_1_356' title='bbox 628 3788 899 3857; x_wconf 81' lang='lat' dir='ltr'><strong>equum.</strong></span> <span class='ocrx_word' id='word_1_357' title='bbox 988 3770 1093 3831; x_wconf 88' lang='lat' dir='ltr'><strong>sed</strong></span> <span class='ocrx_word' id='word_1_358' title='bbox 1136 3768 1285 3830; x_wconf 88' lang='lat' dir='ltr'><strong>baec</strong></span> <span class='ocrx_word' id='word_1_359' title='bbox 1321 3788 1473 3847; x_wconf 89' lang='lat' dir='ltr'><strong>quae</strong></span> <span class='ocrx_word' id='word_1_360' title='bbox 1518 3770 1637 3829; x_wconf 87' lang='lat' dir='ltr'><strong>sint</strong></span> <span class='ocrx_word' id='word_1_361' title='bbox 1679 3771 1917 3831; x_wconf 84' lang='lat' dir='ltr'><strong>nomina</strong></span> <span class='ocrx_word' id='word_1_362' title='bbox 1963 3776 2020 3831; x_wconf 90' lang='lat' dir='ltr'><strong>et</strong></span> <span class='ocrx_word' id='word_1_363' title='bbox 2063 3788 2178 3849; x_wconf 89' lang='lat' dir='ltr'><strong>qua</strong></span> <span class='ocrx_word' id='word_1_364' title='bbox 2222 3770 2296 3832; x_wconf 90' lang='lat' dir='ltr'><strong>de</strong></span> <span class='ocrx_word' id='word_1_365' title='bbox 2333 3789 2508 3832; x_wconf 90' lang='lat' dir='ltr'><strong>causa</strong></span> <span class='ocrx_word' id='word_1_366' title='bbox 2551 3790 2622 3832; x_wconf 85' lang='lat' dir='ltr'><strong>ex</strong></span> <span class='ocrx_word' id='word_1_367' title='bbox 2665 3788 2853 3849; x_wconf 84' lang='lat' dir='ltr'><strong>supra</strong></span> <span class='ocrx_word' id='word_1_368' title='bbox 2889 3770 3048 3831; x_wconf 88' lang='lat' dir='ltr'><strong>dicto</strong></span> <span class='ocrx_word' id='word_1_369' title='bbox 3097 3788 3240 3831; x_wconf 90' lang='lat' dir='ltr'><strong>casu</strong></span> 
     </span>
     <span class='ocr_line' id='line_1_36' title="bbox 652 3870 3237 3951; baseline -0.001 -17"><span class='ocrx_word' id='word_1_370' title='bbox 652 3874 947 3935; x_wconf 89' lang='lat' dir='ltr'><strong>interdum</strong></span> <span class='ocrx_word' id='word_1_371' title='bbox 992 3878 1236 3951; x_wconf 82' lang='lat' dir='ltr'><strong>propter</strong></span> <span class='ocrx_word' id='word_1_372' title='bbox 1281 3878 1467 3932; x_wconf 87' lang='lat' dir='ltr'><strong>metra</strong></span> <span class='ocrx_word' id='word_1_373' title='bbox 1515 3870 1601 3932; x_wconf 88' lang='lat' dir='ltr'><strong>vel</strong></span> <span class='ocrx_word' id='word_1_374' title='bbox 1649 3878 1978 3933; x_wconf 89' lang='lat' dir='ltr'><strong>structuras</strong></span> <span class='ocrx_word' id='word_1_375' title='bbox 2007 3892 2042 3931; x_wconf 86' lang='grc' dir='ltr'><strong>ο</strong></span> <span class='ocrx_word' id='word_1_376' title='bbox 2071 3872 2342 3934; x_wconf 88' lang='lat' dir='ltr'><strong>ultimum</strong></span> <span class='ocrx_word' id='word_1_377' title='bbox 2379 3876 2534 3935; x_wconf 87' lang='lat' dir='ltr'><strong>etin</strong></span> <span class='ocrx_word' id='word_1_378' title='bbox 2577 3892 2678 3935; x_wconf 89' lang='lat' dir='ltr'><strong>um</strong></span> <span class='ocrx_word' id='word_1_379' title='bbox 2720 3872 2942 3933; x_wconf 84' lang='lat' dir='ltr'><strong>litteras</strong></span> <span class='ocrx_word' id='word_1_380' title='bbox 2989 3890 3237 3933; x_wconf 82' lang='lat' dir='ltr'><strong>conver-</strong></span> 
     </span>
     <span class='ocr_line' id='line_1_37' title="bbox 575 3972 3238 4053; baseline 0.001 -22"><span class='ocrx_word' id='word_1_381' title='bbox 575 3990 625 4031; x_wconf 77' lang='lat'><strong>³5</strong></span> <span class='ocrx_word' id='word_1_382' title='bbox 654 3982 808 4045; x_wconf 86' lang='lat' dir='ltr'><strong>tant,</strong></span> <span class='ocrx_word' id='word_1_383' title='bbox 874 3982 939 4037; x_wconf 89' lang='lat' dir='ltr'><strong>ut</strong></span> <span class='ocrx_word' id='word_1_384' title='bbox 992 3976 1329 4052; x_wconf 83' lang='lat' dir='ltr'><strong>genetivum</strong></span> <span class='ocrx_word' id='word_1_385' title='bbox 1389 3992 1591 4035; x_wconf 87' lang='lat' dir='ltr'><strong>casum</strong></span> <span class='ocrx_word' id='word_1_386' title='bbox 1654 3976 1886 4035; x_wconf 88' lang='lat' dir='ltr'><strong>numeri</strong></span> <span class='ocrx_word' id='word_1_387' title='bbox 1942 3974 2188 4053; x_wconf 87' lang='lat' dir='ltr'><strong>pluralis</strong></span> <span class='ocrx_word' id='word_1_388' title='bbox 2243 3975 2530 4044; x_wconf 82' lang='lat' dir='ltr'><strong>efficiant,</strong></span> <span class='ocrx_word' id='word_1_389' title='bbox 2595 3976 2709 4037; x_wconf 89' lang='lat' dir='ltr'><strong>hoc</strong></span> <span class='ocrx_word' id='word_1_390' title='bbox 2769 3975 2826 4035; x_wconf 91' lang='lat' dir='ltr'><strong>in</strong></span> <span class='ocrx_word' id='word_1_391' title='bbox 2877 3975 3086 4035; x_wconf 89' lang='lat' dir='ltr'><strong>metris</strong></span> <span class='ocrx_word' id='word_1_392' title='bbox 3147 3972 3238 4035; x_wconf 77' lang='lat' dir='ltr'><strong>vel</strong></span> 
     </span>
     <span class='ocr_line' id='line_1_38' title="bbox 650 4076 3236 4157; baseline -0.001 -17"><span class='ocrx_word' id='word_1_393' title='bbox 650 4079 965 4140; x_wconf 88' lang='lat' dir='ltr'><strong>structuris</strong></span> <span class='ocrx_word' id='word_1_394' title='bbox 1010 4083 1393 4155; x_wconf 87' lang='lat' dir='ltr'><strong>conpetenter</strong></span> <span class='ocrx_word' id='word_1_395' title='bbox 1436 4076 1836 4137; x_wconf 84' lang='lat' dir='ltr'><strong>tractabimus.</strong></span> <span class='ocrx_word' id='word_1_396' title='bbox 1900 4078 2042 4137; x_wconf 90' lang='lat' dir='ltr'><strong>item</strong></span> <span class='ocrx_word' id='word_1_397' title='bbox 2083 4078 2141 4137; x_wconf 88' lang='lat' dir='ltr'><strong>in</strong></span> <span class='ocrx_word' id='word_1_398' title='bbox 2185 4078 2299 4138; x_wconf 90' lang='lat' dir='ltr'><strong>hac</strong></span> <span class='ocrx_word' id='word_1_399' title='bbox 2333 4094 2514 4155; x_wconf 84' lang='lat' dir='ltr'><strong>supra</strong></span> <span class='ocrx_word' id='word_1_400' title='bbox 2551 4078 2769 4157; x_wconf 85' lang='lat' dir='ltr'><strong>scripta</strong></span> <span class='ocrx_word' id='word_1_401' title='bbox 2813 4078 3006 4137; x_wconf 78' lang='lat' dir='ltr'><strong>forma</strong></span> <span class='ocrx_word' id='word_1_402' title='bbox 3053 4095 3236 4157; x_wconf 88' lang='lat' dir='ltr'><strong>quae-</strong></span> 
     </span>
     <span class='ocr_line' id='line_1_39' title="bbox 650 4177 3238 4260; baseline -0.002 -18"><span class='ocrx_word' id='word_1_403' title='bbox 650 4182 818 4250; x_wconf 87' lang='lat' dir='ltr'><strong>ritur,</strong></span> <span class='ocrx_word' id='word_1_404' title='bbox 864 4199 979 4260; x_wconf 86' lang='lat' dir='ltr'><strong>qua</strong></span> <span class='ocrx_word' id='word_1_405' title='bbox 1025 4179 1099 4241; x_wconf 89' lang='lat' dir='ltr'><strong>de</strong></span> <span class='ocrx_word' id='word_1_406' title='bbox 1134 4197 1314 4240; x_wconf 78' lang='lat' dir='ltr'><strong>causa</strong></span> <span class='ocrx_word' id='word_1_407' title='bbox 1354 4178 1539 4258; x_wconf 85' lang='lat' dir='ltr'><strong>equus</strong></span> <span class='ocrx_word' id='word_1_408' title='bbox 1582 4196 1691 4256; x_wconf 89' lang='lat' dir='ltr'><strong>per</strong></span> <span class='ocrx_word' id='word_1_409' title='bbox 1735 4198 1773 4258; x_wconf 86' lang='lat' dir='ltr'>q</span> <span class='ocrx_word' id='word_1_410' title='bbox 1817 4187 1876 4239; x_wconf 90' lang='lat' dir='ltr'><strong>et</strong></span> <span class='ocrx_word' id='word_1_411' title='bbox 1913 4196 2034 4239; x_wconf 90' lang='lat' dir='ltr'><strong>non</strong></span> <span class='ocrx_word' id='word_1_412' title='bbox 2083 4196 2190 4259; x_wconf 90' lang='lat' dir='ltr'><strong>per</strong></span> <span class='ocrx_word' id='word_1_413' title='bbox 2235 4198 2270 4240; x_wconf 90' lang='lat' dir='ltr'><strong>c</strong></span> <span class='ocrx_word' id='word_1_414' title='bbox 2305 4178 2564 4241; x_wconf 88' lang='lat' dir='ltr'><strong>litteram</strong></span> <span class='ocrx_word' id='word_1_415' title='bbox 2607 4178 2920 4241; x_wconf 86' lang='lat' dir='ltr'><strong>scribatur.</strong></span> <span class='ocrx_word' id='word_1_416' title='bbox 3009 4177 3126 4239; x_wconf 84' lang='lat' dir='ltr'><strong>hac</strong></span> <span class='ocrx_word' id='word_1_417' title='bbox 3163 4179 3238 4238; x_wconf 84' lang='lat' dir='ltr'><strong>de</strong></span> 
     </span>
     <span class='ocr_line' id='line_1_40' title="bbox 650 4279 3236 4361; baseline -0.001 -19"><span class='ocrx_word' id='word_1_418' title='bbox 650 4300 844 4354; x_wconf 88' lang='lat' dir='ltr'><strong>causa,</strong></span> <span class='ocrx_word' id='word_1_419' title='bbox 890 4283 1165 4360; x_wconf 86' lang='lat' dir='ltr'><strong>quoniam</strong></span> <span class='ocrx_word' id='word_1_420' title='bbox 1206 4299 1615 4360; x_wconf 86' lang='lat' dir='ltr'><strong>quaecumque</strong></span> <span class='ocrx_word' id='word_1_421' title='bbox 1656 4282 1896 4343; x_wconf 88' lang='lat' dir='ltr'><strong>nomina</strong></span> <span class='ocrx_word' id='word_1_422' title='bbox 1940 4283 2000 4343; x_wconf 90' lang='lat' dir='ltr'><strong>in</strong></span> <span class='ocrx_word' id='word_1_423' title='bbox 2045 4280 2311 4361; x_wconf 80' lang='lat' dir='ltr'><strong>quolibet</strong></span> <span class='ocrx_word' id='word_1_424' title='bbox 2355 4300 2494 4343; x_wconf 89' lang='lat' dir='ltr'><strong>casu</strong></span> <span class='ocrx_word' id='word_1_425' title='bbox 2544 4299 2652 4360; x_wconf 87' lang='lat' dir='ltr'><strong>per</strong></span> <span class='ocrx_word' id='word_1_426' title='bbox 2695 4302 2734 4361; x_wconf 85' lang='lat' dir='ltr'><strong>q</strong></span> <span class='ocrx_word' id='word_1_427' title='bbox 2789 4279 3046 4342; x_wconf 88' lang='lat' dir='ltr'><strong>litteram</strong></span> <span class='ocrx_word' id='word_1_428' title='bbox 3089 4281 3236 4341; x_wconf 83' lang='lat' dir='ltr'><strong>scri-</strong></span> 
     </span>
    </p>
   </div>
   <div class='ocr_carea' id='block_1_4' title="bbox 648 4516 3238 4869">
    <p class='ocr_par' dir='ltr' id='par_1_4' title="bbox 648 4516 3238 4869">
     <span class='ocr_line' id='line_1_41' title="bbox 792 4516 3092 4587; baseline -0.002 -17"><span class='ocrx_word' id='word_1_429' title='bbox 792 4520 818 4570; x_wconf 98' lang='grc'>1</span> <span class='ocrx_word' id='word_1_430' title='bbox 860 4516 1001 4585; x_wconf 85' lang='lat' dir='ltr'><strong>ante]</strong></span> <span class='ocrx_word' id='word_1_431' title='bbox 1038 4528 1157 4587; x_wconf 82' lang='lat' dir='ltr'><strong>post</strong></span> <span class='ocrx_word' id='word_1_432' title='bbox 1192 4520 1271 4571; x_wconf 70' lang='lat' dir='ltr'><strong>Ru</strong></span> <span class='ocrx_word' id='word_1_433' title='bbox 1440 4523 1475 4569; x_wconf 85' lang='lat'>4</span> <span class='ocrx_word' id='word_1_434' title='bbox 1512 4528 1630 4570; x_wconf 85' lang='lat' dir='ltr'><strong>ante</strong></span> <span class='ocrx_word' id='word_1_435' title='bbox 1662 4538 1691 4571; x_wconf 87' lang='lat' dir='ltr'><strong><em>v</em></strong></span> <span class='ocrx_word' id='word_1_436' title='bbox 1731 4525 1849 4584; x_wconf 85' lang='lat' dir='ltr'><strong>post</strong></span> <span class='ocrx_word' id='word_1_437' title='bbox 1884 4520 1983 4570; x_wconf 86' lang='lat' dir='ltr'><strong>RB</strong></span> <span class='ocrx_word' id='word_1_438' title='bbox 2155 4522 2188 4571; x_wconf 84' lang='lat'><strong>7</strong></span> <span class='ocrx_word' id='word_1_439' title='bbox 2238 4530 2287 4571; x_wconf 88' lang='lat' dir='ltr'><strong>et</strong></span> <span class='ocrx_word' id='word_1_440' title='bbox 2323 4521 2612 4571; x_wconf 83' lang='lat' dir='ltr'><strong>accusatlvo</strong></span> <span class='ocrx_word' id='word_1_441' title='bbox 2650 4536 2742 4573; x_wconf 87' lang='lat' dir='ltr'><strong>om.</strong></span> <span class='ocrx_word' id='word_1_442' title='bbox 2785 4520 2848 4579; x_wconf 77' lang='lat' dir='ltr'><strong>R,</strong></span> <span class='ocrx_word' id='word_1_443' title='bbox 2884 4518 3006 4568; x_wconf 80' lang='lat' dir='ltr'><strong>add.</strong></span> <span class='ocrx_word' id='word_1_444' title='bbox 3045 4516 3092 4567; x_wconf 86' lang='grc' dir='ltr'><strong><em>Β</em></strong></span> 
     </span>
     <span class='ocr_line' id='line_1_42' title="bbox 650 4588 3237 4657; baseline -0.002 -16"><span class='ocrx_word' id='word_1_445' title='bbox 650 4590 685 4641; x_wconf 87' lang='grc'>8</span> <span class='ocrx_word' id='word_1_446' title='bbox 720 4598 837 4639; x_wconf 87' lang='lat' dir='ltr'><strong>ante</strong></span> <span class='ocrx_word' id='word_1_447' title='bbox 872 4606 900 4639; x_wconf 83' lang='grc' dir='ltr'><strong><em>υ</em></strong></span> <span class='ocrx_word' id='word_1_448' title='bbox 934 4601 1052 4655; x_wconf 86' lang='lat' dir='ltr'><strong>post</strong></span> <span class='ocrx_word' id='word_1_449' title='bbox 1086 4592 1181 4641; x_wconf 81' lang='lat' dir='ltr'><strong>RB</strong></span> <span class='ocrx_word' id='word_1_450' title='bbox 1282 4590 1346 4641; x_wconf 90' lang='grc'><strong>11</strong></span> <span class='ocrx_word' id='word_1_451' title='bbox 1382 4588 1510 4640; x_wconf 83' lang='lat' dir='ltr'><strong>haec</strong></span> <span class='ocrx_word' id='word_1_452' title='bbox 1540 4592 1585 4639; x_wconf 88' lang='lat' dir='ltr'><strong>si</strong></span> <span class='ocrx_word' id='word_1_453' title='bbox 1615 4589 1666 4639; x_wconf 88' lang='lat' dir='ltr'><em>B</em></span> <span class='ocrx_word' id='word_1_454' title='bbox 1700 4592 1746 4639; x_wconf 89' lang='lat' dir='ltr'><strong>si</strong></span> <span class='ocrx_word' id='word_1_455' title='bbox 1783 4589 1912 4639; x_wconf 87' lang='lat' dir='ltr'><strong>haec</strong></span> <span class='ocrx_word' id='word_1_456' title='bbox 1947 4592 1990 4641; x_wconf 80' lang='lat' dir='ltr'><em>R</em></span> <span class='ocrx_word' id='word_1_457' title='bbox 2096 4594 2158 4643; x_wconf 85' lang='lat'><strong>21</strong></span> <span class='ocrx_word' id='word_1_458' title='bbox 2201 4592 2265 4641; x_wconf 87' lang='lat' dir='ltr'><strong>de</strong></span> <span class='ocrx_word' id='word_1_459' title='bbox 2303 4606 2433 4657; x_wconf 82' lang='lat' dir='ltr'><strong>quus</strong></span> <span class='ocrx_word' id='word_1_460' title='bbox 2460 4592 2506 4641; x_wconf 80' lang='lat' dir='ltr'><em>R</em></span> <span class='ocrx_word' id='word_1_461' title='bbox 2545 4591 2608 4640; x_wconf 87' lang='lat' dir='ltr'><strong>de</strong></span> <span class='ocrx_word' id='word_1_462' title='bbox 2647 4606 2742 4655; x_wconf 89' lang='lat' dir='ltr'><strong>qus</strong></span> <span class='ocrx_word' id='word_1_463' title='bbox 2773 4591 2825 4641; x_wconf 89' lang='lat' dir='ltr'><em>B</em></span> <span class='ocrx_word' id='word_1_464' title='bbox 2851 4620 2864 4629; x_wconf 81' lang='lat'><em>-</em></span> <span class='ocrx_word' id='word_1_465' title='bbox 2929 4589 2996 4638; x_wconf 78' lang='lat'><strong>22</strong></span> <span class='ocrx_word' id='word_1_466' title='bbox 3031 4603 3164 4654; x_wconf 86' lang='lat' dir='ltr'><strong>quus</strong></span> <span class='ocrx_word' id='word_1_467' title='bbox 3193 4588 3237 4637; x_wconf 76' lang='grc' dir='ltr'><em>Η</em></span> 
     </span>
     <span class='ocr_line' id='line_1_43' title="bbox 652 4658 3134 4725; baseline -0 -15"><span class='ocrx_word' id='word_1_468' title='bbox 652 4674 747 4724; x_wconf 85' lang='lat' dir='ltr'><strong>qus</strong></span> <span class='ocrx_word' id='word_1_469' title='bbox 779 4659 827 4709; x_wconf 88' lang='lat' dir='ltr'><em>B</em></span> <span class='ocrx_word' id='word_1_470' title='bbox 966 4660 1033 4712; x_wconf 82' lang='lat'><strong>23</strong></span> <span class='ocrx_word' id='word_1_471' title='bbox 1068 4660 1154 4711; x_wconf 84' lang='lat' dir='ltr'><strong>hic</strong></span> <span class='ocrx_word' id='word_1_472' title='bbox 1189 4676 1315 4723; x_wconf 78' lang='lat' dir='ltr'><strong>equs</strong></span> <span class='ocrx_word' id='word_1_473' title='bbox 1350 4660 1450 4711; x_wconf 82' lang='lat' dir='ltr'><strong>RB</strong></span> <span class='ocrx_word' id='word_1_474' title='bbox 1590 4662 1659 4711; x_wconf 79' lang='lat'><strong>24</strong></span> <span class='ocrx_word' id='word_1_475' title='bbox 1695 4660 1782 4711; x_wconf 87' lang='lat' dir='ltr'><strong>hic</strong></span> <span class='ocrx_word' id='word_1_476' title='bbox 1823 4674 1950 4722; x_wconf 87' lang='lat' dir='ltr'><strong>equs</strong></span> <span class='ocrx_word' id='word_1_477' title='bbox 1986 4660 2086 4711; x_wconf 78' lang='lat' dir='ltr'><strong>RB</strong></span> <span class='ocrx_word' id='word_1_478' title='bbox 2204 4660 2342 4713; x_wconf 88' lang='lat' dir='ltr'><strong>hunc</strong></span> <span class='ocrx_word' id='word_1_479' title='bbox 2379 4676 2528 4725; x_wconf 87' lang='lat' dir='ltr'><strong>equm</strong></span> <span class='ocrx_word' id='word_1_480' title='bbox 2567 4661 2665 4711; x_wconf 81' lang='lat' dir='ltr'><strong>RB</strong></span> <span class='ocrx_word' id='word_1_481' title='bbox 2801 4660 2870 4711; x_wconf 83' lang='lat'><strong>28</strong></span> <span class='ocrx_word' id='word_1_482' title='bbox 2905 4674 3000 4722; x_wconf 88' lang='lat' dir='ltr'><strong>qus</strong></span> <span class='ocrx_word' id='word_1_483' title='bbox 3035 4658 3134 4709; x_wconf 85' lang='lat' dir='ltr'><strong>RB</strong></span> 
     </span>
     <span class='ocr_line' id='line_1_44' title="bbox 648 4729 3238 4795; baseline -0.002 -11"><span class='ocrx_word' id='word_1_484' title='bbox 648 4730 718 4784; x_wconf 82' lang='lat'><strong>36</strong></span> <span class='ocrx_word' id='word_1_485' title='bbox 753 4729 1083 4793; x_wconf 74' lang='lat' dir='ltr'><strong>tractabimus</strong></span> <span class='ocrx_word' id='word_1_486' title='bbox 1118 4746 1149 4779; x_wconf 84' lang='lat' dir='ltr'><strong>r</strong></span> <span class='ocrx_word' id='word_1_487' title='bbox 1198 4730 1529 4781; x_wconf 85' lang='lat' dir='ltr'><strong>tractauimus</strong></span> <span class='ocrx_word' id='word_1_488' title='bbox 1566 4730 1665 4781; x_wconf 77' lang='lat' dir='ltr'><strong>RB</strong></span> <span class='ocrx_word' id='word_1_489' title='bbox 1839 4730 1904 4781; x_wconf 86' lang='lat'><strong>37</strong></span> <span class='ocrx_word' id='word_1_490' title='bbox 1959 4744 2085 4793; x_wconf 84' lang='lat' dir='ltr'><strong>equs</strong></span> <span class='ocrx_word' id='word_1_491' title='bbox 2119 4730 2166 4783; x_wconf 80' lang='lat' dir='ltr'><strong><em>R</em></strong></span> <span class='ocrx_word' id='word_1_492' title='bbox 2341 4731 2407 4783; x_wconf 86' lang='lat'><strong>38</strong></span> <span class='ocrx_word' id='word_1_493' title='bbox 2457 4732 2510 4781; x_wconf 88' lang='lat' dir='ltr'><strong>in</strong></span> <span class='ocrx_word' id='word_1_494' title='bbox 2543 4730 2772 4795; x_wconf 84' lang='lat' dir='ltr'><strong>quolibet</strong></span> <span class='ocrx_word' id='word_1_495' title='bbox 2808 4744 2928 4781; x_wconf 85' lang='lat' dir='ltr'><strong>casu</strong></span> <span class='ocrx_word' id='word_1_496' title='bbox 2963 4730 3022 4779; x_wconf 85' lang='lat' dir='ltr'><strong>in</strong></span> <span class='ocrx_word' id='word_1_497' title='bbox 3059 4730 3238 4781; x_wconf 81' lang='lat' dir='ltr'><strong>ultima</strong></span> 
     </span>
     <span class='ocr_line' id='line_1_45' title="bbox 652 4799 1756 4869; baseline -0.002 -16"><span class='ocrx_word' id='word_1_498' title='bbox 652 4800 854 4869; x_wconf 78' lang='lat' dir='ltr'><strong>syllaba</strong></span> <span class='ocrx_word' id='word_1_499' title='bbox 887 4799 1006 4850; x_wconf 84' lang='lat' dir='ltr'><strong>Br:</strong></span> <span class='ocrx_word' id='word_1_500' title='bbox 1038 4802 1091 4850; x_wconf 87' lang='lat' dir='ltr'><strong>in</strong></span> <span class='ocrx_word' id='word_1_501' title='bbox 1130 4800 1309 4851; x_wconf 81' lang='lat' dir='ltr'><strong>ultima</strong></span> <span class='ocrx_word' id='word_1_502' title='bbox 1344 4799 1549 4865; x_wconf 83' lang='lat' dir='ltr'><strong>syllaba</strong></span> <span class='ocrx_word' id='word_1_503' title='bbox 1578 4814 1673 4849; x_wconf 86' lang='lat' dir='ltr'><strong>om.</strong></span> <span class='ocrx_word' id='word_1_504' title='bbox 1708 4800 1756 4851; x_wconf 79' lang='lat' dir='ltr'><em>R</em></span> 
     </span>
    </p>
   </div>
  </div>
 </body>
</html>
