3434 5442
562 264 645 325 40
661 266 669 272 ’
1747 253 1972 316 PROBl

740 378 859 420 uas.
879 376 930 417 so
958 376 1008 417 r.
2743 383 2786 423 p
2813 371 2907 414 1⁴3.
2927 370 2981 411 u
3009 369 3061 412 ι..

563 390 721 514 teripti
788 447 1023 527 generis
1080 443 1383 520 masculini
1442 463 1514 504 ex
1554 439 1814 503 secunda
1869 458 2120 519 persona
2167 411 2506 511 activitatis,
2577 443 2636 502 in
2681 445 2876 521 prima
2921 443 3162 522 quidem

568 551 982 628 coniugatione
1040 555 1097 608 et
1152 547 1323 608 tertia
1379 544 1699 624 producta,
1769 543 1828 605 id
1873 550 1964 604 est
2017 550 2255 623 quarta,
2325 551 2572 622 accepta
2625 543 2848 608 svllaba
2899 551 2970 606 tu
3025 551 3164 606 ante

572 654 945 714 novissimam
990 649 1241 711 litteram
1272 665 1321 718 s,
1367 655 1432 708 ut
1466 665 1601 708 amo
1643 664 1806 708 amas
1849 645 1944 706 hic
1975 651 2222 716 amatuS,
2261 646 2464 706 munio
2497 647 2696 708 munis
2739 646 2837 707 hic
2865 648 3162 716 munitus;

567 759 629 816 in
671 752 933 816 secunda
982 770 1120 814 vero
1164 758 1220 812 et
1265 751 1436 811 tertia
1478 755 1754 828 correpta
1807 754 2094 826 pereunte
2137 766 2169 809 e
2214 746 2404 808 littera
2459 747 2820 827 paenultima
2865 749 3166 810 secundae

516 887 541 927 5
566 873 858 936 personae
902 853 1209 914 activitatis
1268 858 1327 914 et
1368 859 1434 912 tu
1473 857 1611 912 ante
1662 868 1691 910 s
1734 851 1954 928 posita,
2013 856 2081 910 ut
2130 849 2315 911 doceo
2360 850 2538 912 doces
2595 849 2694 910 hic
2732 849 2972 920 doctus,
3033 849 3166 911 dico

570 959 717 1019 dicis
778 956 875 1018 hic
937 947 1156 1025 dictuS,
1226 961 1328 1038 aut
1383 951 1778 1033 pereuntibus
1821 950 2052 1012 duabus
2102 950 2313 1012 litteris
2365 950 2738 1030 paenultimis
2795 958 2854 1036 et
2907 970 2978 1013 su
3029 958 3168 1012 ante

570 1059 945 1120 novissimam
1004 1057 1257 1118 litteram
1320 1073 1349 1116 s
1415 1055 1703 1133 reposita,
1781 1059 1848 1115 ut
1905 1059 2082 1115 necto
2137 1055 2323 1114 nectis
2387 1071 2602 1115 necsus
2665 1071 2830 1122 sum;
2899 1054 3168 1132 quamvis

570 1161 931 1240 posteriores
972 1176 1085 1237 pro
1130 1177 1163 1219 c
1208 1165 1267 1218 et
1312 1177 1339 1218 s
1384 1177 1419 1217 x
1463 1161 1822 1236 posuerunt,
1875 1171 2064 1218 nexus
2111 1173 2260 1215 sum.
2351 1155 2731 1234 imperativus
2774 1155 2987 1216 modus
3031 1173 3168 1233 pas-

572 1263 814 1324 sivitatis
867 1279 933 1322 re
976 1258 1197 1340 syllaba
1250 1259 1443 1319 addita
1500 1258 1846 1336 imperativo
1902 1258 2210 1318 activitatis
2261 1257 2390 1326 tiet,
2441 1264 2508 1317 ut
2549 1273 2684 1336 ama
2723 1275 2956 1328 amare,
3015 1257 3167 1318 doce

500 1379 549 1423 ιο
572 1364 809 1432 docere,
852 1362 1049 1423 scribe
1090 1340 1382 1431 scribere,
1428 1362 1593 1420 muni
1634 1359 1886 1420 munire.
1976 1358 2049 1419 de
2091 1358 2200 1418 hac
2257 1365 2452 1418 tamen
2499 1359 2727 1420 ratione
2772 1365 2830 1418 et
2871 1358 2947 1418 de
2989 1359 3181 1420 modo*

576 1466 805 1527 infinito
848 1461 1079 1542 plenius
1116 1465 1173 1524 in
1218 1463 1499 1523 institutis
1536 1461 1770 1530 artium,
1817 1461 1931 1521 boc
1962 1469 2050 1520 est
2092 1461 2148 1520 in
2195 1458 2347 1521 libro
2388 1461 2602 1538 primo,
2645 1457 2976 1521 docuimus,
3035 1458 3166 1520 illo-

570 1586 707 1630 rum
751 1566 1069 1628 verborum
1115 1583 1147 1626 r
1186 1565 1633 1636 terminatorum
1680 1571 1740 1623 et
1777 1579 1894 1622 non
1935 1563 2288 1623 venientium
2335 1561 2408 1622 ab
2450 1580 2485 1621 o
2529 1561 2722 1622 littera
2759 1564 2986 1640 species
3029 1579 3168 1642 per·

574 1670 729 1731 fecta
768 1674 1008 1729 notetur
1052 1667 1125 1727 dc
1168 1665 1477 1746 participio
1520 1666 1806 1744 temporis
1843 1659 2224 1746 praeteritifl

1578 1823 1675 1912 na
1692 1803 1701 1808 ’
1721 1849 2181 1912 ετιινοτνιιι.

504 1995 549 2036 15
750 1960 1033 2042 Quoniam
1076 1973 1149 2034 de
1194 1971 1445 2052 pedibus
1489 1968 1785 2049 disyllabis
1829 1977 1886 2030 et
1930 1971 2282 2046 trisyllabiS,
2322 1989 2431 2032 nec
2465 1988 2584 2032 non
2627 1978 2687 2033 et
2731 1979 3009 2050 quattuor
3051 1973 3172 2054 syl-

575 2075 845 2137 labarum
886 2078 951 2135 in
990 2079 1187 2151 primo
1232 2075 1537 2136 docuimus
1578 2073 1761 2145 libr0‚
1809 2071 1882 2132 de
1927 2075 2234 2134 nominum
2279 2092 2417 2133 vero
2457 2075 2686 2136 ratione
2731 2073 3174 2156 verborumque

576 2178 637 2238 in
684 2178 819 2248 hoc,
864 2193 1253 2254 consequens*
1282 2175 1611 2236 arbitratus
1651 2190 1781 2234 sum
1839 2172 1914 2234 de
1967 2175 2481 2236 terminationibus
2539 2174 2909 2254 placentibus
2965 2185 3174 2238 nostro

576 2287 843 2358 tempore
900 2278 1103 2356 paucis
1143 2277 1461 2339 admodum
1506 2276 1946 2345 demonstrare,
1999 2292 2146 2354 quas
2187 2275 2354 2338 multi
2407 2276 2658 2338 credunt
2703 2284 2896 2338 metro
2951 2278 3177 2340 debere

576 2388 869 2449 constare,
912 2397 1165 2458 quorum
1214 2379 1477 2456 opinioni
1518 2395 1635 2437 non
1680 2376 1934 2438 libenter
1979 2378 2396 2448 consentimuS,
2443 2380 2718 2457 quoniam
2757 2387 2818 2441 et
2847 2379 3076 2442 Tullius
3113 2389 3180 2442 et

498 2500 550 2542 πο
577 2483 763 2544 ceteri
806 2487 1074 2542 oratores
1117 2479 1519 2559 monosyllabo
1563 2485 1840 2539 struxere
1885 2477 2087 2547 verbo,
2145 2499 2276 2540 cum
2323 2499 2438 2568 una
2485 2479 2702 2559 syllaba
2747 2479 3003 2543 metr‘um
3049 2501 3176 2544 non

573 2586 668 2645 sit.
757 2590 847 2644 est
892 2590 1087 2643 autem
1146 2588 1443 2642 structura
1504 2579 1818 2641 verborum
1879 2582 2225 2659 compositio
2285 2581 2438 2642 dieta
2497 2601 2530 2642 a
2584 2582 2900 2654 struendo,
2965 2584 3026 2645 id
3083 2593 3180 2646 oet

574 2683 1021 2764 componendo,
1094 2683 1252 2744 unde
1315 2690 1642 2744 structores
1672 2756 1685 2770 e
1708 2682 2135 2760 compositores
2197 2682 2442 2744 alicuius
2505 2685 2593 2745 rei
2663 2685 2966 2745 dicuntur.
3060 2686 3180 2750 bae

575 2787 841 2867 quamvis
881 2787 944 2846 in
988 2787 1149 2846 omni
1194 2786 1462 2846 oratione
1516 2785 1739 2844 servari
1783 2783 2068 2852 debeant,
2127 2793 2324 2846 tamen
2367 2786 2620 2846 maxime
2665 2788 2726 2847 in
2777 2787 2975 2848 verbis
3020 2788 3177 2850 duo-

578 2889 720 2960 bus,
778 2889 1096 2949 novissimo
1152 2893 1211 2948 et
1266 2885 1661 2966 paenultimo,
1721 2892 1858 2947 sunt
1911 2885 2338 2948 delectabiliter
2395 2888 2854 2967 componendae.
2943 2891 3178 2970 antiqui

496 3009 547 3048 τι,
576 2988 811 3071 quidem
853 2997 1140 3059 oratore8‚
1186 2989 1247 3049 in
1291 2987 1510 3067 quibus
1550 2989 1808 3049 maxime
1847 2986 2092 3056 Tullius,
2139 3007 2464 3068 numquam
2507 2991 2858 3050 necessariis
2897 2991 3182 3053 sensibus

572 3097 1049 3171 praeposuerunt
1105 3091 1391 3152 orationis
1447 3095 1842 3160 structuram;
1899 3091 2000 3150 sed
2047 3092 2236 3170 magis
2287 3092 2516 3151 sortiter
2561 3098 2620 3152 et
2666 3093 2830 3170 gravi
2878 3095 3179 3172 composi-

574 3195 737 3254 tione
782 3209 962 3273 quam
1004 3191 1261 3254 molliter
1310 3191 1399 3253 vel
1444 3191 1575 3253 laxe
1620 3191 1820 3253 dicere
1865 3189 2204 3252 maluerunt
2246 3203 2333 3262 et,
2391 3210 2525 3254 cum
2563 3191 2854 3254 haberent
2909 3197 3179 3256 occasio-

571 3313 708 3357 nem
752 3296 839 3356 sic
874 3293 1175 3367 struendi,
1234 3313 1411 3374 quem
1456 3294 1528 3355 ad
1574 3293 1816 3354 modum
1865 3295 2053 3354 nostri
2111 3297 2393 3373 temporis
2437 3291 2724 3376 holmines
2781 3293 3178 3368 delectantur,

574 3404 874 3477 tamquam
920 3394 997 3457 de
1032 3396 1323 3457 industria
1366 3397 1457 3456 usi
1492 3381 1633 3456 sunt
1677 3403 1974 3458 structura
2011 3396 2150 3457 forti
2193 3398 2390 3475 potius
2427 3415 2602 3475 quam
2643 3396 2976 3469 delectanti,
3021 3400 3184 3462 sicut.

496 3517 548 3560 ao
578 3497 866 3577 exemplis
912 3495 1197 3558 Tullianis
1236 3497 1497 3577 probare
1546 3496 1804 3559 breviter
1847 3498 2193 3576 poterimus,
2285 3497 2438 3579 quod
2485 3499 2544 3558 in
2591 3500 2797 3576 primis
2839 3507 2930 3560 est
2967 3509 3182 3562 nostro

570 3606 843 3678 tempore
887 3599 1179 3669 vitiosum,
1226 3597 1453 3660 Tullius
1495 3598 1593 3660 ille
1636 3617 1756 3660 non
1803 3599 2088 3661 dubitavit
2123 3598 2306 3660 verbo
2351 3599 2757 3680 monosyllabo
2801 3603 2972 3664 finire
3015 3609 3179 3664 stru-

570 3709 819 3770 cturam,
852 3706 916 3760 ut
948 3707 1038 3761 est
1082 3700 1205 3761 ‘ab
1252 3701 1475 3763 istius
1514 3701 1945 3781 petulantia
1987 3720 2441 3763 conservare
2485 3719 2627 3762 non
2667 3700 2965 3763 licitum
3003 3707 3178 3776 est’,

706 3861 741 3913 6
779 3869 827 3911 et
858 3876 919 3912 su
947 3871 1063 3912 aute
1100 3862 1434 3913 nouissimam
1470 3861 1689 3912 litteram
1716 3879 1741 3913 s
1778 3879 1869 3930 rep
1882 3900 2104 3914 .......
2145 3873 2198 3914 ιιι
2227 3872 2374 3913 necto
2401 3865 2587 3914 attritis
2612 3867 2804 3930 aliquot
2830 3868 3015 3917 litter-is
3036 3882 3182 3918 corr.

567 3935 851 3984 recentiore
892 3947 1040 3982 manu
1094 3939 1144 3982 et
1178 3941 1233 3981 tu
1270 3939 1387 3982 ante
1430 3934 1765 3984 nouissimam
1817 3935 2036 3984 litteram
2075 3949 2100 3984 s
2147 3942 2264 4000 post
2299 3942 2354 3983 tu
2407 3945 2460 3984 ut
2497 3933 2728 3986 necto-B
2903 3935 2935 3986 7
2989 3951 3182 3989 uecsus

564 4005 743 4068 priore
774 4005 889 4052 1000
924 4003 1303 4053 Lindemannuae
1344 4017 1509 4054 nexus
1544 4018 1679 4054 corr.
1721 4013 1899 4054 noctus
1935 4005 1986 4054 B
2113 4004 2228 4122 13
2258 4005 2518 4070 praeteriti
2549 4001 2559 4070 Ι
2591 4019 2734 4056 ι-ιιιιτ
2765 4019 2832 4055 ιιιι
2871 4021 3183 4059 caruomcrs

568 4181 618 4227 iu
663 4178 805 4226 initio
847 4193 1007 4228 novae
1042 4180 1268 4246 payinae
1318 4145 1383 4227 de
1427 4179 1695 4243 participio
1745 4178 1989 4243 temporis
2037 4179 2319 4242 praeteriti.
2367 4179 2608 4241 quoniam
2651 4178 2737 4228 Β.
2789 4179 2864 4228 De
2911 4179 3184 4231 Structura

566 4247 689 4296 add.
732 4261 765 4302 ς
919 4248 983 4300 15
1028 4257 1077 4299 et
1111 4248 1204 4298 tris
1216 4282 1510 4297 .........
1546 4256 1594 4297 et
1630 4256 1868 4310 quattuor
1901 4247 2216 4312 syllabarum
2249 4248 2312 4298 de
2349 4262 2464 4297 nom
2479 4284 2633 4299 .....
2666 4263 2790 4300 uero
2825 4250 3021 4300 ratione
3057 4267 3184 4301 uer-

566 4317 847 4379 borumque
891 4317 943 4366 in
992 4318 1091 4369 hoe
1139 4320 1204 4368 de
1231 4353 1595 4368 ...........
1627 4317 1945 4383 placentibus
1995 4319 2186 4368 attritis
2229 4319 2420 4384 aliquot
2462 4321 2646 4370 litteris
2683 4317 2733 4368 B
2794 4327 2844 4367 et
2890 4319 3182 4384 trisyllabis

568 4399 761 4435 necnon
798 4394 847 4435 et
887 4397 1125 4450 quattuor
1160 4386 1473 4453 syllabarum
1514 4389 1565 4438 in
1601 4388 1768 4453 primo
1807 4388 2075 4437 docuimus
2112 4387 2260 4441 libro.
2308 4389 2384 4438 De
2416 4390 2680 4439 nominum
2713 4403 2838 4438 uero
2877 4390 3182 4441 uerborum-

567 4469 666 4517 que
701 4457 898 4506 ratione
949 4457 1002 4506 in
1048 4459 1175 4508 boc.
1232 4471 1550 4520 consequens
1595 4456 1870 4507 arbitiatus
1915 4472 2029 4507 sum
2081 4458 2144 4506 de
2189 4459 2630 4510 terminationibus
2672 4458 2995 4522 placentibus
3031 4473 3067 4516 ς
3109 4477 3183 4510 ex

566 4525 847 4576 Sacerdote
873 4538 929 4587 p.
960 4527 1029 4578 70
1182 4526 1250 4577 20
1286 4535 1521 4577 struxere
1557 4541 1591 4584 ς
1628 4535 1679 4577 et
1709 4519 1968 4577 Sacerdos
2005 4535 2200 4577 struere
2235 4527 2285 4576 B
2461 4529 2530 4579 22
2565 4537 2621 4578 ut
2653 4527 2718 4578 de
2756 4543 2895 4578 corr.
2932 4531 3002 4578 al.
3042 4545 3180 4579 man.

565 4593 703 4644 unde
742 4593 789 4642 B
930 4595 1166 4646 dicuntur
1198 4612 1291 4647 om
1326 4597 1393 4657 B,
1435 4595 1559 4646 add.
1596 4611 1630 4653 ς
1668 4604 1720 4646 et
1751 4597 2009 4646 Sacerdos
2147 4599 2213 4646 27
2249 4605 2300 4646 et
2336 4614 2448 4648 cum
2489 4599 2749 4650 Sacer-dos
2790 4607 2842 4646 ut
2875 4613 2990 4647 cum
3025 4598 3081 4648 B

569 4663 1011 4783 oceansiongmlf
1151 4665 1219 4716 30
1259 4669 1533 4730 poterimus
1572 4681 1605 4723 ς
1638 4675 1689 4716 et
1721 4665 1980 4716 Sacerdos
2019 4669 2336 4731 potuerimus
2373 4669 2424 4718 B
2565 4669 2632 4722 32
2667 4665 2752 4735 ab]
2795 4667 2898 4721 Cic.
2935 4670 2986 4718 in
3011 4670 3178 4720 Verr.

568 4747 669 4784 ac.
704 4748 790 4795 pr.
870 4769 883 4794 ‚
