3434 5442
687 351 813 412 242
1842 351 2127 434 [raom]

788 481 832 522 p.
865 469 977 508 1⁴¹⁴.
1000 469 1047 508 ιε»
1077 467 1126 506 Ρ.
2262 499 2271 508 .
2889 481 2932 521 p.
2964 469 3032 511 το.
3056 470 3102 509 71
3142 469 3191 509 L.

989 555 1313 616 superas
1359 537 1546 600 caeli
1589 540 1887 600 venisse
1923 539 2058 600 sub
2100 557 2335 600 auras.

685 639 984 701 interdum
1042 647 1238 701 autem
1275 642 1658 719 praeteritum
1705 649 1939 719 tempus
1984 643 2001 700 i
2038 639 2293 702 litteram
2348 639 2608 719 duplicat
2663 639 3070 718 paenultimae
3112 641 3289 720 sylla—

684 741 822 810 bae,
882 741 984 801 sed
1032 741 1093 801 in
1135 743 1227 802 his
1272 742 1574 803 dumtaxat
1620 743 1843 812 verbiS,
1905 760 2056 821 quae
2116 745 2436 822 praeterito
2489 743 2755 821 perfecto
2800 737 2961 803 modi
3011 760 3289 821 pronun·

680 843 860 902 tiativi
905 844 924 902 i
968 843 1420 922 duplicaverint,
1480 853 1546 905 ut
1589 863 1770 923 supra
1816 845 2035 906 dictum
2080 853 2200 916 est,
2248 863 2366 904 non
2406 843 2599 905 solum
2635 847 2811 906 metri
2861 863 3042 906 causa
3104 864 3287 923 quam

630 946 956 1012 arationis,
1025 952 1091 1006 ut
1153 945 1323 1006 ‘nos
1391 945 1679 1007 abiisse
1748 949 1948 1008 rati'.
2038 947 2236 1008 futuro
2293 964 2532 1026 quoque
2590 953 2861 1026 tempore
2917 945 3289 1025 paenultima

679 1047 853 1126 longa
901 1056 958 1108 et
1000 1046 1200 1108 ultima
1245 1047 1440 1108 brevis
1486 1055 1590 1109 est.
1680 1048 1783 1109 sed
1831 1065 1949 1109 non
1999 1047 2223 1109 facilius
2280 1047 2457 1109 huius
2494 1049 2779 1127 temporis
2836 1055 2895 1108 et
2936 1049 3103 1109 modi
3150 1067 3287 1109 ver-

680 1149 822 1210 bum
859 1149 918 1209 in
953 1148 1326 1229 poematibus
1367 1150 1680 1211 invenitur.

839 1331 913 1373 DE
951 1331 1371 1375 DECLINATIONE
1405 1331 1783 1375 PASSWORVM
1820 1331 2229 1376 DEPONENTWM
2266 1332 2741 1384 COMMVMVMQVE
2777 1333 3122 1377 VERBonval.

851 1456 1024 1518 Modo
1059 1455 1524 1535 pronuntiatim,
1573 1455 1630 1515 id
1677 1462 1767 1517 est
1810 1456 2151 1526 indicativo,
2198 1463 2468 1535 tempore
2515 1459 2811 1536 praesenti
2850 1475 3109 1517 numero
3158 1459 3280 1517 sin-

603 1579 652 1622 10
679 1557 868 1638 gulari
927 1576 1184 1638 persona
1247 1560 1437 1638 prima
1496 1557 1915 1637 paenultimam
1984 1556 2267 1638 syllabam
2320 1559 2379 1618 in
2436 1557 2728 1636 aliquibus
2772 1557 2967 1619 verbis
3031 1559 3279 1635 longam

673 1661 902 1736 recipit,
950 1666 1016 1721 ut
1059 1659 1245 1720 ducor
1289 1659 1537 1730 clamor,
1586 1661 1634 1721 si
1677 1667 1872 1721 tamen
1918 1662 2105 1739 prima
2148 1659 2313 1721 verbi
2356 1659 2573 1739 syllaba
2620 1660 2828 1730 fuerit;
2874 1662 2933 1720 in
2974 1659 3281 1740 aliquibus

669 1761 934 1832 brevem,
974 1769 1039 1822 ut
1071 1761 1248 1839 ‘quo
1295 1761 1322 1820 f
1331 1782 1362 1823 e
1379 1759 1542 1822 r'or?
1582 1763 1777 1824 unde
1815 1762 2057 1824 abiw.
2104 1763 2154 1821 si
2184 1760 2504 1823 multarum
2532 1761 2779 1822 verbum
2811 1759 3047 1840 aliquod
3096 1763 3277 1822 fuerit

671 1863 1048 1944 syllabarum,
1097 1863 1438 1940 frequenter
1468 1862 1891 1941 paenultimam
1934 1865 2199 1942 corripit,
2239 1870 2542 1944 postrema
2581 1871 2775 1924 autem
2806 1883 3043 1943 semper
3072 1863 3279 1924 brevis

673 1974 762 2028 est
805 1973 864 2027 et
907 1967 1037 2026 erit.
1128 1964 1386 2025 secunda
1441 1967 1731 2045 tertiaque
1785 1983 2039 2045 persona
2085 1965 2399 2044 singularis
2460 1975 2703 2044 excepta
2758 1967 2927 2026 tertia
2984 1967 3275 2042 coniuga—

596 2090 644 2130 ιτ»
673 2070 832 2128 tione
878 2064 1170 2148 coi-{repta
1207 2066 1628 2146 paenultimam
1673 2067 1907 2147 longam
1956 2074 2014 2128 et
2043 2075 2403 2146 postremam
2438 2066 2679 2128 brevem
2722 2069 3033 2146 recipiunt.
3098 2069 3277 2128 tertia

670 2172 825 2231 enim
869 2175 1145 2249 correpta
1193 2168 1426 2230 duabus
1471 2167 1751 2232 brevibus
1794 2170 2111 2250 postremis
2154 2169 2532 2237 terminatur,
2580 2175 2645 2228 ut
2690 2168 3024 2230 ‘ducitur
3068 2169 3278 2230 infe·

671 2269 773 2331 lix
818 2289 992 2333 aevo
1038 2275 1139 2331 c.’.
1202 2289 1452 2332 numero
1499 2269 1715 2351 plurali
1760 2289 2017 2350 persona
2064 2273 2255 2350 prima
2300 2271 2357 2330 in
2400 2269 2709 2350 productis
2753 2267 3281 2348 coniugationibus

669 2372 1089 2453 paenultimam
1127 2371 1361 2451 longam
1410 2373 1605 2443 habet,
1649 2381 1714 2434 ut
1753 2372 2009 2434 secunda
2057 2379 2114 2432 et
2148 2372 2321 2433 tertia
2362 2387 2619 2451 persona
2660 2369 2994 2449 singularis,
3036 2379 3105 2430 ut
3150 2371 3277 2431 cla-

669 2493 903 2536 mamur
958 2491 1272 2535 monemur
1327 2475 1628 2544 audimur;
1685 2475 1744 2534 in
1798 2475 1971 2535 tertia
2021 2482 2217 2535 autem
2275 2482 2547 2552 correpta
2606 2471 2847 2534 brevem
2902 2474 3145 2552 recipit,
3206 2483 3281 2534 ut

594 2599 647 2638 πο
673 2575 925 2654 legimur
993 2583 1051 2637 et
1111 2576 1471 2637 ‘ferimur
1538 2594 1669 2655 per
1729 2593 1962 2654 opaca
2020 2575 2107 2637 l.'.
2197 2592 2451 2654 persona
2513 2575 2772 2635 secunda
2836 2573 3277 2653 paenultimam

668 2679 907 2739 brevem
955 2685 1014 2739 et
1055 2676 1317 2738 ultimam
1364 2676 1600 2754 longam
1645 2677 1911 2746 admittit,
1958 2683 2017 2737 ut
2062 2678 2339 2739 amamini
2388 2686 2442 2738 et
2473 2679 2811 2737 monemini.
2878 2677 3074 2736 omnis
3106 2678 3277 2738 enim

669 2777 889 2859 syllaba
935 2781 994 2839 in
1029 2780 1239 2848 verbiS,
1291 2786 1354 2840 ut
1397 2780 1456 2840 in
1491 2777 1618 2840 aliis
1653 2779 1922 2859 partibus
1968 2779 2270 2848 orationiS,
2308 2779 2329 2837 i
2364 2777 2555 2838 littera
2600 2777 2790 2839 vocali
2830 2777 2992 2838 finita
3023 2795 3279 2859 semper

666 2882 1034 2960 producitur.
1128 2882 1296 2941 tertia
1339 2897 1593 2958 persona
1637 2887 2000 2961 postremam
2045 2881 2285 2943 brevem
2336 2879 2531 2941 habet.
2622 2888 2890 2959 tempore
2938 2883 3277 2959 praeterito

666 2983 1014 3062 imperfecto
1060 2981 1332 3043 omnibus
1375 2984 1436 3041 in
1481 2983 1991 3060 coniugationibus
2032 2983 2425 3063 personisque
2476 2990 2715 3060 praeter
2752 2982 3075 3043 secundam
3126 3002 3274 3063 per-

591 3107 642 3147 25
670 3103 876 3146 sonam
923 3082 1165 3162 pluralis
1219 3081 1638 3163 paenultimam
1695 3101 1933 3163 semper
1972 3081 2208 3162 longam
2269 3092 2328 3145 et
2372 3082 2637 3145 ultimam
2682 3085 2923 3145 brevem
2974 3086 3271 3150 invenies.

666 3195 732 3247 ut
770 3186 1032 3248 ducebar
1079 3183 1391 3247 ducebaris
1437 3185 1797 3256 ducebatur;
1865 3188 2003 3247 item
2046 3185 2260 3263 plurali
2300 3185 2684 3246 ducebamur.
2772 3186 3073 3247 secundae
3124 3205 3273 3248 vero

664 3307 956 3367 personae
999 3286 1241 3367 pluralis
1295 3285 1512 3365 syllaba
1565 3287 1624 3347 in
1669 3288 1843 3349 tertio
1894 3287 1966 3348 ab
2012 3287 2214 3349 ultima
2266 3286 2397 3348 loco
2452 3272 2829 3366 producitur,
2890 3295 2957 3348 ut
2997 3287 3272 3350 duceba-

666 3392 826 3453 mini.
917 3391 1084 3451 tertia
1130 3405 1387 3466 persona
1431 3387 1672 3467 pluralis
1728 3388 1991 3450 ultimam
2034 3389 2275 3450 brevem
2334 3389 2528 3450 habet.
2617 3395 2889 3467 tempore
2930 3393 3270 3468 praeterito

665 3492 930 3569 perfecto
975 3497 1031 3551 et
1061 3487 1089 3574 ΙΙ
1117 3490 1697 3569 plusquamperfecto
1742 3509 1989 3552 numero
2034 3491 2317 3569 singulari
2376 3493 2567 3569 prima
2612 3500 2669 3552 et
2712 3493 2884 3552 tertia
2920 3495 3269 3570 coniugatio

591 3612 644 3653 ao
669 3593 954 3670 producta
1009 3591 1424 3671 paenultimam
1471 3592 1706 3669 longam
1776 3601 1834 3654 et
1880 3599 2240 3673 postremam
2308 3593 2545 3654 brevem
2602 3591 2808 3662 habet,
2876 3600 2940 3654 ut
3002 3593 3270 3655 donatus

666 3694 928 3762 anditus;
974 3693 1232 3754 secunda
1269 3702 1464 3755 autem
1507 3695 1844 3770 coniugatio
1877 3694 1965 3756 vel
2008 3697 2175 3756 tertia
2207 3701 2477 3772 correpta
2518 3693 2937 3775 paenultimam
2967 3694 3267 3774 syllabam

665 3795 977 3876 aliquando
1019 3794 1260 3856 brevem
1324 3797 1588 3874 recipits
1617 3805 1680 3856 ut
1722 3796 2087 3864 admonitus,
2152 3795 2465 3875 aliquando
2511 3797 2801 3874 positione
2858 3795 3133 3874 longam,
3200 3807 3269 3858 ut

665 3895 938 3957 scribtus
1006 3895 1222 3974 plurali
1261 3907 1456 3956 autem
1498 3915 1751 3957 numero
1795 3896 1993 3959 ultima
2038 3889 2371 3975 longasest,
2418 3906 2486 3959 ut
2529 3897 2842 3968 admoniti;
2886 3899 3263 3978 paenultima

663 3999 860 4061 brevis
911 4006 1018 4059 est.
1109 4006 1376 4077 tempore
1431 3998 1632 4060 futuro
1681 4000 1870 4078 prima
1930 4008 1989 4061 et
2041 4000 2296 4063 secunda
2355 4001 2685 4079 coniugatio
2752 4017 3009 4079 persona
3062 4003 3263 4079 prima

585 4119 914 4162 :tanumero
964 4099 1246 4179 singulari
1291 4099 1708 4179 paenultimam
1756 4100 1991 4181 longam
2034 4101 2242 4172 babet,
2299 4109 2363 4162 ut
2403 4101 2647 4163 amabor
2702 4110 2762 4163 et
2804 4102 3097 4175 docebor,
3160 4121 3265 4165 se·

664 4203 854 4265 cunda
895 4209 954 4264 et
997 4204 1168 4264 tertia
1218 4221 1472 4282 persona
1510 4203 1774 4274 brevem,
1822 4211 1885 4264 ut
1930 4201 2208 4264 Horatius
2252 4205 2309 4262 in
2350 4211 2476 4265 arte
2518 4206 2747 4281 poetica

965 4323 1106 4365 nec
1145 4322 1440 4382 semper
1482 4304 1709 4366 feriet
1751 4305 2273 4385 quodcumque
2322 4306 2737 4367 minabitur
2785 4325 3019 4369 arcus.

661 4407 818 4468 scire
859 4415 1051 4468 autem
1099 4414 1363 4485 oportet,
1431 4406 1586 4486 quod
1641 4405 1871 4468 litterae
1923 4407 2183 4479 vocaleS,
2246 4425 2397 4486 quae
2452 4415 2573 4467 tres
2620 4409 3066 4488 coniugationes
3112 4429 3259 4490 pro-

662 4509 866 4569 ductas
907 4508 1244 4576 ostendunt,
1291 4508 1634 4586 frequenter
1677 4508 1924 4589 produci
1967 4499 2241 4572 debeant,
2331 4527 2581 4571 numero
2622 4508 2833 4588 plurali
2878 4514 3071 4589 prima
3118 4531 3257 4592 per-

804 4687 825 4736 l
872 4683 1107 4752 superas]
1158 4690 1316 4753 Ver-y.
1353 4687 1484 4737 Aen.
1523 4687 1616 4739 Vll
1651 4687 1755 4738 768
1930 4691 1962 4738 4
1999 4703 2154 4738 causa
2190 4689 2281 4740 sed
2322 4701 2370 4740 et
2407 4689 2603 4740 ratione
2641 4703 2676 4748 ς
2848 4691 2884 4742 5
2920 4690 3041 4758 nos]
3096 4693 3255 4759 Very.

662 4753 794 4805 Aen.
837 4757 876 4804 ll
911 4757 980 4805 25
1087 4766 1218 4806 rates
1251 4773 1388 4808 corr.
1424 4760 1516 4807 rati
1559 4759 1607 4806 B
1752 4758 1815 4807 12
1853 4756 1976 4823 quo]
2022 4761 2181 4825 Vera.
2219 4759 2353 4811 Aen.
2388 4759 2435 4809 X
2470 4761 2573 4813 670
2714 4759 2780 4811 16
2812 4761 3039 4827 ducitur]
3094 4766 3257 4828 Ver-9.

663 4826 794 4877 Aen.
837 4826 906 4874 XI
941 4826 1011 4874 85
1150 4828 1218 4875 20
1253 4827 1483 4892 ferimur]
1529 4831 1686 4892 Very.
1724 4827 1856 4878 Aen.
1892 4828 1935 4876 11
1970 4829 2073 4879 7²5
2212 4831 2282 4882 36
2314 4833 2365 4879 in
2402 4843 2507 4882 arte
2536 4829 2753 4898 poetica]
2792 4847 2835 4880 υ.
2878 4830 2987 4882 350
