3434 5442
1212 343 1309 407 DE
1351 343 1742 408 FINALIBVS
1785 352 1826 414 6
2685 359 2809 422 453

338 463 383 504 p.
416 451 533 494 isis.
562 453 612 494 14
639 451 685 494 P.
2371 471 2411 511 p.
2445 459 2622 502 496-08
2653 460 2707 504 v.

224 549 373 611 que
415 532 695 594 remis’.
784 532 835 594 si
889 549 1028 592 vero
1082 533 1143 592 in
1202 532 1455 611 genitivo
1512 539 1816 594 crescente
1872 543 2146 616 correpta
2190 555 2230 598 u
2270 543 2669 618 permanserit
2711 548 2812 602 aut

222 641 459 696 mutata
500 634 680 696 fuerit
722 641 823 696 aut
866 652 986 695 non
1032 635 1311 704 creverit,
1358 633 1690 706 breviatur,
1737 643 1805 696 ut
1829 644 2034 714 pectus
2061 641 2348 717 pectoriS,
2393 639 2600 718 vulgus
2629 641 2805 722 vulgi.

402 735 705 798 Genitivus
748 743 809 796 et
851 735 1077 798 dativus
1122 745 1181 797 et
1224 735 1508 798 ablativus
1550 735 1976 816 producuntur.
2046 739 2148 800 sed
2192 741 2480 818 genitivus
2525 761 2662 805 cum
2706 751 2808 804 aut

220 857 293 899 os
351 839 415 899 in
480 838 599 899 fine
662 837 989 900 secundum
1058 839 1315 899 Graecos
1376 836 1651 899 habuerit
1704 846 1805 899 aut
1871 843 2080 902 tertiae
2135 841 2316 903 fuerit
2377 842 2804 918 declinationiS,

220 959 365 1002 cnm
422 937 674 1002 ablativo
728 958 836 1002 suo
892 959 925 1002 e
976 936 1004 1024 ΙΙ
1053 946 1281 1001 tantum
1338 938 1533 1001 littera
1602 941 1918 1002 terminato
1985 941 2312 1014 breviatur,
2382 953 2627 1025 excepto
2686 965 2805 1008 uno
2831 965 2856 1002 5

218 1041 387 1122 quod
424 1041 803 1122 producitur,
852 1041 925 1104 ab
968 1042 1083 1104 hac
1124 1040 1309 1112 fame,
1358 1042 1491 1122 quia
1537 1047 1766 1102 veteres
1810 1042 1984 1104 huius
2027 1042 2229 1116 famei,
2275 1064 2396 1131 non
2428 1045 2604 1108 huius
2635 1047 2806 1110 famis

218 1141 625 1205 declinabant.
710 1143 815 1204 sed
861 1151 921 1205 et
963 1143 1191 1205 dativus
1245 1144 1307 1204 in
1362 1143 1603 1206 Graecis
1645 1144 1666 1203 i
1725 1143 1920 1206 littera
1974 1148 2322 1209 terminatus
2363 1145 2694 1221 breviatur,
2741 1157 2808 1211 ut

218 1244 473 1307 Palladi.
561 1247 923 1306 accusativus
966 1247 1027 1305 in
1071 1245 1293 1307 Latinis
1335 1244 1530 1306 brevis
1584 1253 1675 1307 est
1716 1263 1980 1327 semper:
2038 1249 2100 1308 in
2145 1247 2386 1310 Graecis
2429 1258 2569 1312 tunc
2619 1249 2628 1333 Ι
2677 1259 2806 1313 tan-

219 1356 355 1409 tum
410 1346 735 1418 breviatur,
793 1366 928 1409 cum
980 1365 1017 1408 a
1072 1347 1164 1409 vel
1220 1366 1297 1409 on
1355 1349 1734 1416 terminatur,
1791 1356 1859 1409 ut
1910 1349 2136 1412 Thesea
2193 1350 2417 1422 Delon;
2477 1351 2619 1414 alias
2676 1352 2804 1415 lon-

218 1468 338 1529 gus
381 1459 493 1511 est.
580 1450 875 1516 vocativus
929 1467 1163 1530 quoque
1217 1451 1281 1510 in
1336 1449 1559 1511 Latinis
1600 1447 1798 1512 brevis
1853 1458 1969 1522 est,
2030 1460 2279 1532 excepto
2335 1471 2470 1515 cum
2525 1456 2548 1515 i
2597 1457 2802 1517 termi-
2831 1473 2882 1514 ιο

218 1559 429 1619 natur.
492 1559 558 1612 ut
598 1551 883 1620 Mercuri;
939 1550 1003 1612 in
1056 1550 1298 1612 Graecis
1354 1551 1703 1632 corrIpitur‚
1759 1561 1826 1614 ut
1865 1552 2049 1614 Alexi.
2138 1556 2241 1635 qui
2285 1556 2460 1616 etiam
2479 1602 2497 1627 ,
2544 1556 2684 1618 dum
2728 1559 2806 1618 si-

215 1653 380 1716 milis
434 1653 614 1716 luerit
666 1653 1052 1723 nominativo,
1109 1650 1373 1732 regulam
1431 1654 1774 1716 nominativi
1828 1655 2124 1735 sequitur,
2181 1665 2246 1718 ut
2299 1657 2446 1718 haec
2488 1667 2806 1739 paupertas

219 1764 283 1816 et
328 1774 367 1815 o
411 1761 745 1836 paupertas.
834 1755 896 1815 in
940 1753 1281 1817 masculinis
1322 1762 1549 1819 tantum
1596 1756 1838 1818 Graecis
1880 1755 2092 1837 longus
2136 1765 2250 1829 est,
2296 1766 2363 1820 ut
2402 1761 2620 1822 Aenea.
2698 1761 2802 1830 sed

214 1858 399 1918 etiam
471 1877 505 1917 e
572 1857 771 1918 finitus
832 1857 897 1918 in
962 1855 1203 1919 Graecis
1270 1863 1413 1918 tunc
1480 1855 1808 1930 breviatur,
1889 1877 2022 1920 cum
2091 1860 2216 1922 eius
2279 1861 2672 1924 nominativus
2737 1881 2804 1924 os

215 1957 407 2020 fuerit
448 1959 831 2028 terminatus,
877 1966 943 2020 ut
984 1956 1258 2020 Phoebos
1299 1959 1555 2022 Phoebe.
1645 1962 2036 2023 nominativus
2089 1968 2150 2022 et
2190 1965 2554 2025 accusativus
2597 1972 2657 2025 et
2699 1983 2798 2025 vo·
2825 1981 2877 2025 15

212 2062 445 2122 eativus
498 2059 745 2140 plural'ffl
797 2061 860 2120 in
914 2058 1239 2122 mascufino
1290 2067 1350 2122 et
1400 2061 1687 2124 feminino
1731 2080 1951 2141 genere
1994 2063 2434 2143 producuntur,
2479 2067 2542 2126 in
2588 2074 2800 2128 neutro

212 2171 417 2224 autem
464 2163 884 2243 corripiuntur.
962 2171 1168 2238 contra
1224 2162 1370 2224 haec
1412 2171 1551 2225 sunt
1590 2163 1816 2226 Graeca
1863 2166 2126 2236 nomina,
2176 2185 2326 2247 quae
2381 2165 2523 2229 dum
2579 2174 2716 2228 ante
2771 2189 2802 2231 s

214 2264 487 2326 ultimam
556 2282 589 2324 a
656 2269 756 2324 aut
818 2281 851 2324 e
888 2263 1234 2326 -habuerint
1295 2275 1355 2326 et
1417 2284 1451 2328 a
1516 2265 1774 2345 genitivo
1843 2265 2126 2346 singulari
2182 2268 2290 2330 dos
2345 2269 2658 2330 terminato
2701 2287 2798 2330 ve-

212 2367 444 2452 nerint,
502 2373 645 2428 tunc
689 2371 911 2427 tantum
957 2366 1019 2426 in
1063 2365 1389 2428 masculino
1434 2374 1493 2428 et
1544 2366 1831 2429 feminino
1874 2363 2246 2439 breviantur,
2293 2377 2360 2430 ut
2399 2369 2576 2431 huius
2616 2371 2797 2433 Arca-

211 2469 357 2538 dos,
403 2467 512 2530 lias
552 2467 811 2530 Arcades
833 2516 849 2539 ,
897 2467 1007 2529 hos
1049 2467 1338 2538 Arcadas;
1384 2467 1527 2531 alias
1569 2467 1733 2548 longi
1775 2477 1930 2531 sunt.
2018 2473 2308 2552 genitivus
2351 2470 2597 2552 pluralis
2639 2491 2792 2534 sem·
2820 2494 2874 2537 πο

210 2589 327 2650 per
368 2568 565 2631 brevis
608 2577 698 2630 est
738 2571 801 2631 in
844 2569 1094 2640 LatiniS,
1139 2571 1201 2630 in
1248 2570 1488 2632 Graecis
1531 2589 1671 2633 vero
1712 2573 2091 2653 producitur,
2139 2582 2202 2636 ut
2243 2572 2588 2635 Philaenon.
2648 2574 2794 2635 dati·

212 2691 325 2733 vus
390 2680 451 2732 et
524 2669 808 2733 ablativus
874 2669 1115 2752 pluralis
1178 2673 1231 2732 si
1296 2673 1347 2734 is
1416 2674 1836 2745 terminantur,
1906 2673 2070 2754 longi
2123 2683 2289 2747 sunt,
2348 2685 2414 2738 ut
2470 2675 2684 2746 doctis;
2747 2677 2797 2736 si

211 2773 359 2844 bus,
420 2772 788 2843 breviantur,
844 2781 911 2834 ut
964 2771 1244 2853 agilibus:
1318 2781 1419 2834 aut
1482 2775 1535 2834 si
1594 2774 1816 2838 Graeca
1861 2777 1940 2838 sit
1994 2775 2336 2848 declinatio,
2390 2778 2451 2838 in
2513 2777 2794 2838 termina-

214 2884 313 2937 tus
356 2874 581 2937 dativus
624 2875 963 2953 corripitur,
1008 2881 1076 2936 ut
1114 2876 1380 2938 Arcasin.

384 2976 507 3038 Hac
560 2975 765 3056 regula
818 2977 1057 3038 nomina
1098 2979 1449 3057 pronomina
1496 2979 1808 3058 participia
1852 2979 2248 3040 continentur.
2337 2979 2442 3041 sed
2485 2981 2788 3058 pronomi-
2807 2971 2868 3048 ’25

214 3080 309 3139 nis
352 3077 666 3140 declinatio
707 3078 771 3139 in
814 3078 928 3139 hoc
971 3085 1197 3140 tantum
1255 3079 1473 3150 differt,
1541 3080 1698 3161 quod
1741 3079 1802 3140 in
1847 3078 2262 3160 monosyllabis
2303 3098 2456 3161 quae
2497 3081 2795 3143 vocalibus

210 3181 625 3251 terminantur,
670 3188 738 3241 ut
778 3199 893 3250 me,
936 3187 1036 3241 aut
1080 3178 1375 3242 vocalibus
1419 3188 1713 3250 constant,
1761 3189 1828 3243 ut
1869 3199 1933 3252 o,
1978 3183 2040 3243 in
2083 3180 2348 3263 quolibet
2391 3201 2531 3244 casu
2572 3182 2794 3262 produ-

212 3289 453 3344 cuntur.
526 3280 631 3342 sed
673 3283 965 3362 genitivus
1004 3299 1139 3343 cum
1185 3299 1255 3344 us
1296 3282 1527 3354 finitur,
1573 3280 1905 3354 breviatur,
1951 3290 2019 3345 ut
2057 3282 2245 3354 illius;
2295 3285 2306 3363 Ι
2356 3283 2584 3346 dativus
2628 3302 2788 3356 vero,

208 3385 369 3446 sicut
408 3384 471 3444 in
514 3384 785 3452 nomine,
842 3401 1078 3465 semper
1121 3382 1332 3463 longus
1376 3390 1493 3455 est,
1550 3392 1798 3465 excepto
1843 3384 1988 3446 mihi
2010 3383 2136 3445 'tibi
2180 3385 2321 3456 sibi,
2368 3404 2519 3466 quae
2561 3387 2791 3450 indiffe-

358 3587 385 3638 1
426 3595 661 3654 correpta
696 3585 851 3638 fuerit
893 3588 1011 3652 qnia
1047 3594 1235 3638 mutata
1277 3589 1613 3652 permanserit
1650 3589 1701 3638 F
1727 3597 1964 3654 correpta
1997 3598 2082 3640 aut
2121 3597 2312 3640 mutata
2349 3591 2686 3658 permanserit
2716 3607 2794 3650 ες

208 3665 445 3724 correpta
486 3659 607 3721 quia
650 3666 841 3709 mutata
881 3659 1103 3722 (motata
1138 3657 1210 3720 B)
1255 3658 1593 3722 permanserit
1621 3658 1673 3708 B
1707 3667 1760 3708 et
1789 3661 1957 3710 codex
1991 3661 2441 3726 Sanyermanenst‘s
2469 3661 2654 3714 Bedae
2689 3678 2790 3714 non

208 3727 549 3791 permanserit
582 3726 705 3795 (rel.
744 3729 864 3794 om.)
908 3729 925 3778 l
956 3735 1003 3779 et
1038 3727 1207 3780 code-v
1254 3727 1525 3778 Leidenei's
1564 3727 1762 3783 Bedae.
1821 3733 2096 3792 exemplum
2125 3745 2159 3779 u
2195 3739 2462 3796 correptae
2489 3733 2541 3781 in
2573 3735 2792 3798 genitivo

202 3799 567 3863 permanentis,
601 3799 653 3847 in
680 3814 776 3864 quo
812 3798 973 3864 Ligus
1004 3811 1199 3860 ponere
1239 3799 1401 3847 solent
1424 3801 1751 3863 grammatici,
1779 3799 2036 3850 excidisse
2057 3801 2260 3851 videtur
2427 3803 2462 3854 6
2495 3803 2792 3867 producitur

206 3876 264 3916 ut
300 3867 364 3916 ab
395 3867 494 3918 hae
520 3868 615 3918 Be
753 3869 891 3931 quod
928 3877 1124 3918 ueteres
1148 3867 1198 3917 F
1336 3865 1501 3926 huius,
1518 3867 1669 3918 famei
1704 3883 1804 3919 non
1837 3868 1987 3919 huius
2023 3869 2175 3920 famis
2203 3869 2324 3921 huic
2348 3870 2503 3921 famei
2532 3887 2633 3922 non
2670 3871 2792 3922 huic

208 3937 335 3987 rami
372 3937 641 3988 Melaina
677 3945 729 3989 et
763 3938 914 3990 Beda
1054 3939 1085 3987 7
1126 3936 1219 3986 sed
1257 3937 1461 3987 datiuus
1487 3937 1563 3987 Fe
1699 3937 1734 3988 8
1772 3953 1975 4004 semper
2008 3938 2180 3989 breuis
2217 3948 2296 3991 est
2327 3941 2379 3991 B
2518 3939 2553 3990 9
2589 3941 2790 3992 breuia-

210 4017 291 4056 tur
326 4008 379 4058 B
412 4007 585 4058 breuis
620 4016 700 4059 est
730 4008 848 4058 Ple
958 4007 1040 4057 uel
1070 4009 1131 4056 06
1168 4007 1466 4058 terminatur
1492 4007 1543 4056 F
1676 4006 1880 4058 thesseo.
1909 4009 1958 4058 B
1981 4009 2139 4059 tessia
2170 4009 2222 4059 F·
2246 4018 2415 4062 tessea
2440 4011 2459 4060 1
2603 4009 2668 4060 10
2701 4027 2790 4062 ex-

208 4085 357 4144 cepto
398 4091 501 4128 uno
536 4092 651 4129 cum
686 4077 783 4128 iF
950 4077 1009 4128 11
1040 4077 1251 4126 mercori
1290 4077 1341 4126 F
1479 4074 1547 4128 13
1581 4077 1732 4125 aenis
1763 4077 1808 4126 F
1990 4079 2056 4130 15
2091 4077 2288 4144 phebos
2324 4078 2488 4146 phebe
2514 4079 2566 4128 F
2597 4080 2790 4144 phebus

209 4147 327 4197 sebe
363 4146 415 4196 B
552 4147 619 4199 16
652 4149 703 4197 in
739 4157 915 4198 neutro
954 4147 1295 4212 corripiuntur
1328 4161 1356 4195 e
1392 4145 1736 4211 corripiuntur
1769 4149 1819 4197 in
1856 4153 2036 4198 neutro
2073 4149 2144 4199 ΓΙ
2286 4149 2350 4202 19
2385 4149 2538 4199 huius
2575 4150 2790 4202 arcados

194 4213 305 4266 ‘has
350 4217 563 4269 arcades
605 4217 699 4267 hos
745 4217 957 4268 arcadas
1004 4215 1246 4283 (arcados
1289 4217 1362 4278 F)
1407 4214 1498 4266 Ee
1532 4214 1687 4266 huius
1725 4219 1938 4268 arcados
1982 4218 2078 4268 has
2128 4217 2342 4269 arcadas
2376 4219 2472 4269 hos
2520 4220 2734 4270 arcadas
2770 4222 2790 4269 1

210 4285 363 4337 huius
392 4287 603 4337 urendos
640 4287 734 4338 hos
768 4287 932 4352 (corr.
971 4285 1091 4352 has)
1128 4285 1343 4336 arcadas
1378 4285 1542 4352 (corr.
1580 4285 1723 4352 -des)
1747 4288 1844 4338 hos
1878 4286 2130 4338 harcadas
2164 4287 2220 4338 B-
2246 4288 2401 4340 huius
2435 4289 2665 4341 Arcados
2693 4289 2788 4340 has

210 4357 441 4406 Arcadas
476 4370 507 4405 ο
540 4357 767 4408 Arcades
804 4357 1071 4409 Putea-hius
1104 4348 1257 4406 huius
1298 4356 1523 4407 Arcados
1558 4355 1611 4406 hi
1645 4357 1876 4408 Arcades
1909 4356 2006 4408 hos
2024 4358 2254 4410 Arcadas
2291 4375 2321 4409 o
2353 4359 2584 4410 Arcades
2621 4360 2790 4410 editor

216 4426 650 4477 Vindobonensis:
700 4427 769 4490 ef.
810 4425 955 4481 Ser-v.
991 4430 1041 4476 in
1086 4427 1245 4491 Ver-9.
1286 4427 1415 4481 Aen.
1456 4425 1505 4478 X
1538 4427 1644 4479 364
1811 4429 1878 4478 21
1915 4426 1967 4477 in
2003 4426 2199 4478 Latinis
2233 4443 2328 4484 om.
2365 4427 2519 4490 Bm,
2553 4429 2674 4480 add.
2713 4445 2790 4488 ες

348 4493 622 4546 Philaenon
656 4497 829 4547 editor·
865 4496 1263 4548 Vindobonensie
1295 4496 1547 4561 phelenon
1583 4497 1674 4548 Be
1705 4497 1930 4566 phelnon
1964 4495 2017 4547 F
2060 4497 2332 4564 phelemon
2377 4501 2398 4548 l
2444 4497 2709 4550 Philemon
2753 4515 2788 4557 ς

211 4565 416 4616 lesboon
459 4565 769 4617 Parrhasius
906 4567 973 4616 23
1008 4562 1118 4632 aut]
1167 4572 1218 4616 at
1252 4564 1303 4616 B
1438 4569 1507 4620 25
1542 4568 1713 4618 omnis.
1759 4567 1966 4618 nomina
1998 4567 2154 4619 Beda
2289 4569 2358 4622 26
2393 4569 2446 4620 iu
2481 4568 2580 4620 hoc
2607 4570 2694 4621 ΒΖ
2733 4572 2784 4620 in

209 4651 267 4686 eo
302 4635 391 4686 Fe
562 4635 725 4687 defert
760 4636 812 4686 B
983 4631 1141 4702 quod]
1184 4637 1271 4699 qui
1301 4637 1377 4689 F.-
1412 4638 1550 4703 quod
1582 4636 1934 4704 monosyllaba
1970 4651 2102 4702 quse
2137 4637 2404 4689 uocalibus
2452 4639 2788 4692 terminantur

210 4706 563 4770 producuntur
597 4721 727 4770 quae
762 4713 883 4757 sunt
918 4721 999 4756 me
1030 4713 1081 4754 te
1116 4721 1173 4754 se
1208 4707 1279 4756 mi
1314 4715 1369 4758 tu
1404 4709 1493 4772 qui
1528 4723 1659 4771 quae
1694 4722 1794 4772 quo
1827 4721 1926 4772 qus
1959 4707 2055 4758 sed
2089 4707 2352 4775 genitiuus
2387 4722 2466 4767 ες
2567 4709 2636 4761 27
2665 4725 2786 4776 pro-

210 4775 409 4827 d'neitur
445 4775 715 4828 Pucschius
853 4774 923 4828 29
958 4775 1309 4827 indifferenter
1342 4777 1726 4843 (indefferenter
1753 4777 1829 4842 B)
1867 4779 1991 4845 poni
2017 4785 2236 4846 possunt
2271 4779 2397 4831 Ble
2436 4779 2786 4832 indifferenter

214 4851 466 4910 ponuntur
496 4845 551 4895 F
