3434 5442
618 349 698 414 86
1787 350 2014 413 PROBl

717 480 762 522 p.
790 468 880 509 loe.
898 468 951 511 99
980 467 1033 507 R.
2353 506 2360 514 ,
2766 478 2810 519 p.
2835 464 2929 507 m.
2947 466 3002 507 79
3027 466 3088 507 V.

617 541 729 603 hac
767 539 955 601 forma
998 540 1233 617 generis
1270 539 1627 609 communis,
1674 556 1795 619 qua
1831 538 2082 601 diximus
2123 537 2372 600 ablativo
2417 556 2558 599 casu
2601 540 2832 599 numeri
2875 537 3196 616 singularis

617 644 855 702 nomina
900 660 933 703 a
978 641 1171 702 littera
1221 642 1523 702 terminari
1576 648 1635 703 et
1680 640 2034 702 nominativo
2085 658 2228 702 casu
2283 642 2517 701 numeri
2558 638 2870 718 singularis
2913 658 2946 701 a
2995 639 3192 701 littera

618 744 879 813 deliniri,
924 742 1083 823 quod
1124 762 1193 804 ex
1225 760 1293 803 ea
1334 741 1467 823 plus
1512 760 1686 821 quam
1731 746 2026 820 octoginta
2067 750 2290 824 septem
2329 744 2487 811 soni,
2535 742 2648 803 hoc
2678 748 2766 803 est
2805 760 2984 823 quam
3027 752 3193 803 octo·

618 846 773 923 ginta
817 852 1044 925 septem
1090 846 1347 915 nomina,
1392 862 1511 905 non
1557 846 1784 924 possint
1825 845 2108 907 exhiheri.
2195 847 2270 908 de
2315 846 2502 906 forma
2559 844 2795 922 generis
2839 846 3192 911 communis,

566 974 591 1015 ε.
619 965 731 1027 qua
786 945 1035 1009 ablativo
1088 964 1231 1009 casu
1286 948 1519 1008 numeri
1562 946 1877 1024 singularis
1931 949 2165 1009 nomina
2211 966 2244 1009 a
2289 946 2480 1009 littera
2533 948 2930 1008 terminantur
2984 954 3046 1007 et
3087 964 3194 1005 no-

616 1050 889 1111 minativo
932 1067 1071 1109 casu
1114 1050 1346 1111 numeri
1383 1048 1697 1128 singularis
1729 1066 1763 1109 a
1795 1048 1986 1110 littera
2033 1050 2411 1119 definiuntur,
2459 1055 2740 1130 quantum
2787 1048 2936 1109 ratio
2981 1066 3194 1127 posce-

616 1151 733 1221 bat,
779 1152 1181 1213 tractavimus.

786 1253 873 1316 De
913 1254 985 1315 ia.
1075 1270 1481 1333 quaecumque
1520 1254 1757 1314 nomina
1813 1254 2046 1331 generis
2089 1254 2419 1313 communis
2473 1252 2724 1314 ablativo
2771 1270 2910 1314 casu
2957 1254 3195 1313 numeri

618 1354 931 1434 singularis
972 1374 1005 1415 a
1061 1353 1255 1416 littera
1313 1354 1705 1415 terminantur
1771 1361 1830 1415 et
1881 1356 2234 1415 nominativo
2287 1374 2428 1417 casu
2491 1356 2721 1417 numeri
2777 1352 3090 1432 singularis
3139 1356 3194 1415 ia

545 1480 594 1523 ιο
618 1455 859 1527 litteris,
918 1474 1037 1517 non
1078 1458 1132 1517 ia
1180 1454 1431 1535 syllaba,
1488 1455 1879 1526 deliniuntur,
1937 1465 2001 1517 ut
2055 1464 2193 1535 puta
2252 1456 2324 1518 ab
2369 1456 2484 1517 hoc
2525 1464 2586 1519 et
2629 1456 2706 1518 ab
2751 1456 2861 1517 hac
2905 1455 3194 1525 custodia,

622 1558 717 1621 hic
755 1565 813 1619 et
853 1557 1001 1619 haec
1038 1556 1322 1625 custodia,
1360 1557 1506 1618 haec
1548 1557 1622 1617 ad
1666 1556 1782 1619 hoc
1820 1558 2152 1637 exemplum
2194 1557 2596 1620 declinantur:
2655 1560 2889 1620 numeri
2933 1557 3196 1635 singula-

620 1662 703 1721 ris
744 1660 841 1721 hic
884 1666 941 1721 et
977 1660 1124 1721 haec
1168 1658 1449 1729 custodia,
1488 1658 1661 1720 huius
1702 1666 1764 1721 et
1807 1659 1982 1721 huius
2030 1660 2360 1731 custodiae,
2405 1660 2544 1722 huic
2589 1668 2650 1721 et
2689 1660 2826 1723 huic
2869 1660 3192 1729 custodiae,

620 1763 781 1823 hunc
820 1768 879 1823 et
921 1761 1077 1823 hanc
1116 1760 1464 1831 custodiam,
1516 1779 1551 1820 o
1594 1769 1655 1821 et
1696 1779 1734 1821 o
1771 1761 2060 1831 custodia,
2103 1761 2178 1822 ab
2221 1762 2336 1823 hoc
2379 1770 2438 1823 et
2475 1762 2550 1823 ab
2593 1763 2702 1823 hac
2741 1763 3039 1831 custodia:
3087 1780 3196 1823 nu-

620 1865 773 1926 meri
812 1862 1055 1943 pluralis
1098 1863 1158 1924 hi
1196 1870 1256 1925 et
1297 1862 1409 1925 hae
1448 1862 1767 1932 custodiae,
1812 1863 2026 1925 horum
2067 1872 2126 1925 et
2167 1863 2378 1927 harum
2423 1865 2839 1933 custodiarum,
2885 1863 2980 1924 his
3013 1872 3076 1926 et
3105 1864 3198 1925 his

548 1988 595 2029 ns
623 1967 919 2035 custodiis,
963 1965 1073 2026 hos
1109 1974 1167 2027 et
1208 1964 1315 2026 has
1356 1964 1666 2035 custodias,
1714 1983 1752 2025 o
1791 1972 1850 2026 et
1883 1984 1920 2025 o
1964 1965 2280 2035 custodiae,
2325 1966 2400 2027 ab
2430 1967 2524 2028 his
2557 1974 2618 2029 et
2643 1967 2717 2027 ab
2747 1966 2840 2027 his
2873 1964 3192 2047 custoldiis.

620 2070 705 2131 sic
750 2076 810 2130 et
850 2074 1047 2130 cetera
1092 2065 1227 2128 talia
1274 2068 1511 2145 generis
1556 2068 1886 2129 communis
1937 2070 2202 2138 nomina,
2271 2087 2422 2148 quae
2475 2068 2724 2131 ablativo
2769 2086 2905 2129 casu
2961 2070 3196 2129 numeri

620 2168 933 2248 singularis
988 2187 1019 2229 a
1072 2168 1262 2231 littera
1320 2171 1709 2232 terminantur
1767 2176 1822 2231 et
1880 2170 2232 2232 nominativo
2291 2190 2430 2233 casu
2487 2171 2719 2233 numeri
2773 2170 3092 2249 singularis
3145 2172 3194 2233 ia

620 2270 856 2342 litteris,
915 2288 1033 2333 non
1088 2273 1139 2333 ia
1194 2270 1445 2351 syllaba,
1502 2270 1892 2341 definiuntur,
1945 2272 2018 2333 ad
2073 2272 2408 2351 exemplum
2465 2272 2762 2335 custodiae
2819 2289 2926 2350 per
2988 2290 3196 2349 omnes

621 2390 792 2455 casus
846 2372 1233 2437 declinantur.
1266 2368 1294 2457 Η
1322 2390 1481 2435 nunc
1528 2375 1589 2434 in
1632 2371 1747 2435 hac
1801 2390 1980 2452 supra
2023 2374 2178 2435 dicta
2233 2375 2426 2436 forma
2479 2376 2596 2436 hoc
2637 2390 2975 2443 monemus,
3035 2375 3196 2456 quod

544 2496 599 2537 2⁰
624 2493 1027 2555 quaecumque
1070 2477 1307 2536 nomina
1352 2476 1587 2552 generis
1629 2474 1856 2537 scilicet
1901 2478 2232 2537 communis
2277 2494 2462 2538 unum
2507 2476 2828 2556 quemlibet
2873 2494 3078 2538 casum
3125 2479 3196 2539 ad

620 2578 869 2639 formam
916 2576 1215 2639 custodiae
1256 2578 1456 2639 facere
1492 2578 1895 2646 inveniuntur,
1951 2577 2098 2639 haec
2142 2577 2332 2639 dativo
2377 2585 2436 2639 et
2475 2577 2724 2641 ablativo
2765 2596 2908 2641 casu
2961 2582 3198 2642 numeri

622 2678 865 2759 pluralis
898 2686 1035 2740 ante
1076 2677 1337 2741 ultimam
1380 2685 1800 2741 consonantem
1845 2696 1953 2758 per
1995 2679 2142 2741 duas
2183 2682 2202 2741 i
2243 2678 2466 2741 litteras
2507 2680 2869 2743 scribuntur.
2959 2678 3106 2743 item
3141 2684 3198 2743 in

622 2781 733 2843 hac
776 2798 957 2861 supra
1002 2780 1155 2843 dicta
1200 2780 1390 2843 forma
1434 2782 1758 2860 quaeritur,
1795 2797 1908 2858 qua
1954 2782 2030 2843 de
2073 2798 2248 2843 causa
2289 2783 2526 2843 nomina
2563 2783 2624 2843 in
2667 2782 2858 2843 dativo
2899 2782 2992 2845 vel
3037 2782 3200 2845 abla-

621 2886 737 2945 tivo
796 2902 935 2945 casu
991 2884 1225 2945 numeri
1280 2882 1523 2963 pluralis
1578 2889 1714 2945 ante
1768 2882 2031 2945 ultimam
2089 2890 2510 2945 consonantem
2559 2901 2668 2962 per
2721 2884 2867 2947 duas
2907 2887 2931 2945 i
2975 2884 3200 2947 litteras

546 3004 595 3049 as
622 2985 975 3049 scribantur.
1065 2986 1175 3047 hac
1241 2985 1315 3047 de
1378 3002 1581 3056 causa,
1643 2987 1922 3065 quoniam
1987 3003 2396 3066 quaecumque
2461 2988 2698 3047 nomina
2753 2985 3004 3049 ablativo
3057 3006 3198 3049 casu

624 3090 854 3150 numeri
898 3086 1213 3167 singularis
1256 3106 1289 3149 a
1332 3086 1523 3149 littera
1563 3089 1986 3158 terminantur,
2047 3087 2194 3149 haec
2239 3088 2428 3150 dativo
2471 3086 2562 3151 vel
2605 3086 2853 3150 ablativo
2897 3106 3040 3149 casu
3089 3107 3198 3149 nu·
3297 3120 3306 3127 ·

620 3192 767 3253 meri
826 3189 1069 3269 pluralis
1130 3208 1266 3251 cum
1322 3189 1530 3251 eodem
1587 3188 1838 3251 ablativo
1899 3206 2038 3251 casu
2097 3192 2329 3251 numeri
2385 3189 2698 3267 singularis
2761 3194 2893 3270 pari
2947 3208 3200 3253 numero

621 3292 975 3374 syllabarum
1022 3298 1261 3372 oportet
1300 3292 1686 3369 pronuntiari.
1769 3308 1930 3353 nunc
1969 3292 2082 3352 hoc
2123 3309 2432 3353 monemus
2469 3294 2527 3353 in
2573 3292 2686 3354 hac
2729 3293 2916 3353 forma
2961 3294 3204 3371 generis

622 3396 981 3464 communis,
1029 3412 1142 3473 qua
1194 3392 1445 3454 diximus
1486 3392 1738 3454 ablativo
1787 3411 1928 3454 casu
1983 3396 2216 3455 numeri
2265 3394 2580 3473 singularis
2635 3396 2866 3455 nomina
2919 3412 2952 3455 a
3002 3394 3199 3456 littera

544 3516 597 3559 ao
624 3496 853 3559 deliniri
905 3503 964 3558 et
1016 3495 1371 3557 nominativo
1422 3512 1562 3557 casu
1614 3496 1849 3556 numeri
1913 3494 2224 3574 singularis
2278 3498 2335 3557 ia
2391 3495 2630 3565 litteris,
2685 3515 2799 3557 non
2852 3498 2906 3559 ia
2953 3496 3198 3576 syllaba,

622 3598 883 3666 deliniri,
943 3596 1099 3676 quod
1140 3616 1214 3658 ex
1251 3614 1319 3659 ea
1364 3595 1499 3675 plus
1542 3612 1715 3675 quam
1767 3597 2004 3675 triginta
2062 3597 2180 3660 duo
2223 3600 2384 3667 soni,
2443 3598 2558 3659 hoc
2601 3606 2690 3659 est
2737 3616 2914 3677 quam
2959 3602 3198 3677 triginta

621 3700 740 3761 duo
784 3700 1039 3769 nomina,
1086 3716 1205 3760 non
1248 3700 1479 3778 possint
1520 3696 1805 3761 exhiberi.

792 3802 945 3864 Sane
992 3800 1053 3861 in
1112 3800 1205 3863 his
1262 3818 1441 3880 supra
1494 3800 1732 3878 scriptis
1781 3800 1992 3861 formis
2046 3803 2282 3880 generis
2333 3804 2660 3863 communis
2719 3803 2832 3865 hoc
2871 3820 3200 3873 monemuS,

623 3903 809 3985 quod,
858 3906 909 3965 si
946 3902 1207 3965 eiusdem
1250 3903 1475 3967 formae
1514 3904 1756 3965 nomina
1803 3906 2040 3982 generis
2081 3904 2304 3968 scilicet
2349 3907 2676 3967 communis
2729 3923 2800 3966 ex
2841 3894 2958 3967 sua'
3001 3908 3200 3985 specie

545 4024 597 4067 ³5
626 4013 683 4067 et
726 4007 798 4067 ad
838 4023 1055 4084 genera
1100 4011 1309 4068 neutra
1362 4012 1692 4077 transeant,
1743 4006 1887 4068 haec
1939 4024 2059 4069 non
2103 4006 2428 4069 secundum
2485 4024 2673 4086 genus
2731 4014 3038 4077 neutrum,
3095 4008 3198 4069 sed

554 4179 565 4191 ·
622 4126 733 4187 pro
772 4106 1067 4171 locutione
1110 4110 1227 4170 sint
1268 4107 1640 4187 accipienda,
1702 4117 1770 4170 ut
1809 4116 1944 4187 puta
1993 4108 2388 4188 ‘mancipium
2445 4107 2722 4171 choraula
2738 4112 2778 4179 ’,
2837 4110 3040 4189 utique
3077 4128 3198 4169 non

624 4211 773 4272 ‘hoc
816 4208 1095 4273 choraula
1130 4210 1489 4289 mancipium
1504 4214 1545 4281 ’,
1604 4210 1709 4272 sed
1756 4211 1908 4273 ‘hoc
1951 4213 2310 4289 mancipium
2357 4210 2637 4272 choraula
2680 4214 2805 4271 est’
2863 4212 3052 4290 accipi
3095 4212 3198 4273 de·

622 4312 775 4383 beat,
818 4313 883 4374 id
928 4319 1020 4375 est
1059 4319 1127 4373 ut
1168 4314 1245 4375 sit
1287 4312 1399 4374 hoc
1443 4314 1802 4391 mancipium
1847 4314 2082 4390 generis
2123 4314 2320 4375 neutri
2359 4319 2418 4373 et
2455 4311 2734 4374 choraula
2777 4312 2934 4373 salvo
2979 4332 3201 4393 genere

624 4434 730 4477 suo
770 4432 931 4476 nunc
984 4413 1223 4477 locutio.
1308 4415 1393 4477 sic
1435 4422 1496 4476 et
1536 4422 1735 4477 cetera
1789 4413 1924 4477 talia
1979 4416 2243 4477 eiusdem
2297 4415 2522 4476 formae
2576 4417 2812 4493 generis
2867 4418 3200 4478 communis

545 4530 595 4575 ιο
624 4517 889 4588 nomina,
935 4518 987 4577 si
1030 4536 1102 4579 ex
1142 4534 1249 4579 sua
1290 4518 1487 4597 specie
1528 4516 1601 4579 ad
1646 4533 1866 4595 genera
1909 4526 2120 4579 neutra
2165 4524 2496 4587 transeant,
2555 4523 2690 4578 sunt
2739 4518 3195 4596 pronuntianda.

762 4762 795 4815 3
842 4764 1099 4831 octoginta
1130 4772 1325 4830 septem
1371 4765 1483 4815 soni
1530 4764 1629 4816 hoc
1667 4772 1746 4816 est
1781 4778 1932 4829 quam
1981 4766 2236 4831 octoginta
2279 4772 2474 4833 septem
2520 4764 2727 4813 nomina
2765 4765 2810 4815 R
2857 4780 3044 4817 xxxvn
3085 4766 3196 4817 soni

625 4832 721 4884 hoc
757 4840 833 4884 est
870 4849 1022 4899 quam
1055 4849 1217 4885 xxxvl
1256 4836 1462 4887 nomina
1494 4834 1543 4887 B
1680 4833 1749 4886 39
1784 4836 1858 4885 sic
1897 4844 1946 4885 et
1982 4844 2146 4885 cetera
2178 4834 2281 4885 alia
2315 4836 2366 4885 B
2400 4835 2474 4885 sic
2505 4843 2674 4885 cetera
2705 4834 2806 4884 alia
2841 4836 2882 4886 R
