3434 5442
1009 366 1150 428 ARS
1195 365 1678 428 GRAMMATICA
1727 366 1803 426 lll
1849 372 2033 432 2-—4
2693 371 2815 433 395

333 485 376 526 p.
408 473 623 514 aasz.
2374 485 2414 524 μ.
2447 474 2559 516 ιττο.
2589 473 2635 514 71
2668 473 2715 513 P.

235 570 349 614 uno
405 553 616 622 verbo,
685 561 748 613 ut
802 556 1222 614 ‘numerum
1279 569 1436 612 cum
1503 550 1817 612 navibus
1870 556 2194 630 aequet',
2242 554 2533 630 ‘arrige
2595 571 2817 614 aures

233 655 666 734 Pamphile’.
2087 665 2095 673 ·

397 754 780 818 pleonasmos
835 763 924 817 est
977 754 1224 816 adiectio
1280 753 1446 815 verbi
1499 756 1849 834 supervacui
1904 753 1977 814 ad
2032 753 2268 834 plenam
2312 755 2815 833 significationem,

236 865 298 918 ut
338 860 484 918 ‘sic
527 875 656 918 ore
699 855 956 918 locuta
1004 860 1146 917 est'
1191 875 1303 935 pro
1350 858 1470 917 ‘sic
1513 854 1706 916 locuta
1755 859 1899 916 est'.

397 957 786 1038 perissologia
831 965 922 1019 est
963 975 1322 1038 supervacua
1367 955 1684 1018 verborum
1743 957 1991 1018 adiectio
2036 959 2163 1018 sine
2210 955 2325 1018 ulla
2370 960 2425 1018 vi
2470 976 2667 1020 rerum
2692 1007 2705 1028 ,
2752 967 2819 1020 ut
2842 978 2868 1016 5
2970 1001 3003 1018 ,-

539 1060 548 1142 Ι
595 1059 762 1121 ibant
801 1079 916 1139 qua
961 1065 1262 1139 poterant,
1308 1077 1424 1138 qua
1467 1057 1588 1119 non
1632 1067 1909 1139 poterant
1954 1077 2072 1118 non
2114 1058 2298 1119 ibant.

400 1161 754 1240 Macrologia
798 1169 890 1221 est
931 1160 1109 1240 longa
1138 1162 1430 1221 sententia
1473 1178 1571 1221 res
1615 1179 1737 1221 non
1781 1161 2145 1221 necessarias
2188 1161 2677 1239 conprehendens
2693 1208 2707 1229 ‚
2754 1169 2819 1223 ut

237 1260 499 1340 ‘legati
543 1280 686 1323 non
727 1264 1134 1343 inpetrata
1159 1281 1339 1341 pace
1385 1268 1621 1334 retro,
1679 1262 1875 1323 unde
1918 1269 2305 1332 venerant,
2365 1262 2651 1323 domum
2699 1280 2817 1323 re-

235 1381 309 1423 ve
323 1366 427 1422 rsi
470 1383 499 1425 s
513 1383 552 1424 u
566 1383 604 1425 n
617 1369 697 1424 t'.

399 1464 742 1544 Tautologia
788 1472 877 1526 est
921 1465 1184 1526 eiusdem
1231 1466 1505 1527 dictionis
1550 1466 1823 1545 repetitio
1866 1465 2069 1526 vitiosa
2084 1513 2099 1536 ,
2146 1474 2210 1526 ut
2256 1472 2491 1543 egomet
2532 1467 2678 1546 ipse.
2720 1462 2747 1548 ΙΙ
2847 1483 2894 1524 ιο

401 1565 652 1646 Eclipsis
709 1575 797 1626 est
852 1567 1118 1628 defectus
1182 1567 1419 1647 quidam
1488 1567 1859 1628 necessariae
1928 1565 2201 1628 dictionis
2213 1613 2229 1636 ,
2298 1584 2473 1646 quam
2521 1567 2821 1628 desiderat

236 1669 498 1746 praecisa
540 1669 848 1740 sententia,
897 1676 962 1729 ut
1003 1670 1021 1700 ‘
1039 1669 1080 1732 h
1093 1688 1124 1729 a
1141 1687 1174 1728 e
1188 1686 1220 1728 c
1265 1689 1293 1729 s
1308 1689 1340 1729 e
1353 1687 1386 1729 c
1399 1689 1438 1730 u
1451 1688 1509 1729 m
1525 1671 1546 1700 '
1565 1690 1579 1728 ε
1627 1669 1795 1729 deest
1835 1667 1995 1728 enim
2037 1666 2408 1746 loquebatur.

402 1768 712 1848 Tapinosis
757 1777 848 1830 est
889 1769 1187 1831 humilitas
1217 1773 1319 1830 'rei
1363 1788 1610 1849 magnae
1655 1788 1774 1830 non
1818 1769 1877 1828 id
1924 1774 2135 1846 agente
2178 1770 2496 1856 sententis,
2546 1779 2610 1830 ut

1223 1933 1230 1938 .
1629 1873 2083 1949 penitusque
2127 1887 2491 1931 cavernas

535 1973 885 2050 ingentes
929 1978 1373 2052 uterumque
1417 1980 1700 2034 armato
1745 1971 1983 2033 milite
2028 1969 2404 2051 complent
2849 1990 2896 2030 15

239 2079 296 2132 et
336 2072 764 2134 ‘Dulichias
807 2091 1122 2134 vexasse
1167 2077 1407 2134 rates'
1455 2080 1515 2134 et

536 2173 846 2236 Pelidae
890 2175 1348 2235 stomachum
1394 2175 1663 2235 cedere
1709 2174 1965 2234 nescii.

404 2275 872 2354 Cacosyntheton
917 2287 1007 2336 est
1050 2277 1253 2337 vitiosa
1298 2277 1628 2356 conpositio
1673 2275 2017 2347 dictionum,
2048 2285 2115 2337 ut
2143 2277 2162 2306 ‘
2178 2295 2257 2337 ve
2272 2295 2343 2338 rs
2356 2296 2386 2338 a
2404 2296 2441 2357 q
2456 2295 2493 2336 u
2510 2295 2543 2336 e
2573 2279 2645 2336 iu
2659 2297 2691 2336 v
2705 2295 2736 2337 e
2752 2297 2817 2336 n·
2854 2309 2865 2318 ·

236 2394 395 2436 cum
440 2377 684 2454 Terga
731 2377 1141 2456 fatigamus
1183 2378 1460 2440 hasta’.

358 2511 364 2518 ·
399 2477 772 2558 Amphibolia
829 2485 920 2538 est
977 2478 1327 2556 ambiguitas
1387 2480 1690 2549 dictioniS,
1738 2483 1889 2559 quae
1931 2480 1999 2542 fit
2038 2487 2141 2540 aut
2184 2497 2293 2560 per
2338 2497 2537 2540 casum
2583 2498 2819 2540 accusa·
2849 2499 2899 2539 πο
2988 2507 3015 2525 ⁴

233 2580 442 2649 tivum,
500 2585 568 2640 ut
619 2581 804 2660 siquis
866 2579 1023 2642 dicat
1067 2565 1294 2643 '‘audio
1350 2590 1686 2643 secutorem
1740 2583 2045 2643 retiarium
2104 2583 2487 2662 superasse';
2554 2588 2656 2642 aut
2714 2599 2823 2660 per

231 2699 550 2742 commune
603 2681 880 2754 verbum,
937 2690 1003 2743 ut
1054 2684 1236 2763 siquis
1291 2683 1444 2744 dicat
1501 2687 1521 2718 ‘
1541 2683 1888 2744 criminatur
1944 2684 2087 2745 Cato
2101 2686 2143 2755 ⁹,
2204 2683 2485 2744 ‘vadatur
2529 2681 2755 2744 Tullius
2779 2685 2819 2752 ',

232 2801 342 2842 nec
386 2783 566 2844 addat
607 2801 784 2863 quem
813 2783 903 2844 vel
949 2802 980 2844 a
1013 2802 1161 2864 quo;
1207 2794 1310 2846 aut
1349 2803 1460 2865 per
1490 2784 1962 2856 distinctionem,
2008 2792 2076 2846 ut
2118 2785 2269 2846 ‘vidi
2300 2791 2549 2846 statuam
2582 2801 2822 2844 auream

230 2883 460 2945 hastam
517 2889 874 2946 tenentem'.
961 2886 1027 2946 fit
1081 2875 1140 2947 et
1192 2904 1302 2965 per
1364 2886 1753 2968 homonyma,
1810 2892 1876 2947 ut
1930 2887 2110 2966 siquis
2170 2888 2356 2946 aciem
2402 2885 2558 2946 dicat
2600 2891 2659 2944 et
2702 2903 2821 2944 non

233 2985 411 3046 addat
455 2984 762 3048 oculorum
809 2994 910 3047 aut
954 2989 1248 3048 exercitus
1277 2994 1379 3048 aut
1420 2986 1585 3048 ferri.
1645 2988 1711 3047 fit
1752 2994 2063 3067 praeterea
2106 2986 2377 3068 pluribus
2420 2985 2627 3056 modis
2675 3003 2823 3065 quos
2848 3007 2899 3048 25

230 3105 590 3166 percensere
635 3105 872 3159 omnes,
919 3105 995 3148 ne
1040 3090 1216 3149 nimis
1258 3088 1500 3167 longum
1544 3090 1650 3160 sit,
1698 3106 1820 3149 non
1866 3095 2117 3167 oportet.

1187 3306 1286 3368 DE
1329 3307 1676 3370 METAPLA
1684 3307 1854 3369 SMO.

399 3459 818 3540 Metaplasmus
883 3467 973 3522 est
1027 3458 1468 3522 transformatio
1524 3461 1815 3541 quaedam
1875 3461 2024 3520 recti
2079 3459 2371 3540 solutique
2426 3453 2719 3520 sermonis
2762 3462 2823 3520 in

233 3561 478 3622 alteram
524 3563 784 3641 speciem
829 3562 1006 3622 metri
1047 3568 1362 3623 ornatusve
1407 3581 1601 3624 causa.
1663 3562 1837 3624 huius
1879 3562 2109 3642 species
2152 3569 2290 3622 sunt
2332 3561 2822 3642 quattuordecim,

231 3663 561 3742 prosthesis
620 3659 959 3741 epenthesis
1003 3669 1300 3742 paragoge
1358 3664 1699 3744 aphaeresis
1743 3682 2001 3744 syncope
2046 3681 2310 3751 apocope
2354 3665 2567 3726 ectasis
2609 3661 2825 3742 systole
2850 3685 2901 3726 30
3008 3707 3033 3728 .

233 3762 514 3826 diaeresis
559 3762 965 3844 episynaliphe
1008 3764 1313 3844 synaliphe
1359 3765 1661 3860 ecthlipsis
1705 3765 2012 3827 antithesis
2053 3765 2414 3827 metathesis,

371 4021 396 4070 l
449 4015 736 4085 numerum]
788 4019 949 4082 Ver9.
993 4017 1124 4073 Aen.
1163 4019 1186 4067 1
1228 4017 1327 4070 193
1469 4027 1650 4081 aequet
1689 4019 1791 4068 LP
1837 4027 2021 4082 aequat
2059 4019 2121 4069 Sl
2256 4016 2447 4087 arrige]
2498 4017 2615 4070 Ter.
2654 4019 2823 4071 Andr.

230 4089 274 4136 V
305 4092 358 4146 4,
395 4087 467 4138 30
605 4091 640 4138 4
683 4086 779 4154 sic]
823 4089 982 4153 Vera.
1022 4087 1152 4141 Aen.
1194 4091 1214 4138 Ι
1249 4089 1354 4140 614
1464 4088 1526 4138 ·6
1563 4086 1726 4154 ibant]
1767 4088 1837 4148 cf.
1880 4088 2079 4141 Charis.
2119 4104 2175 4151 p.
2217 4090 2320 4139 242
2458 4089 2493 4140 8
2530 4085 2705 4154 legati]
2753 4089 2825 4150 cf.

231 4159 428 4210 Charis.
472 4160 506 4207 t.
543 4172 591 4206 c.
735 4165 872 4207 retro
908 4173 999 4210 om.
1046 4159 1110 4218 P,
1146 4158 1268 4210 add.
1303 4173 1340 4220 p
1501 4157 1562 4209 10
1597 4157 1835 4207 dictionis
1876 4159 1949 4206 Ls
1985 4158 2108 4207 dicti
2146 4157 2237 4207 SP
2388 4159 2451 4211 11
2492 4157 2745 4207 desideret
2778 4157 2831 4205 P

337 4229 402 4278 12
439 4226 566 4276 haec
598 4225 794 4294 secum]
847 4227 1004 4293 Verq.
1047 4227 1176 4277 Aen.
1220 4228 1240 4276 1
1279 4227 1345 4279 37
1457 4226 1520 4278 13
1557 4227 1749 4277 non·id
1782 4235 1965 4292 agente
2002 4227 2253 4276 sententis
2290 4228 2425 4290 quod
2462 4227 2828 4281 demonstrats'

335 4298 394 4347 14
427 4295 777 4363 penitusque}
810 4298 970 4361 Ver-9.
1014 4297 1142 4349 Aen.
1187 4296 1231 4345 Il
1267 4297 1332 4349 19
1438 4297 1505 4348 15
1545 4306 1757 4360 uterque
1793 4298 1843 4349 L
1873 4304 2145 4360 utrumque
2174 4298 2225 4346 l·.·
2263 4305 2563 4360 uterumque
2591 4323 2660 4332 —
2691 4303 2827 4346 rates

233 4373 278 4415 et
312 4381 405 4420 om.
445 4367 504 4427 S,
543 4367 666 4417 udd-
708 4381 768 4417 a:
811 4369 1110 4430 uterumque
1143 4391 1214 4400 —
1243 4367 1401 4416 nescii
1438 4371 1488 4418 in
1518 4383 1680 4434 mary.
1721 4367 1845 4419 add.
1885 4367 1938 4415 P
2034 4367 2285 4430 complent
2331 4366 2385 4414 id
2420 4375 2499 4414 est
2532 4366 2719 4417 multae
2752 4366 2822 4414 le-

232 4436 412 4500 giones
447 4443 760 4486 armatorum
795 4435 1137 4502 impleuerant
1172 4451 1416 4486 cauernas
1453 4438 1526 4488 Pa
1665 4439 1732 4490 16
1786 4433 2071 4500 Dulichias]
2133 4437 2288 4500 Ver-9.
2330 4435 2493 4487 bucol.
2531 4435 2583 4498 6,
2621 4435 2689 4486 76

235 4507 296 4555 17
331 4504 563 4572 Pelidae]
604 4507 738 4559 Hor.
780 4521 940 4557 carm·
983 4509 1004 4556 1
1039 4505 1090 4567 6,
1125 4505 1161 4556 6
1304 4505 1368 4557 18
1408 4505 1678 4574 versaque]
1726 4509 1885 4572 Vera.
1925 4507 2055 4559 Aen.
2092 4505 2232 4555 VIIlI
2266 4503 2371 4556 610
2512 4505 2581 4556 20
2612 4503 2825 4571 Amphj-

233 4575 434 4642 bologis
471 4577 522 4625 L
662 4578 732 4628 25
779 4576 1040 4626 oculorum
1086 4575 1338 4625 exercitus
1386 4575 1508 4625 ferri
1544 4577 1592 4625 L
1734 4576 1968 4642 pluribus
2012 4575 2137 4625 LPs
2180 4574 2415 4640 plurimis
2450 4576 2496 4625 S
2633 4572 2699 4624 26
2746 4589 2825 4623 re-

235 4659 438 4695 censere
470 4647 514 4697 S
651 4643 720 4696 27
773 4661 840 4694 ns
873 4660 1224 4696 mannasms
1258 4646 1309 4694 P
1322 4661 1342 4695 .·
1379 4644 1537 4698 Diom.
1567 4663 1626 4712 p.
1661 4646 1797 4706 435,
1830 4646 1902 4708 ef.
1944 4645 2176 4697 Gom-ene.
2216 4661 2269 4708 p.
2308 4644 2342 4695 5
2368 4661 2481 4710 sqq.
2519 4645 2601 4698 ed.
2636 4645 2820 4696 Buttm.

388 4714 458 4766 29
499 4717 648 4766 metri
687 4723 896 4767 ornatus
933 4716 1322 4766 necessitatisue
1352 4729 1506 4765 causa
1543 4717 1647 4766 LP
1816 4714 1885 4765 30
1918 4714 2177 4780 prothesis
2207 4714 2300 4764 ‚LS
2471 4713 2535 4765 31
2577 4713 2826 4764 diheresis

235 4785 370 4837 LSP
504 4784 866 4851 episynaliphe
902 4787 951 4836 L
991 4785 1284 4851 synheresis
1319 4824 1514 4839 .....
1545 4787 1605 4834 -P
1647 4785 1891 4835 sinen-esis
1932 4801 1995 4834 s:
2042 4787 2095 4836 in
2140 4785 2184 4836 S
2228 4783 2350 4850 quid
2391 4785 2503 4834 olim
2534 4784 2697 4848 suerit
2730 4799 2825 4834 non

237 4855 450 4918 adparet
591 4855 855 4921 ecliptosis
891 4870 1028 4910 corr.
1067 4856 1276 4922 eclipsis
1311 4855 1362 4904 L
1387 4855 1595 4922 eclipsis
1629 4857 1672 4906 S
1705 4851 1921 4920 e.lypsis
1946 4853 1996 4902 P

3068 3681 3099 3698 ὤ
