3434 5442
949 360 1363 424 EXPLANAT.
1412 359 1487 422 IN
1531 359 1891 424 DONATVM
1934 359 2077 422 LlB.
2115 359 2166 422 11
2708 363 2832 429 553

2382 469 2479 510 ner
2507 468 2602 510 eod.
2623 467 2726 510 Lu.

264 556 325 609 et
368 547 637 630 [neutra]
684 547 839 611 dicta
894 557 1097 612 neutra
1114 596 1129 618 ,
1184 567 1301 630 quo
1360 547 1533 610 modo
1586 555 1860 610 nentrum
1917 548 1977 609 in
2032 546 2370 611 nominibus
2413 566 2522 610 nec
2563 546 2833 611 maseuli-

262 669 407 712 num
452 660 543 714 est
586 669 699 713 nec
740 651 1109 712 femininum.

432 753 629 816 Prima
684 760 775 814 est
825 752 1141 815 verborum
1195 754 1409 833 positio
1465 769 1756 833 personae
1809 753 2034 832 primae
2089 769 2378 832 congrua,
2425 771 2458 814 a
2503 771 2614 832 qua
2659 753 2832 815 decli·

264 855 521 918 nationis
576 855 931 936 principium
998 856 1279 926 sumitur,
1347 862 1411 917 ut
1464 853 1595 933 lego
1652 853 1850 916 scribo
1907 854 2038 916 dico
2097 853 2308 935 loquor
2362 853 2557 918 luctor
2609 856 2834 935 gaudeo

262 956 517 1020 osculor.
2861 973 2888 1014 5

436 1061 697 1123 Dicimus
746 1061 891 1121 flare
944 1077 1057 1138 pro
1112 1059 1239 1121 fieri
1252 1107 1269 1131 ,
1323 1057 1483 1120 velut
1548 1058 1834 1122 isocrates
1899 1059 1920 1090 ‘
1939 1057 2070 1120 talis
2133 1059 2278 1121 fiare
2340 1061 2496 1122 circa
2561 1069 2838 1141 parentes

262 1171 431 1240 tuos,
486 1161 689 1244 quales
739 1162 1031 1241 optaveris
1084 1161 1237 1223 circa
1294 1169 1355 1222 te
1409 1179 1539 1224 esse
1593 1159 1746 1222 filios
1797 1167 1984 1234 tuos'‚
2031 1161 2301 1225 Lucanus
2341 1164 2404 1224 in
2448 1163 2554 1224 1111
2597 1169 2836 1226 ‘certe

264 1271 345 1325 ut
384 1265 689 1326 vincare
732 1269 1005 1343 potes’.

438 1367 589 1428 Fero
642 1365 788 1427 facit
840 1367 1225 1445 praeteritum
1278 1363 1415 1436 tuli,
1474 1364 1587 1426 edo
1630 1364 1772 1427 facit
1811 1367 2198 1445 praeteritum
2243 1367 2354 1428 edi.
2441 1367 2626 1449 liquet
2667 1385 2836 1446 prae-

264 1471 509 1531 teritum
553 1477 783 1546 tempus
828 1485 945 1530 non
990 1466 1196 1536 habet:
1240 1475 1411 1548 paret
1451 1485 1571 1528 non
1615 1467 1812 1529 habet.
2866 1479 2916 1521 ιο

438 1570 629 1632 Verba
674 1588 823 1650 quae
868 1571 1185 1649 genitivum
1218 1588 1417 1631 casum
1448 1577 1760 1641 secuntur,
1807 1571 2051 1632 memini
2095 1571 2198 1640 tui,
2245 1569 2556 1633 obliviscor
2599 1570 2836 1641 doloris,

267 1672 558 1735 misereor
616 1672 885 1742 infantis,
946 1690 1173 1734 memor
1228 1689 1357 1734 sum
1401 1673 1742 1754 aequitatis,
1786 1673 2082 1734 inmemor
2127 1673 2296 1742 iuris,
2339 1673 2596 1734 inmunis
2639 1672 2840 1736 conla-

268 1777 476 1844 tionis,
522 1774 850 1836 admoneor
892 1773 1191 1844 beneficii,
1248 1777 1491 1854 ignarus
1534 1793 1663 1836 sum
1708 1774 1883 1853 legis,
1931 1791 2145 1854 expers
2185 1773 2432 1844 laboris,
2477 1775 2704 1854 peritus
2745 1792 2840 1835 re-

266 1895 435 1948 rnm,
493 1876 756 1957 prudens
808 1877 980 1946 artis,
1033 1876 1359 1956 inprudens
1412 1894 1654 1948 causae,
1711 1884 1923 1958 potens
1964 1877 2220 1946 virtutis,
2265 1893 2510 1938 securus
2553 1893 2840 1947 amorum,

270 1977 592 2059 neglegens
654 1978 825 2049 facti,
892 1977 1141 2058 diligens
1210 1977 1546 2058 aequitatis,
1604 1997 1789 2058 capax
1851 1978 2164 2058 pecuniae,
2238 1976 2554 2059 providens
2622 1977 2837 2059 operis,
2869 1990 2917 2032 ιε

268 2080 486 2144 dubius
540 2081 761 2161 coepti,
817 2081 988 2159 piger
1025 2085 1298 2151 eventuS‚
1356 2078 1621 2142 aemulus
1663 2081 1836 2152 artis,
1895 2080 2083 2143 audax
2127 2081 2350 2161 coepti,
2393 2080 2690 2142 studiosus
2733 2080 2838 2147 rei.

268 2184 547 2246 conscius
598 2181 803 2262 culpae
818 2228 835 2253 ‚
892 2188 1089 2244 certus
1139 2183 1419 2253 iustitiae,
1474 2184 1740 2244 incertus
1792 2181 2085 2245 bonorum
2099 2230 2114 2255 ,
2179 2183 2442 2244 incertus
2504 2183 2842 2253 testimonii,

269 2285 609 2347 fastidiosus
652 2301 977 2364 pauperum
994 2331 1011 2354 ,
1056 2280 1373 2346 obliviosus
1402 2302 1673 2355 suorum,
1721 2284 1887 2346 ferax
1917 2284 2337 2356 contumellae,
2383 2284 2550 2346 ferox
2593 2283 2842 2364 vigiliae,

268 2386 557 2448 recordor
610 2386 1048 2468 promissionis,
1104 2387 1457 2448 reminiscor
1516 2385 1687 2456 facti,
1755 2385 1960 2448 avidus
2027 2385 2246 2458 laudis,
2322 2385 2529 2448 similis
2594 2386 2842 2457 formae,

270 2489 519 2569 cupidus
560 2487 773 2570 prolis,
819 2487 1057 2549 timidus
1098 2485 1367 2576 periculi,
1438 2487 1607 2550 decet
1650 2487 1834 2568 pudet
1875 2498 1936 2551 et
1974 2490 2237 2570 poenitet
2278 2488 2550 2570 quotiens
2589 2490 2656 2550 in
2699 2486 2843 2550 alte·
2868 2499 2922 2542 ²⁰

268 2610 397 2654 ram
454 2599 765 2654 transeunt
812 2607 1161 2670 personam,
1229 2591 1547 2669 genitivum
1602 2590 1715 2652 sibi
1769 2591 2069 2653 vindicant
2121 2609 2350 2662 casum,
2417 2599 2483 2653 nt
2534 2592 2697 2670 piget
2747 2609 2844 2653 me

266 2695 387 2764 tui,
432 2693 592 2772 piget
632 2711 731 2756 me
774 2691 1265 2763 adversariorum,
1312 2692 1483 2754 decet
1522 2711 1619 2755 me
1662 2693 1977 2757 honorum.
2046 2693 2237 2755 dativo
2281 2694 2652 2755 conveniunt·
2679 2694 2844 2764 haec,

270 2796 624 2875 supervenio
664 2793 1086 2865 tractantibus,
1131 2793 1417 2856 maledico
1460 2797 1744 2866 inimicis,
1801 2795 2012 2858 adnato
2055 2795 2328 2876 scopulo,
2375 2794 2618 2858 adlabor
2661 2797 2843 2877 ripae,

270 2897 487 2960 studeo
528 2894 905 2967 liberalibus,
950 2895 1223 2957 obluctor
1264 2895 1541 2959 harenae.
1628 2895 1880 2960 ablativo
1923 2899 2280 2959 conveniunt
2321 2897 2484 2968 haec,
2531 2897 2699 2958 fruor
2741 2917 2844 2978 pa·

270 2999 569 3070 rentibus,
628 3016 805 3061 careo
860 2997 1247 3081 paedagogis,
1302 2997 1569 3059 abstineo
1624 2996 1800 3070 cibis,
1847 2999 2060 3077 dignor
2100 2999 2358 3071 honore,
2417 2998 2606 3061 laetor
2645 3017 2844 3081 pomo,
2869 3011 2922 3052 2⁷>

272 3120 421 3181 egeo
462 3103 740 3182 pecunia,
786 3099 973 3163 laetor
1016 3101 1379 3170 innocentia,
1426 3099 1649 3180 glorior
1690 3102 1958 3180 ingenio,
2005 3107 2140 3162 utor
2182 3108 2504 3181 praetexta,
2549 3101 2678 3163 alor
2722 3101 2845 3164 sru-

270 3204 473 3285 gibus,
550 3205 749 3285 privor
822 3211 1087 3281 sumptu,
1161 3201 1449 3264 erubesco
1522 3203 1800 3274 crimine,
1875 3201 2079 3264 laboro
2151 3203 2531 3276 verecundia,
2607 3203 2847 3265 adficior

270 3306 560 3377 discessu,
621 3304 841 3368 excedo
895 3305 1167 3383 regione,
1225 3322 1373 3384 egeo
1416 3303 1657 3376 auxilio,
1712 3304 1860 3366 cedo
1903 3303 2120 3384 gloria,
2165 3303 2374 3386 plenus
2416 3307 2690 3376 scientim
2733 3305 2847 3367 Te-

271 3410 501 3471 rentius
545 3425 683 3470 vero
726 3407 875 3470 dixit

580 3509 851 3592 plenus
896 3509 1245 3570 rimarum
1290 3527 1471 3580 sum,
1527 3508 1663 3570 hac
1707 3516 1925 3589 etque
1968 3507 2152 3572 illac
2193 3509 2505 3589 perfluo.
2871 3519 2924 3562 8⁰

272 3621 413 3676 sunt
464 3611 577 3674 alia
634 3629 785 3694 quae
840 3627 973 3672 cum
1018 3613 1455 3690 praepositione
1498 3609 1814 3673 ablativum
1859 3629 2060 3674 casum
2105 3622 2412 3684 secuntur,
2457 3620 2526 3674 ut
2566 3612 2849 3674 oriundus

274 3735 347 3778 ex
390 3715 617 3786 Africa,
676 3714 1029 3794 longinquus
1088 3712 1161 3774 ab
1217 3713 1462 3782 Achaia,
1520 3711 1787 3775 diversus
1825 3705 1874 3774 ⁸a
1917 3714 2137 3786 Ponto,
2193 3714 2488 3777 abhorreo
2533 3713 2608 3776 ab
2651 3713 2846 3784 stulto.

274 3816 513 3880 discedo
557 3815 631 3878 ab
672 3814 955 3896 inprobo,
1012 3814 1297 3895 discrepo·
1331 3813 1405 3876 ab
1448 3815 1687 3895 ignavo,
1747 3815 1952 3879 absum
1999 3836 2030 3878 a
2075 3816 2404 3897 petulante,
2451 3816 2728 3878 dissentio
2773 3815 2847 3878 ab

270 3921 499 3999 iniquo.
568 3916 838 3980 similiter
882 3916 1129 3979 dicimus
1172 3916 1469 3978 secundus
1510 3916 1585 3980 ab
1629 3916 1910 3990 Hercule,
1955 3921 2166 3980 tertius
2209 3939 2242 3981 a
2287 3919 2562 3988 Caesare,
2609 3925 2851 4000 quartus

274 4041 307 4084 a
352 4022 571 4083 Perseo
615 4027 677 4082 et
716 4020 995 4100 deinceps
1028 4036 1147 4106 ⁷per
1190 4037 1397 4081 omnes
1440 4036 1737 4081 numeros.
2873 4029 2924 4071 δι’»

413 4243 447 4294 3
482 4257 741 4324 congruae
774 4257 805 4292 a
840 4255 941 4305 qua
971 4240 1020 4290 L
1158 4241 1193 4293 6
1215 4255 1309 4324 pro
1346 4240 1455 4291 fieri
1493 4240 1589 4306 (ἢ
1624 4241 1747 4294 aad.
1777 4241 1820 4300 l)
1854 4249 2076 4292 socrates
2107 4243 2190 4293 L.-
2217 4243 2288 4306 ef.
2317 4241 2535 4294 Isoerae.
2573 4245 2624 4294 ὀι
2645 4243 2848 4296 Demea.

274 4317 307 4379 ς
348 4313 413 4364 14
446 4327 703 4370 rotovtoe
747 4308 809 4375 γε’
844 4325 951 4361 νου
982 4307 1115 4374 περὶ
1148 4325 1283 4368 τους
1315 4312 1529 4376 γονεῖς,
1578 4307 1740 4370 οἴους
1791 4301 1869 4362 ἄν
1903 4301 2098 4375 εὔξαιο
2132 4307 2266 4375 περὶ
2299 4303 2543 4364 σεαυτὸν
2573 4305 2850 4376 γενέσθαι

274 4376 409 4441 τοὺς
444 4371 654 4433 ἑαυτοῦ
687 4381 801 4431 παῖ
836 4394 923 4438 ας.
954 4380 1021 4430 de
1046 4382 1305 4444 permixta
1340 4385 1683 4446 coniugatione
1708 4379 1854 4432 verbi
1877 4379 1958 4445 flo,
1993 4389 2047 4431 ut
2081 4389 2157 4432 est
2189 4381 2335 4445 apud
2351 4382 2578 4433 Servium
2609 4382 2661 4431 in
2687 4381 2848 4446 Vero.

276 4453 405 4503 Aen.
446 4451 516 4500 111
560 4449 655 4510 56,
703 4449 796 4499 hoc
828 4449 1028 4500 videtur
1056 4457 1379 4515 praecepium
1408 4452 1597 4514 finisse,
1643 4458 1694 4501 et
1724 4450 1962 4518 infinitivo
1997 4450 2104 4500 fleri
2133 4465 2233 4514 pro
2267 4449 2390 4500 flere
2425 4451 2530 4501 dim·
2565 4458 2616 4500 et
2647 4452 2699 4500 in
2735 4453 2853 4501 aliie

274 4523 431 4573 mod&
456 4527 619 4570 tannen
648 4520 905 4583 nauteam
942 4521 1319 4572 dalmaticum
1352 4522 1405 4570 in
1434 4537 1529 4572 usu
1558 4535 1669 4572 esee
1842 4521 1874 4571 7
1913 4520 2145 4570 Lucanus
2180 4522 2234 4571 in
2270 4518 2382 4588 llll]
2423 4537 2470 4573 v.
2511 4519 2614 4572 214
2784 4519 2846 4572 11

275 4587 469 4660 Verba]
508 4591 671 4644 Diona.
692 4603 747 4653 ρ.
774 4587 881 4640 290
1017 4589 1083 4641 12
1106 4590 1343 4642 miserior
1382 4590 1433 4640 L
1574 4591 1639 4641 12
1674 4591 1910 4656 ignarum
1943 4590 2072 4656 legis
2115 4589 2160 4639 L
2300 4589 2366 4640 15
2403 4591 2636 4656 dilegens
2664 4591 2710 4640 L

276 4663 347 4715 23
374 4660 605 4711 adlabori
635 4665 785 4725 pastu
817 4659 915 4710 deo
945 4658 1241 4710 liberalibus
1276 4660 1505 4712 obluctor
1541 4663 1591 4712 L
1731 4661 1800 4710 25
1833 4660 2106 4727 padagotis
2144 4661 2194 4710 L
2227 4661 2388 4726 paeda
2431 4660 2528 4709 otis
2563 4662 2582 4709 l
2694 4673 2848 4726 pomo

276 4735 296 4782 l
330 4745 482 4799 poma
508 4729 558 4779 L
696 4729 764 4779 27
804 4735 969 4779 sumto
1004 4744 1142 4783 corr.
1176 4737 1347 4780 sumtu
1379 4731 1429 4781 L
1565 4731 1632 4781 28
1667 4727 1954 4798 Terentius]
1993 4734 2219 4781 retentus
2255 4729 2338 4780 L.-
2423 4737 2581 4784 enne.
2620 4729 2845 4786 Eumoeb.

278 4803 301 4853 1
336 4804 389 4867 2,
416 4801 485 4852 25
620 4797 693 4850 30
724 4799 921 4866 perfluo
950 4801 970 4848 l
1004 4799 1197 4866 perflue
1236 4799 1286 4849 L
1424 4799 1493 4853 32
1530 4799 1834 4866 lonquineus
1866 4800 1915 4849 L
2054 4815 2084 4850 a
2116 4800 2279 4865 pontu
2317 4799 2476 4865 (corr.
2515 4800 2612 4860 -to)
2645 4798 2852 4850 hori-eor

277 4871 328 4922 L
427 4869 495 4923 33
530 4867 713 4920 adsum
745 4869 796 4918 L
902 4868 969 4921 35
1006 4872 1190 4921 Perseo
1224 4870 1487 4923 Diomedes
1516 4885 1573 4934 p.
1611 4869 1717 4922 295
1751 4871 1920 4938 persio
1959 4873 2006 4921 L
2111 4878 2162 4921 et
2194 4868 2436 4937 deinceps
2464 4871 2485 4920 l
2517 4876 2568 4919 et
2599 4869 2774 4938 inceps
2803 4871 2850 4920 L
