3434 5442
690 314 803 377 144
1855 316 2079 379 PROBl
2134 407 2141 414 .

780 442 825 484 p.
852 430 941 471 209.
964 430 1017 471 7⁰
1046 430 1097 471 R.
1619 481 1629 491 ἱ
2817 446 2860 486 p.
2888 432 3062 477 aes-47
3087 433 3141 479 V.

849 501 932 564 De
964 499 1199 564 causali.
1261 501 1507 563 causalis
1548 504 1763 581 speciei
1805 506 2250 567 coniunctiones
2293 514 2432 567 sunt
2469 520 2718 567 numero
2747 506 2950 583 viginti
2977 514 3232 583 quattuor

678 602 808 673 hae,
856 604 906 663 si
945 602 1211 681 simplex,
1256 605 1365 665 etsi
1398 605 1738 683 composita,
1787 607 1962 667 etiam
1995 606 2336 685 composita,
2384 607 2610 667 etiamsi
2639 608 2978 684 composita,
3017 610 3234 669 tametsi

678 707 1018 783 composita,
1067 706 1311 767 sitamen
1343 708 1685 785 composita,
1733 707 2020 785 siquidem
2053 710 2394 786 composita,
2427 707 2664 787 quando
2692 706 2956 786 simplex,
2989 710 3234 787 quando-

678 806 913 886 quidem
956 809 1296 886 oomposita,
1342 815 1631 888 quatenus
1670 810 2009 888 composita,
2057 811 2198 889 quin
2235 809 2499 887 simplex,
2545 810 2866 889 quinetiam
2907 814 3230 888 composita,

625 935 651 975 s
676 912 767 970 sin
797 906 823 992 ΙΙ
852 908 1127 988 simplex,
1186 890 1473 971 sinautem
1530 914 1880 991 composita,
1937 913 2205 974 sinetiam
2249 912 2598 989 composita,
2651 929 2758 973 seu
2797 910 3076 990 simplex,
3127 914 3234 973 sive

676 1012 1030 1091 composita,
1082 1030 1221 1073 nam
1264 1012 1543 1090 simplex,
1597 1032 1851 1093 namque
1899 1016 2250 1094 composita,
2309 1015 2369 1073 ni
2413 1012 2692 1093 simplex,
2751 1015 2864 1073 nisi
2909 1017 3234 1094 composita,

676 1113 839 1173 nisisi
879 1115 1219 1192 composita,
1265 1115 1369 1175 sed
1412 1114 1677 1194 simplex,
1725 1122 2032 1195 praeterea
2079 1116 2420 1195 composita.

843 1215 926 1277 De
970 1216 1261 1277 rationali.
1332 1216 1635 1279 rationalis
1678 1219 1895 1296 speciei
1939 1218 2384 1279 coniunctiones
2425 1224 2560 1279 sunt
2603 1234 2852 1280 numero
2896 1219 3100 1294 viginti
3125 1225 3233 1277 tres

674 1316 813 1385 hae.
852 1317 1241 1396 quamobrem
1294 1321 1644 1398 composita,
1691 1322 2036 1399 praesertim
2083 1320 2433 1398 composita,
2483 1319 2620 1379 item
2663 1318 2940 1397 simplex,
2987 1321 3232 1399 itemque

598 1441 647 1485 ιο
676 1420 1015 1497 composita,
1064 1421 1139 1480 ita
1178 1403 1445 1499 simplex,
1488 1422 1687 1501 itaque
1733 1424 2074 1502 composita,
2121 1423 2258 1501 quia
2302 1422 2642 1500 composita,
2687 1424 2964 1498 quoniam
3013 1438 3234 1499 compo-

672 1522 815 1591 sita,
858 1522 1373 1601 quoniamquidem
1414 1526 1768 1602 composita,
1812 1531 2176 1605 quapropter
2215 1524 2570 1602 composita,
2613 1540 2968 1601 quamquam
3011 1540 3232 1600 compo-

674 1623 799 1693 sita,
846 1624 1064 1702 quippe
1108 1622 1386 1703 simplex,
1432 1626 1631 1704 atquin
1680 1628 2002 1706 composita
2021 1674 2036 1695 ,
2079 1625 2338 1705 alioquin
2383 1626 2734 1705 composita,
2783 1624 2939 1685 enim
2979 1624 3232 1703 simplex,

673 1726 893 1787 etenim
924 1726 1263 1804 composita,
1310 1729 1609 1789 enimvero
1648 1731 1992 1809 composita,
2041 1746 2183 1807 ergo
2213 1726 2480 1807 simplex,
2527 1726 2658 1787 ideo
2687 1727 3030 1806 composita,
3074 1725 3234 1803 igitur

674 1828 1014 1905 composita,
1054 1826 1285 1895 ‚scilicet
1327 1830 1666 1908 composita,
1712 1838 1974 1891 ceterum
2016 1828 2283 1909 simplex,
2329 1836 2642 1907 propterea
2688 1829 3034 1907 composita.
3107 1846 3236 1889 sane

596 1950 646 1993 ιι
674 1928 787 1989 hoo
830 1948 1157 1998 monemus,
1194 1931 1351 2009 quod
1394 1931 1506 1992 hae
1549 1940 1671 1993 tres
1718 1933 2193 1999 coniunctiones,
2240 1930 2298 1992 id
2341 1938 2428 1991 est
2463 1931 2620 1991 enim
2669 1931 2884 1991 etenim
2927 1932 3234 1995 enimvero.

672 2038 731 2091 et
758 2031 1007 2093 causalis
1044 2033 1261 2111 speciei
1304 2035 1597 2097 retineant
1640 2041 2006 2113 potestatem.
2077 2032 2178 2094 sed
2225 2052 2340 2112 qua
2372 2032 2446 2093 de
2475 2051 2650 2094 causa
2689 2032 2802 2094 hae
2841 2050 3026 2111 supra
3061 2032 3235 2093 dictae

670 2141 793 2195 tres
836 2135 1277 2197 coniunctiones
1320 2144 1379 2197 et
1423 2135 1740 2209 causalium
1785 2135 2040 2197 habeant
2081 2142 2462 2215 potestatem,
2507 2134 2623 2196 hoe
2665 2136 2726 2195 in
2765 2134 2928 2193 sonis
2969 2132 3237 2195 uastabi-

670 2252 821 2301 muS.
910 2238 1049 2297 item
1094 2244 1261 2306 sunt,
1314 2240 1414 2316 qui
1459 2238 1707 2315 figurate
1763 2237 2016 2315 legerint
2057 2239 2184 2299 sine
2229 2244 2286 2299 et
2335 2244 2544 2317 putent
2596 2237 3078 2297 coniunctionem
3117 2253 3236 2296 esse

666 2338 1030 2402 rationalem.
1120 2357 1301 2419 quare
1360 2340 1475 2401 hoe
1522 2358 1858 2411 munemne„
1915 2341 2074 2419 quod
2127 2341 2252 2401 sine
2290 2357 2608 2418 numquam
2667 2356 2774 2416 pro
2831 2339 3236 2399 coniunctione

590 2460 647 2505 ao
670 2441 865 2503 veniat
910 2442 969 2501 in
1014 2442 1311 2512 oratione;
1373 2451 1433 2503 et
1482 2442 1615 2503 ideo
1672 2460 1794 2503 non
1853 2460 2094 2503 necesse
2145 2448 2236 2505 est
2287 2442 2532 2505 eandem
2589 2441 2742 2501 inter
2799 2438 3236 2517 coniunctiones

664 2543 983 2607 inmittere.

834 2644 917 2706 De
959 2645 1183 2706 ordine.
1250 2646 1397 2706 ordo
1440 2647 1922 2709 coniunctionum
1967 2654 2055 2709 est
2121 2664 2238 2725 quo
2283 2652 2572 2725 apparent
2607 2640 3058 2707 coniunctiones
3095 2660 3235 2723 quae

665 2748 949 2825 praeponi
993 2746 1247 2809 debeant
1285 2755 1531 2818 tantum,
1576 2768 1728 2829 quae
1758 2748 2054 2826 subiungi,
2101 2766 2250 2827 quae
2293 2750 2578 2827 praeponi
2625 2756 2682 2807 et
2711 2746 3012 2825 subiungi.
3077 2762 3234 2825 prae-

662 2856 962 2927 ponuntur
1007 2852 1449 2912 coniunctiones
1494 2869 1742 2913 numero
1783 2860 1917 2913 octo
1955 2850 2066 2913 hae
2110 2857 2354 2921 tantum,
2395 2858 2454 2911 at
2495 2869 2566 2912 ae
2608 2857 2696 2910 ast
2737 2850 2858 2911 sive
2895 2866 3006 2909 seu
3037 2846 3127 2909 vel
3153 2848 3234 2907 sin

584 2952 969 3013 assinautem.
1058 2951 1491 3031 subiunguntur
1548 2955 1990 3015 coniunctiones
2057 2971 2305 3013 numero
2364 2954 2623 3031 quinque
2678 2951 2810 3019 hae,
2845 2956 3103 3017 tantum,
3171 2968 3234 3009 ve

662 3072 777 3132 que
816 3060 1011 3115 autem
1056 3056 1211 3115 enim
1251 3072 1504 3140 quoque.
1574 3063 1635 3117 at
1672 3075 1810 3117 vero
1855 3062 2301 3135 praeponuntur
2344 3063 2404 3115 et
2443 3053 2879 3131 subiunguntur
2923 3054 3042 3112 iam
3087 3058 3232 3111 cete-

662 3156 763 3216 rae
806 3157 1279 3226 coniunctioneS,
1338 3158 1599 3236 exceptis
1642 3158 1868 3219 seilicet
1905 3155 2016 3219 illis
2059 3175 2236 3235 supra
2273 3158 2548 3237 seriptis,
2595 3174 2746 3235 quae
2789 3160 3234 3233 praeponuntur

660 3264 887 3321 tantum
950 3256 1037 3317 vel
1105 3258 1561 3335 subiunguntur.
1651 3267 1858 3338 putant
1913 3260 2147 3338 quidam
2215 3278 2350 3319 nam
2409 3259 2882 3319 coniunctionem
2953 3256 3232 3334 praeponi

658 3366 880 3421 tantum
926 3360 1101 3420 modo
1130 3358 1158 3443 ΙΙ
1188 3370 1482 3440 oportere.
1548 3362 1647 3441 qui
1690 3363 1742 3421 si
1781 3380 1958 3423 sonos
2001 3363 2271 3429 sentiant,
2313 3359 2656 3437 intellegent
2693 3377 2830 3421 nam
2873 3359 3230 3419 coniunctio-

580 3480 633 3523 ω
660 3478 795 3523 nem
844 3468 903 3523 et
956 3462 1327 3523 subiunctam
1384 3464 1617 3542 pondus
1666 3482 1842 3542 posse
1891 3465 2019 3524 soni
2077 3463 2398 3524 sustinere:
2469 3479 2587 3541 quo
2639 3478 2788 3523 sono
2843 3468 2903 3521 et
2947 3457 3230 3539 Vergilius

658 3564 905 3625 eandem
960 3564 1259 3626 subiunxit
1300 3564 1503 3629 dicens
1679 3572 1681 3575 ’

1460 3666 1692 3727 solam
1733 3685 1888 3730 nam
1935 3666 2280 3746 perfidus
2325 3666 2456 3729 ille

1054 3776 1126 3829 te
1166 3768 1445 3838 colere;

654 3876 713 3929 et
756 3869 887 3931 ideo
925 3868 1039 3930 hoe
1082 3888 1419 3941 monemus,
1480 3873 1633 3954 quod
1674 3891 1810 3933 nam
1859 3874 2192 3934 coniunctio
2240 3888 2358 3933 non
2397 3879 2626 3933 tantum
2671 3870 3074 3951 praeponendi
3127 3866 3226 3929 sed

577 3980 629 4023 ³⁵
655 3978 713 4031 et
749 3971 1141 4051 subiungendi
1183 3973 1395 4035 habeat
1438 3984 1804 4053 potestatem.
1845 3977 1855 4053 Ι

820 4074 905 4136 De
946 4076 1155 4153 figura.
1246 4078 1431 4155 figura
1498 4077 2012 4139 coniunctionibus
2067 4076 2279 4138 accidit
2333 4078 2418 4137 sio
2467 4076 2553 4137 uti
2609 4082 2668 4135 et
2709 4075 2922 4137 ceteris
2963 4070 3228 4152 partibus

649 4178 963 4247 orationis,
1010 4176 1281 4256 =.simplex
1345 4186 1404 4239 et
1466 4182 1806 4259 composita.
1897 4178 2140 4258 simplex
2206 4180 2390 4257 figura
2453 4178 2934 4239 coniunctionum
3001 4184 3098 4239 est
3149 4182 3226 4239 et.

647 4282 969 4360 composita
1012 4282 1137 4341 etsi.
1230 4300 1387 4342 nune
1431 4281 1647 4362 quibus
1690 4282 1776 4341 vel
1819 4291 1962 4359 quot
2005 4282 2192 4343 modis
2229 4283 2328 4341 liat
2369 4282 2556 4357 figura
2603 4279 2958 4357 composita,
3007 4279 3124 4339 iam
3167 4278 3224 4337 in

646 4385 886 4445 nomine
928 4385 1067 4445 satis
1112 4385 1506 4445 tractavimus.

782 4590 817 4639 4
850 4590 1129 4651 quinetiam
1164 4591 1447 4655 composita
1482 4604 1572 4639 om.
1610 4587 1675 4648 R,
1713 4588 1837 4641 add.
1874 4588 1926 4639 B
2117 4588 2150 4639 5
2181 4589 2262 4639 sin
2299 4584 2518 4654 simplex
2551 4604 2581 4639 v
2615 4587 2698 4638 sin
2733 4602 2897 4655 oomp.
2935 4586 3007 4650 B,
3045 4602 3140 4637 om.
3177 4584 3222 4637 R

786 4658 1213 4711 17‘tractobimus
1252 4678 1281 4709 r
1317 4660 1643 4711 tractauimus
1679 4661 1779 4711 RB
1982 4661 2050 4711 22
2087 4660 2496 4709 coniunctionum
2538 4657 2589 4710 B
2633 4658 3004 4710 coniunctionis
3035 4658 3086 4709 R

642 4726 711 4848 3⁴9
746 4742 909 4848 soiffis1
939 4730 1203 4850 §donum
1239 4729 1291 4781 B
1426 4730 1495 4782 30
1532 4745 1687 4796 posse
1722 4731 1837 4781 soni
1875 4730 1924 4781 B
1959 4731 2276 4796 possessioni
2313 4730 2360 4779 R
2389 4730 2737 4795 possessionis
2772 4745 2803 4779 r
2833 4722 2840 4730 ”
2923 4724 3216 4795 vergilius]

694 4815 775 4849 en.
