3434 5442
515 1162 926 1261 VMAEBll
979 1164 1293 1261 l'lllllll
1356 1165 1480 1259 nn
1543 1162 1929 1261 Momm
1980 1162 2523 1262 exotium.

1339 1456 1695 1467 -————-

393 1656 806 1719 Nominativus
859 1657 1060 1718 finitur
1117 1657 1326 1719 litteris
1376 1658 1538 1729 Xlll,
1605 1657 1909 1720 vocalibus
1950 1658 2016 1729 V,
2074 1658 2135 1719 id
2182 1666 2273 1721 est
2325 1677 2356 1719 a
2388 1598 2433 1721 'e-
2462 1586 2707 1728 {usaue
2750 1667 2813 1717 ut

235 1756 474 1819 Sisenna
515 1758 732 1820 monile
771 1760 960 1839 sinapi
1004 1758 1208 1821 Cicero
1248 1777 1420 1828 veru,
1477 1758 1933 1823 semivocalibus
1974 1760 2077 1829 Vl,
2124 1761 2183 1822 id
2228 1768 2317 1821 est
2358 1759 2377 1821 1
2422 1778 2481 1821 m
2526 1778 2563 1821 n
2608 1778 2641 1819 r
2681 1780 2711 1820 s
2752 1777 2809 1828 x,

231 1870 290 1920 ut
331 1858 545 1921 consul
587 1878 894 1922 scamnum
929 1860 1150 1923 flumen
1184 1860 1399 1923 Caesar
1429 1862 1624 1923 Livius
1665 1861 1842 1934 silex,
1888 1863 2067 1924 mutis
2096 1861 2354 1933 duabuS,
2402 1863 2459 1924 id
2493 1870 2583 1925 est
2615 1868 2641 1921 t
2672 1868 2733 1921 et
2756 1879 2809 1930 c,

229 1967 290 2022 ut
329 1968 514 2039 caput
563 1960 690 2032 lac;
761 1963 1064 2042 genetivus
1119 1960 1341 2033 tribus,
1399 1963 1460 2024 icl
1501 1971 1592 2024 est
1634 1980 1664 2023 s
1705 1964 1723 2023 i
1768 1983 1829 2034 e,
1878 1972 1945 2025 ut
1984 1964 2222 2025 Catonis
2264 1966 2533 2043 magistri
2576 1962 2807 2029 Musam
2862 1991 2888 2031 s

229 2062 456 2124 dativus
509 2063 622 2133 ΙΙΙ,
675 2064 732 2125 id
773 2072 862 2126 est
903 2066 924 2125 i
965 2081 1000 2125 ο
1045 2083 1110 2133 e,
1167 2070 1234 2126 ut
1281 2064 1420 2143 agili
1469 2066 1648 2127 docto
1689 2063 1963 2135 scholae:
2041 2068 2407 2128 accusativus
2450 2065 2574 2135 1111,
2621 2063 2679 2125 id
2722 2070 2815 2125 est

228 2182 280 2225 m
321 2183 352 2225 s
390 2172 416 2224 ι
458 2184 524 2235 e,
567 2172 634 2227 ut
675 2165 974 2227 hominem
1020 2164 1196 2227 funus
1240 2174 1416 2245 caput
1457 2164 1708 2236 monile;
1756 2168 2055 2229 vocativus
2100 2166 2231 2237 Vll,
2276 2186 2311 2229 a
2356 2186 2389 2228 e
2430 2166 2453 2227 i
2492 2185 2553 2227 m
2597 2184 2631 2226 r
2672 2184 2710 2225 ιι
2752 2184 2809 2234 ο,

227 2274 290 2325 ιιι
321 2264 490 2327 Musa
529 2266 750 2329 monile
787 2266 912 2329 Livi
949 2286 1258 2330 scamnum
1303 2267 1518 2331 Caesar
1561 2268 1709 2331 silex
1754 2269 1926 2333 Cato:
1978 2269 2083 2331 sed
2128 2271 2191 2329 in
2230 2267 2551 2348 generibus
2588 2268 2813 2329 neutris

225 2367 432 2429 similis
478 2374 568 2429 est
604 2369 984 2431 nominativo.
1062 2368 1350 2432 ablativus
1393 2372 1745 2434 terminatur
1786 2369 2089 2434 vocalibus
2116 2370 2182 2440 V,
2232 2378 2295 2432 ut
2333 2368 2406 2432 ab
2444 2370 2557 2431 hac
2590 2368 2811 2438 schola,

224 2468 296 2531 ab
341 2469 460 2530 hoc
505 2469 752 2541 monile,
795 2470 870 2533 ab
916 2471 1034 2533 boc
1074 2470 1241 2551 agili,
1289 2471 1364 2533 ab
1403 2472 1518 2534 boc
1562 2474 1759 2546 docto,
1804 2473 1877 2536 ab
1920 2473 2035 2535 hoc
2078 2490 2253 2542 veru:
2304 2473 2443 2535 item
2488 2490 2547 2533 m
2584 2488 2613 2531 s
2654 2480 2717 2533 et
2756 2489 2807 2541 r,
2838 2498 2888 2535 w

223 2579 287 2633 ιιι
329 2590 592 2653 nequam
638 2590 826 2653 nugas
875 2574 1078 2635 instar.
1168 2592 1582 2655 quaecumque
1627 2576 1867 2637 nomina
1924 2576 2283 2637 nominativo
2326 2572 2609 2653 singulari
2657 2575 2680 2634 i
2720 2572 2812 2634 lit·

223 2680 411 2735 teram
468 2672 786 2737 habuerint
839 2682 974 2736 ante
1019 2674 1284 2737 ultimam
1335 2674 1652 2757 syllabam,
1710 2677 1861 2739 baec
1914 2679 2186 2759 genetivo
2230 2675 2516 2754 singulari
2562 2674 2811 2738 eandem

221 2775 554 2855 duplicant,
625 2784 691 2837 ut
733 2776 828 2839 hic
875 2776 1208 2839 Mercurius
1248 2777 1426 2839 buius
1464 2778 1775 2849 Mercurii,
1842 2778 1943 2841 hic
1986 2777 2275 2858 Vergilius
2325 2778 2501 2839 huius
2540 2772 2811 2856 Vergilii:

221 2879 306 2937 sic
351 2880 528 2941 etiam
581 2878 640 2938 in
696 2878 952 2947 neutris,
1023 2887 1086 2940 ut
1132 2877 1249 2941 hoc
1293 2879 1516 2941 dolium
1577 2881 1692 2941 hoc
1737 2880 1975 2951 solium,
2045 2881 2221 2944 buius
2266 2878 2408 2943 dolii
2473 2880 2649 2943 huius
2690 2876 2814 2939 l'olii

223 2978 390 3061 [lilii]
439 2980 580 3041 facit
621 2988 684 3041 et
725 2988 942 3043 cetera.
2836 3003 2887 3043 ιι

392 3081 600 3142 Omnia
653 3084 896 3145 nomina
949 3082 1307 3144 nominativo
1364 3100 1435 3143 or
1492 3081 1712 3165 syllaba
1772 3084 1935 3147 finita
1996 3090 2101 3145 aut
2148 3082 2467 3145 masculina
2522 3089 2690 3153 sunt,
2746 3090 2813 3144 ut

219 3185 433 3254 bonor,
477 3192 582 3245 aut
615 3183 892 3245 l'eminina
935 3194 1092 3253 sunt,
1139 3192 1204 3245 ut
1244 3184 1444 3256 arbor,
1491 3192 1594 3247 aut
1635 3191 1867 3256 neutra,
1914 3194 1981 3247 ut
2023 3203 2268 3264 aequor,
2310 3192 2411 3248 aut
2451 3185 2806 3254 communia,

219 3294 286 3348 ut
323 3283 556 3347 melior.
645 3284 838 3347 solum
884 3286 1078 3347 omnis
1119 3286 1356 3364 generis
1397 3288 1693 3351 invenitur
1732 3305 1984 3358 memor,
2028 3287 2187 3368 quod
2228 3294 2423 3367 potest
2464 3285 2809 3349 adverbium

221 3388 420 3451 lacere
463 3389 826 3450 memoriter.
2678 3458 2701 3477 ·

389 3489 480 3551 Ad
517 3491 942 3552 nominativum
985 3508 1186 3553 casum
1239 3490 1420 3553 verba
1465 3490 1760 3553 accedunt
1810 3491 2027 3554 dicitur
2080 3493 2270 3554 fertur
2319 3492 2686 3561 nominatur,
2746 3499 2812 3552 ut
2834 3512 2889 3553 aa

219 3591 476 3653 ‘dicitur
521 3590 664 3653 Cato
705 3612 771 3654 se
827 3592 1173 3662 occidisse',
1233 3593 1459 3654 ‘fertur
1503 3594 1824 3673 Pompeius
1879 3595 1939 3656 in
1982 3594 2156 3657 litore
2200 3593 2448 3675 Aegypti
2501 3594 2809 3709 iacuisse’,

215 3694 598 3755 nominatur
635 3695 934 3773 Augustus
969 3695 1124 3755 inter
1170 3694 1517 3775 quosdam’.

389 3796 814 3877 Quaecumque
865 3796 1239 3858 nominativo
1272 3816 1412 3859 casu
1471 3804 1608 3859 ante
1657 3813 1688 3856 s
1730 3796 1987 3860 litteram
2038 3798 2361 3861 habuerint
2404 3816 2443 3859 ιι
2485 3798 2808 3876 geminum,

215 3898 456 3977 generis
498 3904 636 3959 sunt
676 3896 1004 3968 masculini,
1051 3905 1118 3960 ut
1159 3916 1368 3961 servus
1411 3918 1601 3981 equus
1645 3900 1868 3963 arduus
1908 3918 2123 3963 corvus
2167 3918 2375 3963 cervus
2417 3907 2639 3961 torvus.
2704 3898 2809 3961 sed

214 3999 382 4062 alvus
421 3998 550 4062 sola
594 4001 946 4079 geminatur,
987 4008 1050 4063 ut
2833 4019 2885 4059 25

1033 4119 1336 4164 curvam
1381 4103 1877 4181 compagibus
1918 4102 2177 4167 alvum.
2209 4100 2237 4187 ΙΙ

387 4203 622 4265 Veteria
667 4220 789 4265 non
832 4204 1109 4267 dicuntur
1155 4204 1540 4275 nominativo,
1599 4204 1704 4266 sed
1750 4213 1975 4275 vetera,
2035 4212 2101 4266 ut
2140 4205 2410 4284 genetivo
2454 4202 2669 4283 plurali
2710 4222 2807 4265 ve·

215 4314 432 4376 terum,
479 4323 600 4367 non
636 4306 926 4369 veterium
969 4306 1166 4368 saciat.

331 4410 334 4413 ’
386 4408 612 4470 Neutra
655 4409 895 4471 uomina
935 4426 1006 4471 us
1047 4408 1260 4469 litteris
1299 4408 1459 4469 flnita
1503 4408 1863 4469 nominativo
1908 4408 2242 4487 genetivum
2294 4410 2353 4469 in
2398 4407 2545 4470 duas
2590 4407 2810 4469 l'ormas

215 4518 456 4573 acuunt.
545 4528 666 4573 una
725 4518 847 4581 est,
908 4527 1062 4589 quae
1105 4528 1142 4571 u
1186 4508 1442 4573 litteram
1496 4510 1765 4590 genetivo
1820 4511 1883 4571 in
1932 4530 1967 4572 e
2009 4511 2345 4573 transvertit
2398 4519 2455 4572 et
2503 4511 2589 4571 ris
2631 4509 2809 4572 adicit
2835 4527 2887 4569 ao

359 4756 384 4809 1
427 4772 616 4811 ιιιοιιητ
652 4772 860 4809 vunnu
899 4772 1046 4810 Ριιοιιι
1087 4772 1152 4808 na
1190 4772 1385 4811 nouum
1422 4758 1475 4809 B
1613 4760 1647 4809 4
1683 4766 1741 4809 ut
1772 4774 1865 4809 om.
1907 4758 1960 4809 B
2097 4758 2167 4811 26
2200 4758 2426 4827 curvam]
2475 4762 2633 4827 Ver-9.
2672 4761 2805 4815 Aen.

215 4829 256 4877 ll
294 4828 360 4878 51
505 4828 572 4879 27
612 4828 820 4879 Veteria
855 4847 885 4881 v
919 4829 1172 4881 ueteriora
1205 4829 1259 4878 B
