3434 5442
1085 317 1502 380 CATHOLICA
1547 318 1572 379 1
1609 315 1869 380 28-33-
2678 315 2759 378 15

255 441 299 481 p.
327 427 446 470 uss.
463 429 520 471 ω
549 431 606 472 Ρ.
987 421 990 426 ’
2344 445 2390 486 p.
2418 431 2507 475 iu.
2532 431 2579 473 15
2605 431 2655 472 1..

171 517 304 579 quae
355 502 416 560 in
469 503 831 581 peregrinis
884 505 1224 575 adhibetur,
1282 499 1340 566 in
1393 504 1614 566 Latinis
1641 510 2003 584 numquam.
2094 503 2187 566 hir
2230 503 2345 567 hor
2384 504 2501 566 hur
2540 505 2629 566 iar
2668 507 2759 566 ier

173 601 316 663 nulla
355 599 612 666 n'omina
643 608 894 687 repperi
923 608 1261 677 terminata;
1308 609 1411 686 qui
1449 609 1758 676 invenerit,
1806 605 2016 668 doceat
2044 609 2353 678 rationem.
2428 609 2521 668 ior
2550 607 2791 669 tertiae.

178 713 296 766 sunt
333 705 782 780 declinationis»,
821 711 908 771 ris
953 710 1172 770 faciunt
1215 710 1516 787 genetivo,
1562 729 1598 770 o
1639 711 1701 769 in
1745 710 2103 770 nominativo
2146 701 2439 788 correp'ta,
2476 710 2537 770 in
2580 725 2759 788 gene-

183 809 284 868 tivo
319 809 648 888 producta,
707 810 810 872 hic
853 819 914 872 et
953 812 1100 873 haec
1149 813 1338 871 maior
1379 811 1649 881 maioris,
1693 813 1867 892 peior
1902 812 2141 891 peioris.
2230 813 2322 873 iur
2360 811 2470 873 kar
2514 810 2623 872 ker
2666 811 2759 873 kir

183 909 282 970 kor
321 909 471 971 kur:
517 911 616 973 his
663 913 906 994 syllabis
949 912 1176 975 nullum
1221 906 1438 976 nomen
1483 916 1855 976 terminatur.
2810 937 2835 977 s

337 1013 456 1074 Lar
497 1016 714 1076 tertiae
759 1014 1166 1077 declinationis
1209 1023 1330 1085 est,
1389 1016 1472 1078 ris
1511 1016 1652 1076 facit
1697 1018 1997 1094 genetivo,
2044 1013 2144 1076 hic
2186 1015 2301 1076 Lar
2344 1015 2520 1077 huius
2562 1014 2757 1076 Laris:

183 1113 416 1176 Plautus
451 1119 624 1194 ‘ego
667 1136 824 1180 sum
869 1117 1008 1179 Lar
1062 1116 1514 1187 familiaris',
1566 1117 1859 1196 Vergilius
1914 1119 2583 1198 ‘Pergameumque
2624 1117 2757 1178 La-

181 1221 380 1277 rem’.
477 1218 647 1280 multi
713 1237 965 1281 numero
1029 1237 1264 1298 semper
1321 1218 1536 1299 plurali
1601 1217 1911 1281 declinant.
2022 1220 2258 1300 quidam
2334 1219 2534 1280 dicunt
2606 1217 2759 1279 hilar

179 1318 394 1381 debere
439 1319 593 1390 dici;
639 1321 744 1382 sed
789 1321 1195 1384 barbarismus
1225 1319 1254 1405 ll
1283 1329 1388 1384 est.
1447 1321 1652 1383 hilaris
1690 1321 1807 1399 legi
1844 1329 1903 1384 et
1944 1319 2169 1384 hilarus
2214 1322 2273 1382 in
2303 1322 2599 1383 Terentio.
2670 1321 2761 1380 ler

179 1421 314 1501 [hac
369 1421 598 1502 syllaba
645 1423 762 1485 duo
807 1426 1044 1486 nomina
1107 1415 1535 1493 terminantur,
1587 1407 1729 1485 'siler
1795 1430 1854 1484 et
1908 1424 2096 1492 celer,
2154 1441 2307 1504 quae
2356 1423 2565 1484 tertiae
2624 1429 2761 1484 sunt
2786 1443 2840 1486 ιο

177 1522 622 1606 declinationis]
699 1525 807 1588 lir:
879 1526 1104 1588 nullum
1163 1543 1380 1588 nomen
1445 1528 1685 1606 repperi
1744 1525 1837 1587 his
1892 1523 2129 1605 syllabis
2184 1527 2581 1587 terminatum.
2668 1523 2763 1584 lor

175 1628 384 1688 tertiae
435 1635 578 1689 suut
617 1627 1052 1699 declinationis,
1105 1649 1142 1690 o
1187 1633 1252 1690 in
1293 1629 1650 1724 nominativo
1692 1633 1998 1706 correpta,
2056 1629 2117 1688 in
2160 1629 2427 1705 genetivo
2473 1626 2761 1705 producta

175 1729 254 1787 ris
281 1727 518 1808 syllaba
549 1732 882 1799 terminato,
913 1729 1012 1792 hic
1041 1730 1204 1792 calor
1233 1729 1442 1810 pallor,
1479 1728 1690 1792 caloris
1718 1727 1980 1808 palloris,
2012 1728 2179 1792 color
2214 1729 2763 1808 coloris;·quamvis

175 1829 494 1892 Sallustius
547 1833 821 1909 ‘igitur
881 1831 1088 1894 colos
1139 1833 1598 1911 exsanguis’,
1657 1833 1810 1894 sicut
1868 1830 2035 1893 labos
2094 1838 2155 1893 et
2212 1829 2399 1892 labor.
2486 1831 2583 1891 lur
2635 1847 2763 1890 mar

177 1933 320 1993 mir:
393 1932 492 1993 his
541 1932 780 2014 syllabis
845 1933 1004 1996 nulla
1062 1935 1296 1996 nomina
1365 1935 1777 1995 terminantur.
1868 1951 1997 1995 mer
2052 1941 2325 2012 correpta
2386 1934 2761 1994 terminatum
2788 1953 2841 1996 is

177 2035 418 2113 repperi
475 2052 692 2096 nomen
749 2038 956 2098 tertiae
1003 2037 1404 2098 declinationis
1455 2035 1538 2096 ris
1579 2036 1804 2097 faciens
1852 2037 2148 2114 genetivo,
2205 2035 2302 2096 hic
2342 2051 2545 2094 vomer
2588 2034 2765 2095 huius

179 2138 468 2206 vomeris,
525 2155 596 2198 er
635 2137 860 2218 ubique
901 2147 1191 2217 correpta.
1265 2138 1482 2200 dicitur
1530 2145 1588 2200 et
1629 2140 1848 2207 vomis,
1908 2139 1993 2198 sic
2034 2145 2094 2200 et
2138 2137 2359 2199 faciens
2406 2137 2760 2214 genetivum.

179 2257 306 2298 mor
346 2239 564 2300 tertiae
601 2247 738 2300 sunt
783 2239 1203 2309 declinationis,
1251 2241 1334 2300 ris
1377 2239 1600 2300 faciunt
1639 2241 1928 2318 genetivo,
1974 2259 2009 2300 o
2040 2241 2115 2300 in·
2138 2240 2495 2300 nominativo
2526 2255 2765 2316 semper

179 2349 490 2420 correpta,
549 2343 608 2402 in
662 2343 964 2420 genetivo,
1021 2343 1068 2401 si
1124 2340 1468 2421 appellativa
1527 2342 1778 2411 fuerint,
1834 2342 2153 2422 producta,
2210 2349 2279 2402 ut
2318 2358 2485 2402 amor
2527 2341 2761 2408 amoris,

181 2445 440 2522 exceptis
487 2443 748 2514 duobus,
797 2461 950 2524 quae
991 2447 1253 2522 quamvis
1297 2446 1414 2505 sint
1455 2441 1831 2522 appellativa,
1878 2450 2073 2506 tamen
2116 2443 2177 2504 in
2214 2445 2226 2520 Ι
2262 2444 2531 2521 genetivo
2576 2443 2763 2502 corri-
2788 2465 2843 2506 ac

181 2547 443 2623 piuntur,
483 2563 750 2606 marmor
792 2547 1120 2614 marmoris,
1165 2563 1395 2607 memor
1431 2547 1745 2618 memoris,
1786 2547 1939 2606 sicut
1978 2563 2157 2626 supra
2200 2546 2406 2606 docui:
2452 2563 2523 2604 or
2564 2546 2763 2606 termi-

183 2656 310 2708 nata
353 2650 620 2716 nomina,
661 2649 712 2709 si
753 2647 974 2708 fuerint
1015 2647 1390 2728 appellativa,
1433 2651 1490 2710 in
1536 2649 1811 2727 genetivo
1843 2647 2253 2725 producuntur
2293 2649 2553 2726 exceptis
2596 2652 2765 2726 quat-

183 2759 350 2819 tuor,·
369 2749 556 2811 arbor
599 2747 850 2819 arboris,
899 2767 1159 2810 marmor
1203 2752 1532 2821 marmor-ia,
1575 2767 1798 2830 aequor
1845 2751 2145 2830 aequoris,
2193 2765 2423 2845 memor
2464 2749 2761 2810 memoris.

183 2854 422 2931 propria
469 2851 692 2931 ubique
739 2853 1136 2930 corripientur
1170 2867 1408 2930 semper
1447 2851 1608 2914 nullo
1671 2859 1935 2932 excepto.
2027 2869 2207 2913 unum
2252 2858 2455 2912 contra
2494 2851 2763 2912 omnium

187 2955 476 3015 rationem
517 2971 590 3013 or
623 2953 1076 3016 terminatorum
1121 2961 1180 3016 et
1214 2952 1407 3034 aliqua
1452 2957 1799 3016 consonanti
1838 2955 2171 3034 praeposita
2216 2956 2482 3033 genetivo
2518 2955 2601 3015 ris
2644 2968 2761 3013 non
2788 2973 2841 3015 25

189 3055 338 3123 lacit,
388 3055 496 3115 sed
537 3053 646 3126 dis,
693 3073 800 3116 cor
835 3056 1048 3117 cordis.
1121 3075 1258 3117 mur
1299 3064 1358 3117 et
1393 3058 1520 3136 ipsa
1563 3059 1767 3117 tertiae
1798 3062 1937 3118 sunt
1970 3055 2393 3126 declinationis,
2434 3057 2519 3118 ris
2544 3055 2767 3116 faciunt

187 3159 458 3234 genetivo
498 3175 658 3226 casu,
703 3174 975 3218 murmur
1015 3159 1338 3220 murmuris
1381 3177 1631 3220 numero
1673 3177 1911 3239 semper
1956 3156 2259 3235 singulari.

349 3259 478 3319 Nar
517 3259 726 3320 tertiae
769 3267 908 3319 sunt
949 3259 1379 3330 declinationiS‚
1421 3263 1506 3321 ris
1549 3261 1763 3322 sacient
1799 3264 2092 3336 ρεηείίυο,
2136 3259 2253 3321 Nar
2299 3259 2498 3330 Naris,
2547 3275 2763 3320 nomen

191 3361 474 3422 fluminis:
516 3360 807 3438 Vergilius

488 3461 844 3542 sulpurea
881 3463 1024 3524 Nar
1069 3462 1286 3525 albus
1329 3483 1547 3545 aqua,
2464 3505 2482 3514 -
2790 3485 2845 3525 so

191 3583 430 3626 numero
482 3583 724 3642 semper
777 3564 1074 3644 singulari.
1165 3585 1300 3627 nam
1357 3567 1470 3628 hae
1519 3583 1696 3627 nares
1736 3584 1989 3628 numero
2044 3583 2279 3645 semper
2334 3565 2577 3645 plurali:
2624 3565 2769 3626 Ver-

189 3667 350 3744 gilius
393 3665 572 3750 [cum
615 3666 864 3748 genere]
1747 3736 1763 3750 ὀ

486 3775 561 3830 et
603 3777 914 3830 truncas
960 3769 1360 3831 inhonesto
1403 3769 1712 3831 vulnere
1758 3788 1994 3832 nares.

193 3889 286 3932 ner
321 3873 424 3933 nir
471 3889 626 3931 nur:
671 3871 765 3932 his
794 3869 1032 3950 syllabis
1067 3889 1286 3934 nomen
1320 3870 1548 3932 nullum
1585 3875 1824 3952 repperi
1854 3873 2249 3934 terminatum.
2308 3889 2491 3932 unum
2528 3871 2769 3949 repperi

195 3991 288 4035 ner
327 3981 616 4052 correpta
669 3975 1044 4034 terminatum
1103 3973 1510 4034 declinationis
1547 3975 1755 4034 tentiae
1814 3973 1897 4033 ris
1939 3973 2159 4036 faciens
2202 3975 2501 4052 genetivo,
2567 3973 2664 4033 hic
2708 3979 2767 4032 et
2792 3994 2848 4034 ³5

197 4073 324 4137 baec
363 4085 426 4139 et
455 4075 580 4136 hoc
627 4075 890 4154 degener
933 4073 1108 4136 huius
1151 4075 1492 4153 degeneris:
1539 4074 1829 4152 Vergilius
1874 4075 2333 4154 ‘degeneres
2376 4072 2768 4172 animos’gss

311 4248 342 4296 ἵ
379 4243 626 4310 Plautus]
665 4245 838 4297 Autuz.
865 4247 1003 4308 prol.
1038 4247 1070 4295 2
1213 4243 1500 4312 Vergilius]
1535 4245 1667 4296 Aen.
1703 4248 1747 4296 V
1775 4247 1875 4297 744
2042 4247 2075 4298 8
2110 4247 2287 4296 dicunt
2323 4245 2457 4297 hilar
2488 4245 2654 4310 (corr.
2683 4245 2769 4295 hic

199 4317 274 4378 br}
295 4319 342 4368 B
373 4319 564 4368 dicunt
590 4315 678 4366 hic
703 4316 778 4365 lar
811 4331 850 4378 p
885 4316 1058 4366 dicunt
1083 4315 1164 4365 bic
1191 4315 1322 4364 hilar
1357 4329 1390 4372 ς
1513 4313 1574 4364 10
1607 4315 1791 4365 hac—
1814 4317 1874 4367 11
1917 4316 2265 4367 declinationis
2300 4320 2352 4366 in
2376 4332 2535 4381 mar-9.
2568 4317 2690 4366 add.
2719 4317 2771 4366 B

311 4389 366 4438 ll
407 4389 624 4453 repperi
665 4385 764 4435 hac
797 4382 995 4450 syllaba
1031 4399 1064 4442 ς
1245 4387 1302 4434 12
1339 4383 1388 4433 iu
1422 4387 1601 4450 priore
1637 4389 1745 4436 loeo
1776 4403 1867 4438 om.
1908 4386 1958 4435 B
2110 4388 2182 4437 l-t*
2210 4385 2505 4452 Sallustius]
2546 4387 2658 4439 Cat.
2706 4389 2771 4437 15

313 4461 368 4508 17
407 4473 468 4508 er
499 4458 704 4521 ub‘que
741 4455 1116 4506 Lbedemannus
1163 4465 1212 4503 et
1245 4455 1430 4517 ubique
1466 4456 1517 4505 B
1720 4455 1787 4506 26
1834 4455 1953 4506 facit
1996 4457 2365 4520 (superscripto
2398 4457 2469 4509 al.
2508 4471 2639 4512 man.
2676 4457 2768 4506 sed

205 4525 288 4578 ‹iis-i
309 4529 495 4578 discor.
531 4525 794 4577 discordis
829 4525 884 4573 B
923 4525 1045 4575 favit
1073 4525 1164 4574 sed
1201 4525 1282 4574 dis
1317 4525 1514 4575 discors
1553 4526 1804 4576 discordis
1842 4539 1875 4582 ς
2068 4527 2136 4577 28
2181 4527 2419 4591 genetivo
2449 4541 2539 4575 om.
2582 4526 2633 4576 B

205 4595 256 4644 rm
277 4597 526 4664 κείρω-ω]
575 4599 742 4661 Ver-9.
781 4595 898 4645 Aen
955 4595 1038 4642 Vll
1073 4595 1172 4645 517
1325 4594 1386 4644 31
1429 4595 1610 4659 plurali
1641 4611 1754 4644 cum
1790 4612 1992 4660 genn-re.
2038 4597 2285 4661 Virgilius
2320 4607 2369 4645 et
2400 4597 2687 4666 Putat-hius.
2720 4613 2770 4647 v.
2800 4607 2821 4634 Ι

209 4681 294 4716 m
319 4685 526 4734 genere,
567 4667 757 4733 quibus
796 4669 944 4716 aliud
975 4666 1248 4726 exemplum
1281 4665 1510 4729 Ver-qim,
1542 4678 1718 4730 qeory.
1760 4667 1849 4715 llll
1876 4665 1981 4716 300
2016 4665 2131 4715 huic
2167 4669 2405 4730 geminae
2438 4681 2604 4730 nares,
2644 4669 2773 4716 ἑπάξ-

207 4739 292 4784 eun·
305 4741 512 4799 putabat
553 4737 966 4800 Lindemannus,
1003 4751 1076 4784 ex
1105 4737 1170 4783 iis
1197 4749 1328 4798 quae
1355 4741 1534 4798 postea
1570 4737 1633 4785 de
1654 4752 1702 4786 υ.
1740 4736 1965 4800 degener
1993 4737 2313 4800 disputantur
2344 4738 2439 4786 leuc
2462 4739 2627 4786 inlata
2660 4752 2771 4785 exse

205 4807 406 4860 rideam.
551 4808 629 4860 :33
670 4817 722 4857 et
761 4803 998 4870 truncas]
1044 4807 1199 4870 Ver-9.
1230 4805 1358 4853 Aen.
1397 4805 1464 4851 Vl
1501 4807 1600 4854 4⁰7
1744 4805 1813 4856 36
1850 4804 2153 4872 degeneres]
2195 4808 2351 4872 Ver-9.
2380 4807 2491 4856 Aen
2544 4809 2632 4856 llll
2674 4807 2734 4856 13
