3434 5442
1154 357 1598 436 ‘crruoLch
1616 451 1623 458 ‚
1644 374 1722 436 ιιι
1761 375 1925 438 6-8
2766 379 2846 440 37

336 499 377 540 p.
404 488 523 529 usi.
543 488 597 529 ss
628 489 677 532 P.
2425 506 2468 546 p.
2501 493 2590 536 139.
2611 494 2663 536 ιο
2691 493 2737 535 ι,.

252 558 442 620 doceat
496 561 819 622 rationem.
912 581 982 622 e:
1024 570 1086 623 et
1128 560 1281 621 hanc
1317 560 1571 622 litteram
1625 571 1762 622 aute
1807 581 1884 623 uo
1931 564 2138 624 tertiae
2181 571 2492 641 correptae
2535 573 2845 643 regentem

253 660 411 722 verba
450 663 719 741 repperi,
766 665 865 726 cui
908 665 1217 726 facientem
1256 665 1317 724 in
1358 665 1556 742 specie
1592 663 1876 741 perfecta,
1921 671 1986 725 ut
2021 682 2170 724 acuo
2203 666 2366 729 acuis
2399 666 2548 726 acui.
2583 666 2683 728 '‹l:
2729 685 2842 729 nec

252 762 393 824 hanc
425 763 687 826 litteram
732 773 869 826 ante
903 784 981 827 uo
1026 767 1277 845 positam
1315 773 1621 842 regentem
1664 764 1841 826 verba
1893 766 2120 844 primae
2151 767 2581 843 coniugationis
2625 769 2838 838 inveni,

248 865 343 928 scd
385 867 591 928 tertiae
634 874 951 945 correptae
992 868 1093 928 dui
1136 868 1449 928 facientem
1490 867 1549 926 in
1594 867 1790 945 specie
1834 867 2128 945 perfecta,
2190 868 2370 930 induo
2417 869 2611 930 induis
2655 870 2838 932 indui.

248 985 395 1037 nam,
440 969 595 1030 sicut
633 977 771 1030 ante
810 969 1001 1042 docui,
1047 987 1087 1030 u
1122 976 1259 1030 ante
1291 987 1325 1028 o
1370 969 1556 1048 posita
1600 976 1700 1030 aut
1744 970 1968 1047 primae
2010 970 2438 1046 coniugationis
2471 970 2646 1031 verba
2687 973 2841 1051 regit
2895 999 2920 1036 s

248 1075 343 1130 aut
368 1071 593 1132 tertiae·
618 1079 961 1150 correptae;
1004 1071 1297 1132 secundae
1336 1087 1475 1130 vero
1516 1069 1605 1130 vel
1648 1071 1860 1132 tertiae
1903 1070 2246 1150 productae,
2292 1070 2408 1134 hoc
2441 1081 2530 1133 est
2573 1081 2838 1152 quartae,

246 1189 581 1246 numquam.
632 1191 696 1233 e:
735 1172 911 1235 huius
940 1172 1171 1234 litterae
1200 1180 1337 1233 ante
1369 1191 1445 1232 uo
1479 1174 1699 1250 positae
1733 1171 1979 1234 verbum
2013 1173 2222 1233 tertiae
2263 1181 2576 1251 correptae
2603 1177 2843 1253 repperi

246 1273 297 1333 vi
338 1272 562 1333 faciens
605 1275 805 1352 specie
848 1274 1138 1353 perfecta,
1200 1292 1339 1334 cero
1384 1275 1537 1334 cevis
1585 1274 1738 1334 oevi:
1799 1273 2038 1334 Persius
2081 1280 2352 1353 tempore
2397 1274 2599 1334 futuro
2643 1278 2842 1354 posuit
2891 1287 2894 1292 “

245 1375 395 1449 ‘an,
456 1373 792 1445 Romule,
863 1377 1185 1437 ceves?’:
1244 1376 1533 1454 significat
1598 1383 1794 1436 antem
1860 1393 1996 1436 cum
2055 1375 2419 1452 turpitudine
2479 1376 2692 1440 cedere
2747 1377 2839 1438 vel

244 1477 495 1554 turpiter
552 1477 867 1538 incurvari.
956 1477 1181 1554 primae
1239 1477 1669 1554 coniugationis
1723 1475 1968 1537 verbum
2029 1495 2060 1536 e
2115 1484 2250 1536 ante
2310 1495 2385 1538 uo
2443 1479 2666 1540 habens
2717 1496 2836 1538 non
2867 1505 2915 1546 ω

246 1581 461 1642 inveni.
554 1578 582 1638 f
592 1599 605 1638 :
654 1577 805 1639 hanc
843 1577 1097 1640 litteram
1146 1587 1284 1641 ante
1322 1598 1397 1639 uo
1441 1581 1690 1658 positam
1735 1578 1914 1638 verba
1961 1593 2172 1654 regere
2229 1595 2348 1639 non
2401 1578 2622 1648 inveni;
2686 1598 2838 1640 novo

243 1697 631 1746 moi-ennam
678 1678 1127 1742 declinationem
1174 1691 1255 1742 ex·
1292 1680 1401 1742 hac
1440 1680 1607 1758 quasi
1650 1679 2108 1742 descendentem
2152 1678 2267 1756 legi
2301 1679 2456 1758 apud
2490 1680 2834 1747 Terentium

244 1783 441 1844 ‘fors
514 1783 673 1844 fuat
737 1780 917 1860 pol’,
974 1783 1034 1842 in
1076 1782 1303 1862 Hecyra
1362 1781 1604 1844 scilicet.
1696 1799 1762 1860 g:
1815 1780 1992 1843 huius
2040 1780 2268 1842 litterae
2311 1790 2446 1842 ante
2491 1801 2569 1844 uo
2615 1785 2836 1861 positae

243 1882 485 1944 verbum
536 1884 761 1962 primae
806 1883 1236 1960 coniugationis
1280 1901 1397 1944 non
1444 1883 1667 1953 inveni,
1714 1882 1820 1944 sed
1865 1884 2072 1943 tertiae
2117 1892 2430 1962 correptae
2475 1887 2573 1963 gui
2617 1886 2836 1955 faciens

241 1986 438 2064 specie
482 1985 765 2063 perfecta,
814 1993 878 2046 ut
912 2003 1095 2064 arguo
1124 1987 1326 2065 arguis
1361 1987 1530 2064 argui
1576 1993 1634 2046 et
1678 2001 1880 2062 unguo
1912 1985 2124 2062 unguis
2161 1986 2330 2044 unxi:
2371 1982 2382 2067 Ι
2421 2003 2560 2046 nam
2597 2004 2832 2063 ungueo
2863 2014 2911 2054 ιι

243 2104 357 2146 non
400 2085 538 2164 legi.
628 2087 701 2147 h:
762 2087 916 2148 hanc
958 2087 1213 2150 litteram
1257 2096 1392 2148 ante
1438 2106 1513 2147 uo
1561 2088 1809 2166 positam
1856 2095 2159 2162 regentem
2205 2086 2380 2147 verba
2438 2105 2558 2148 non
2621 2089 2830 2150 inveni.

242 2190 429 2248 iante
460 2207 541 2249 uo
569 2191 759 2267 posita
800 2191 1050 2266 primam
1089 2191 1242 2267 regit
1276 2190 1751 2269 coniugationem
1795 2196 1855 2249 et
1883 2189 2138 2266 speciem
2183 2188 2504 2265 perfectam
2546 2191 2634 2250 avi
2675 2190 2832 2260 facit.

240 2288 441 2350 derivo
482 2289 717 2352 derivas
756 2291 1028 2352 derivavi.
1117 2290 1158 2351 k
1198 2299 1336 2352 ante
1379 2310 1457 2351 uo
1502 2293 1689 2370 posita
1737 2289 1962 2352 nullum
2006 2289 2250 2352 verbum
2294 2291 2466 2369 regit.
2527 2290 2546 2350 l
2589 2300 2724 2353 ante
2754 2311 2833 2353 uo

242 2394 429 2471 posita
486 2394 725 2452 tertiam
785 2401 1121 2471 correptam
1174 2375 1377 2472 regit:
1410 2393 1491 2455 lui
1545 2394 1683 2453 facit
1739 2394 1798 2453 in
1856 2393 2052 2470 specie
2107 2393 2398 2470 perfecta,
2457 2390 2616 2454 diluo
2661 2392 2834 2456 diluis

242 2491 398 2554 dilui.
486 2509 549 2554 m
605 2501 743 2554 ante
804 2512 881 2554 uo
936 2495 1187 2572 positam
1256 2512 1373 2554 non
1432 2495 1645 2556 inveni.
1738 2512 1808 2554 n:
1865 2493 2014 2554 haec
2081 2492 2274 2556 littera
2317 2495 2504 2571 posita
2565 2503 2700 2556 ante
2754 2515 2830 2556 uo
2858 2521 2910 2564 ιο

242 2596 471 2656 tertiam
538 2595 1011 2673 coniugationem
1077 2605 1409 2674 correptam
1475 2597 1628 2673 regit
1696 2603 1756 2656 et
1804 2596 2060 2673 speciem
2119 2595 2442 2674 perfectam
2505 2597 2642 2657 facit
2707 2597 2829 2666 nui,

244 2698 423 2758 innuo
464 2696 665 2756 innuis
706 2697 893 2764 innui,
926 2693 953 2779 ΙΙ
983 2715 1180 2758 annuo
1222 2699 1417 2766 annui,
1460 2715 1649 2759 renuo
1690 2699 1883 2758 renui.
1973 2715 2008 2757 o
2053 2704 2188 2757 ante
2231 2716 2306 2757 uo
2351 2679 2544 2775 posita
2583 2699 2871 2776 primam-

242 2800 397 2877 regit
450 2799 924 2876 coniugationem
979 2807 1037 2858 et
1077 2799 1337 2876 speciem
1393 2800 1716 2884 perfectam
1769 2799 1892 2859 vavi
1935 2799 2239 2867 terminat,
2291 2806 2354 2858 ut
2397 2816 2548 2857 novo
2591 2817 2830 2869 renovo,

240 2901 443 2960 novavi
488 2901 787 2960 renovavi.
876 2917 915 2978 p
954 2907 1089 2960 ante
1134 2919 1210 2960 uo
1268 2901 1455 2978 posita
1512 2902 1744 2962 tertiam
1784 2900 2252 2978 coniugationem
2301 2907 2637 2979 correptam
2681 2901 2836 2976 regit

240 3009 301 3064 et
338 3002 599 3081 speciem
640 3003 961 3080 perfectam
1006 3002 1139 3081 spui
1185 3002 1351 3072 facit,
1416 3011 1480 3063 ut
1522 3019 1671 3080 spuo
1705 3018 1962 3079 respuo,
2011 3001 2143 3080 spui
2187 3003 2402 3079 respui.
2493 3019 2531 3080 q
2574 3008 2710 3062 ante
2755 3019 2832 3060 uo
2859 3027 2908 3071 π
2965 2993 2972 2998 ’

239 3106 425 3182 posita
466 3112 529 3166 et
572 3105 827 3183 primam
874 3104 1345 3182 coniugationem
1392 3105 1545 3182 regit
1582 3111 1641 3164 et
1686 3105 1918 3166 tertiam
1962 3111 2330 3181 correptam:
2388 3101 2618 3182 primae
2659 3105 2836 3183 quavi

240 3208 377 3268 facit
418 3209 683 3287 speciem
728 3207 1067 3284 perfectam,
1116 3223 1305 3285 aequo
1342 3224 1559 3286 aequas
1601 3207 1874 3285 aequavi,
1923 3223 2184 3285 exaequo
2231 3206 2576 3283 exaequavi3
2624 3205 2834 3266 tertiae

242 3325 377 3370 vero
422 3315 739 3387 correptae
782 3309 911 3386 qui,
976 3314 1043 3368 ut
1086 3307 1358 3386 relinquo
1404 3307 1689 3387 relinquis
1734 3307 1961 3388 reliqui.
2053 3325 2116 3366 r:
2165 3315 2224 3367 et
2265 3307 2414 3367 haec
2455 3305 2650 3366 littera
2699 3313 2834 3368 ante
2908 3377 2914 3384 ,

242 3427 321 3468 uo
371 3412 567 3487 posita
613 3416 675 3469 et
728 3408 977 3487 primam
1034 3411 1507 3488 coniugationem
1566 3411 1722 3486 regit
1775 3417 1834 3469 et
1887 3409 2120 3486 tertiam
2175 3415 2539 3488 correptam:
2606 3409 2835 3487 primae

242 3512 435 3588 specie
474 3511 739 3589 perfecta
784 3512 873 3571 avi
916 3512 1287 3580 terminatur,
1329 3512 1535 3573 tertiae
1578 3513 1665 3582 ui,
1714 3517 1780 3572 ut
1821 3529 1992 3570 servo
2033 3528 2230 3571 servas
2271 3511 2512 3580 servavi,
2561 3527 2672 3570 ruo
2708 3509 2831 3571 ruis
2859 3535 2910 3576 ao

244 3611 351 3671 rui.
422 3629 453 3672 s
492 3620 631 3673 ante
674 3629 751 3673 uo
791 3614 979 3691 posita
1031 3614 1267 3674 tertiam
1313 3620 1648 3691 correptam
1685 3613 1854 3690 regit,
1901 3631 2010 3673 suo
2040 3613 2162 3671 suis
2191 3612 2299 3680 sui,
2342 3629 2563 3672 consuo
2605 3611 2833 3672 consui.

244 3719 271 3771 t
310 3721 441 3774 ante
484 3731 565 3774 uo
620 3714 815 3791 posita
877 3715 1131 3794 primam
1188 3714 1659 3792 coniugationem
1717 3715 1870 3790 regit
1929 3723 1988 3774 et
2042 3715 2301 3792 speciem
2362 3714 2689 3793 perfectam
2745 3713 2837 3774 avi

246 3815 403 3884 facit,
448 3815 673 3876 fluctuo
714 3815 965 3878 fluctuas
1008 3815 1303 3876 fluctuavi.
1395 3836 1430 3876 x
1478 3836 1511 3895 y
1553 3835 1615 3876 z:
1662 3814 1772 3876 has
1814 3812 2040 3875 litteras
2085 3823 2219 3877 ante
2265 3834 2342 3878 uo
2385 3817 2608 3892 positas
2657 3813 2834 3876 verba

242 3933 447 3994 regere
482 3935 603 3976 non
652 3918 865 3978 inveni.
936 3917 1049 3978 hoc
1092 3917 1269 3978 modo
1314 3916 1768 3978 declinabantur
1807 3919 2002 3978 omnia
2047 3917 2224 3978 verba
2266 3936 2300 3976 o
2347 3918 2662 3978 terminata
2699 3923 2834 3976 ante

244 4037 367 4078 eam
402 4018 683 4080 habentia
730 4017 959 4079 vocales
1002 4019 1147 4088 inas,
1194 4037 1342 4098 quas
1385 4036 1560 4097 supra
1600 4019 1942 4086 memoravi,
1985 4020 2244 4096 exceptis
2291 4018 2610 4080 defectivis
2859 4039 2910 4082 aa

402 4119 575 4182 Nunc
616 4120 691 4181 ad
738 4118 993 4202 syllabas
1047 4122 1509 4182 consonantium
1546 4121 1866 4182 veniamus.
1957 4139 2107 4200 quae
2165 4127 2556 4180 consonantes
2612 4119 2659 4177 si
2715 4118 2837 4178 sint

247 4231 375 4285 ante
423 4208 805 4285 novissimam
861 4220 1114 4284 litteram
1151 4240 1215 4292 o,
1274 4229 1375 4282 aut
1419 4223 1643 4300 primae
1686 4223 2112 4302 coniugationis
2171 4222 2381 4282 facient
2435 4218 2680 4280 verbum
2735 4226 2836 4278 aut

368 4445 403 4494 5
448 4461 479 4494 ιι
518 4442 639 4494 ante
670 4459 701 4492 o
739 4441 1003 4493 Sacerdos
1032 4459 1087 4507 ρ,
1124 4442 1193 4495 66
1244 4443 1295 4492 ui
1332 4449 1449 4493 ante
1484 4458 1513 4494 o
1548 4432 1601 4492 B
1769 4445 1800 4492 7
1850 4457 2120 4508 numquam
2157 4459 2252 4494 om.
2290 4442 2368 4500 B,
2419 4439 2542 4491 add.
2579 4437 2841 4489 Sacerdos

236 4527 289 4575 p·
322 4513 389 4566 66
524 4516 559 4565 8
596 4527 765 4564 caeno
798 4514 975 4563 caenis
1010 4516 1153 4565 caeni
1189 4514 1242 4564 B
1359 4511 1585 4580 Persius]
1630 4522 1733 4564 aar.
1776 4513 1824 4576 1,
1866 4512 1931 4564 87
2039 4514 2072 4565 9
2107 4529 2294 4564 caeues
2328 4513 2382 4619 Bt
2417 4589 2472 4618 na
2519 4509 2586 4561 10
2623 4509 2838 4576 turpiter

2343 4591 2362 4618 Ι·
2385 4591 2412 4620 u

240 4609 463 4711 ioftfbare
502 4635 749 4701 incupari
788 4633 992 4701 primae
1031 4635 1078 4685 B
1214 4635 1413 4686 habens
1447 4650 1539 4686 om.
1578 4635 1647 4696 B,
1684 4634 1810 4685 add.
1851 4648 1886 4691 ς
2047 4633 2110 4687 13
2147 4633 2256 4684 fors
2294 4633 2400 4686 foat
2431 4631 2517 4698 pol
2549 4632 2600 4680 in
2635 4643 2834 4696 ecyras.

242 4720 318 4768 eli.
350 4737 385 4788 g
416 4723 489 4773 B:
528 4723 581 4772 in
620 4721 832 4786 Hecyra
868 4720 1063 4770 scilicet
1102 4723 1487 4772 Lindemannus.
1532 4721 1736 4773 Terent.
1777 4721 1907 4775 Hec.
1947 4723 2038 4771 llll
2077 4721 2127 4780 3,
2163 4723 2198 4772 4
2374 4721 2440 4772 15
2489 4715 2637 4781 unxi]
2676 4715 2837 4780 ungui

242 4789 476 4844 Smerdes
506 4809 561 4858 ρ.
602 4793 709 4844 67:
764 4805 890 4843 nam
930 4805 1099 4857 unguo
1134 4791 1289 4840 Nisus
1326 4795 1533 4854 quidem
1570 4801 1618 4841 et
1654 4793 1956 4857 Papirianus
2013 4799 2064 4840 et
2099 4790 2294 4841 Probus
2343 4801 2444 4840 tam
2483 4788 2648 4852 ung-ui
2683 4799 2836 4848 quam

246 4863 355 4912 unxi
390 4864 561 4915 dicunt
598 4863 785 4914 facere
823 4862 1154 4927 praeteritum
1196 4861 1494 4912 Priscianus
1524 4877 1577 4925 p.
1612 4861 1709 4913 ⁸81
1853 4863 1921 4912 22
1957 4873 2118 4911 renuo
2154 4875 2246 4910 om.
2287 4859 2338 4909 B
2477 4858 2658 4906 rennui
2695 4855 2743 4904 B
