3434 5442
894 351 1308 414 EXPLANAT.
1354 351 1430 413 IN
1478 352 1836 415 DONATVM
1880 353 2023 415 LlB.
2064 353 2090 416 1
2660 363 2785 425 497

205 547 308 600 aut
349 557 414 600 e:
461 547 600 601 tunc
641 540 692 609 i,
751 555 886 600 cum
941 541 1338 617 nominativus
1387 539 1706 619 singularis
1764 542 1827 602 in
1870 539 2209 604 nominibus
2251 463 2526 623 propriis·
2552 462 2786 621 aperis

205 640 522 702 masculini
571 642 596 701 i
652 638 834 702 habet
885 648 1022 702 ante
1077 660 1175 712 us,
1241 649 1308 702 ut
1357 640 1686 703 Mercurius
1738 642 2025 713 Mercuri,
2081 643 2393 707 Terentius
2450 644 2724 716 Terenti3
2772 640 2784 727 Ι

207 741 380 804 aliter
423 760 592 812 vero,
638 741 699 802 id
745 748 834 802 est
887 745 1007 804 sive
1051 745 1072 802 i
1117 761 1235 804 non
1282 742 1524 814 habeat,
1583 751 1648 805 ut
1691 743 1928 816 doctuS,
1984 746 2105 805 sive
2148 744 2364 808 habeat
2404 746 2455 816 i,
2500 745 2605 806 sed
2648 763 2785 827 pro-

206 847 404 924 prium
446 863 570 905 non
612 845 808 914 fuerit,
855 853 920 906 ut
962 847 1128 925 pius,
1177 847 1300 907 sive
1343 846 1692 906 femininum
1736 847 1945 916 fuerit,
1991 855 2057 908 ut
2098 845 2411 918 MelaniuS‚
2457 848 2783 909 vocativum

208 949 270 1008 in
315 965 352 1007 e
391 947 654 1017 mittent,
703 953 769 1007 ut
809 965 846 1006 o
892 946 1098 1018 docte,
1145 964 1180 1007 o
1223 949 1348 1025 pie,
1398 967 1432 1008 o
1463 946 1744 1018 Melanie3
1792 956 2038 1028 excepto
2068 967 2187 1010 uno
2218 970 2253 1011 o
2295 947 2404 1019 fili,
2452 950 2608 1030 quod
2651 967 2785 1010 cum
2811 969 2837 1008 5

206 1047 622 1128 appellativum
680 1049 784 1120 sit,
845 1056 1042 1109 tamen
1095 1047 1204 1109 sub
1259 1047 1466 1128 regula
1521 1051 1907 1130 propriorum
1950 1053 2257 1112 nominum
2301 1049 2660 1124 declinatur,
2708 1058 2787 1122 ut,

208 1166 328 1230 quo
381 1149 567 1211 modo.
619 1148 867 1211 dicimus
921 1170 956 1211 o
1001 1151 1274 1222 Terenti,
1334 1153 1420 1212 sic
1476 1150 1741 1214 dicamus
1785 1172 1820 1213 o
1863 1151 1964 1214 fili.
2054 1154 2195 1214 item
2238 1155 2395 1214 cauti
2439 1171 2567 1214 esse
2611 1151 2791 1213 debe·

213 1269 350 1312 mus
391 1251 466 1312 ad
512 1252 723 1313 tertiae
768 1251 1178 1313 declinationis
1207 1250 1524 1314 ablativum
1553 1252 1936 1334 singularem,
1983 1257 2083 1334 qui
2126 1272 2287 1316 nunc
2328 1256 2349 1314 i
2393 1272 2551 1316 nunc
2596 1273 2629 1314 e
2675 1263 2791 1314 ter-

205 1354 490 1415 minatur.
560 1361 700 1415 tunc
745 1371 778 1414 e
821 1363 1049 1417 tantum
1092 1356 1470 1425 terminatur,
1517 1374 1652 1417 cum
1683 1373 1904 1418 nomen
1947 1357 2129 1418 fuerit
2170 1355 2453 1427 verbiale,
2497 1363 2561 1417 ut
2587 1354 2790 1426 lector,

207 1463 312 1516 aut
353 1453 544 1517 simile
598 1454 871 1527 verbiali,
929 1466 996 1518 ιιι
1049 1463 1282 1528 auctor,
1342 1465 1437 1518 aut
1481 1459 1857 1538 participium
1900 1457 2106 1529 fuerit,
2150 1467 2219 1520 ut
2260 1457 2493 1538 legens,
2539 1467 2641 1520 aut
2683 1475 2865 1518 no-1o

205 1573 350 1618 men
407 1556 588 1618 fuerit
643 1559 1006 1636 conparativi
1062 1558 1308 1638 gradus,
1368 1567 1432 1621 ut
1488 1559 1586 1621 hic
1630 1568 1688 1621 et
1732 1560 1879 1622 haee
1922 1560 2132 1622 fortior
2175 1559 2287 1620 boc
2330 1559 2566 1631 lortiuS,
2614 1567 2713 1621 aut
2754 1578 2793 1619 x

207 1657 410 1720 littera
463 1660 840 1720 terminatum
898 1660 1108 1730 fuerit,
1167 1669 1234 1722 ut
1289 1660 1458 1724 calix.
1529 1664 1671 1724 item
1720 1681 1788 1723 ea
1834 1680 1985 1742 quae
2027 1663 2383 1724 nominativo
2434 1681 2571 1723 casu
2614 1665 2679 1723 in
2723 1679 2792 1722 us

207 1768 434 1822 exeunt
489 1769 550 1822 et
603 1763 813 1822 tertiae
857 1761 1266 1823 declinationis
1311 1772 1450 1825 sunt
1495 1782 1529 1824 e
1571 1772 1799 1826 tantum
1854 1762 2049 1824 littera
2094 1765 2483 1826 terminantur
2525 1765 2587 1823 in
2632 1761 2791 1824 abla-

211 1865 368 1934 tivo,
424 1870 491 1924 ut
531 1862 631 1923 hic
675 1871 736 1925 et
777 1864 928 1925 haec
969 1872 1030 1926 et
1073 1865 1188 1926 hoc
1231 1873 1396 1926 vetus
1451 1864 1624 1926 huius
1669 1867 1884 1926 veteris
1926 1864 2001 1926 ab
2046 1867 2161 1926 hoc
2205 1873 2419 1926 vetere.
2508 1863 2791 1942 grandem

209 1967 374 2026 enim
421 1963 834 2028 soloecismum
879 1966 1104 2028 faciunt
1144 1968 1246 2047 qui
1289 1967 1494 2029 dicunt
1531 1973 1704 2031 ‘usus
1748 1985 1877 2030 sum
1911 1969 2042 2029 vino
2086 1969 2325 2038 veteri’,
2373 1985 2509 2028 cum
2539 1965 2868 2028 debeant1⁵

206 2067 416 2128 dicere
460 2067 628 2128 ‘vino
647 2063 928 2130 'vetere’.
1015 2069 1102 2130 sic
1146 2077 1236 2130 est
1278 2078 1338 2131 et
1379 2068 1528 2131 haec
1568 2072 1755 2131 virtus
1798 2069 1971 2130 huius
2011 2071 2243 2131 virtutis
2285 2068 2359 2130 ab
2403 2069 2515 2129 hac
2558 2070 2791 2130 virtute.

205 2187 358 2248 ergo
421 2170 504 2230 ita
560 2187 668 2248 per
723 2169 820 2231 illa
877 2170 1074 2232 omnia
1130 2171 1368 2232 nomina
1425 2171 1672 2232 dicimus
1729 2169 2043 2232 ablativum
2100 2169 2489 2250 singularem:
2546 2170 2794 2232 dicimus

207 2273 373 2332 enim
430 2269 504 2332 ab
561 2271 677 2334 hoc
727 2269 980 2346 lectore,
1035 2271 1110 2332 ab
1165 2272 1280 2334 hoc
1325 2280 1598 2344 auctore,
1658 2271 1733 2334 ab
1776 2272 1891 2334 hoc
1932 2271 2196 2351 legente,
2254 2271 2327 2332 ab
2372 2272 2487 2333 hoc
2529 2271 2793 2344 fortiore,

206 2371 284 2434 ab
331 2374 446 2434 hoc
491 2371 700 2444 calice,
757 2372 832 2434 ab
876 2373 991 2435 hoc
1033 2381 1249 2435 vetere.
1337 2383 1478 2437 tunc
1533 2382 1733 2436 autem
1784 2377 1807 2434 i
1850 2383 2071 2436 tantum
2120 2375 2469 2436 terminatur
2511 2373 2795 2436 ablativus

215 2477 432 2536 tertiae
473 2473 914 2546 declinationiS,
960 2494 1094 2537 cum
1139 2495 1358 2539 nomen
1402 2477 1582 2538 fuerit
1625 2477 1861 2556 generis
1905 2478 2265 2546 communis,
2323 2476 2481 2557 quod
2523 2459 2791 2537 nomina·
2816 2496 2871 2536 20

209 2579 330 2638 tivo
387 2575 674 2656 singulari
727 2585 790 2639 et
842 2579 1097 2657 genitivo
1150 2578 1204 2638 is
1258 2578 1608 2640 terminatur
1665 2588 1727 2640 et
1780 2586 2055 2640 neutrum
2116 2597 2189 2640 cx
2234 2597 2298 2640 se
2341 2586 2537 2658 potest
2578 2577 2791 2648 facere,

207 2687 276 2740 ut
331 2677 431 2739 hic
483 2688 544 2740 et
594 2678 742 2740 haec
798 2679 966 2757 agilis
1020 2679 1136 2740 hoc
1190 2679 1368 2757 agile:
1437 2682 1580 2742 item
1635 2699 1853 2742 nomen
1910 2680 2145 2759 generis
2188 2680 2411 2750 neutri,
2458 2679 2617 2760 quod
2658 2679 2797 2740 licet

207 2799 334 2841 non
381 2779 618 2842 aliunde
659 2789 964 2853 nascatur,
1012 2790 1206 2844 tamen
1249 2783 1314 2843 in
1358 2799 1390 2842 e
1435 2784 1582 2853 exit,
1628 2789 1696 2844 ut
1737 2781 1852 2842 hoc
1894 2799 2089 2842 mare:
2158 2783 2301 2842 item
2359 2798 2575 2842 nomen
2637 2780 2792 2861 quod

207 2881 407 2944 simile
461 2890 550 2943 est
601 2885 924 2964 participii,
985 2886 1064 2946 ita
1109 2891 1174 2946 ut
1216 2892 1276 2945 et
1317 2885 1690 2964 participium
1735 2885 1839 2956 sit,
1900 2883 2273 2944 discretionis
2317 2900 2490 2944 causa
2532 2884 2555 2943 i
2595 2882 2793 2944 littera

221 2985 582 3047 terminatur
623 2985 688 3046 in
731 2984 1008 3058 ablativo,
1055 3005 1190 3048 cum
1237 3004 1454 3048 nomen
1500 2995 1605 3048 est.
1667 2986 1893 3046 faciunt
1935 2987 2093 3046 enim
2136 2986 2247 3046 ista
2286 2985 2297 3067 Ι
2334 2988 2533 3046 omnia
2576 2985 2649 3046 ab
2679 2984 2795 3046 hoc
2818 3006 2871 3047 25

208 3085 382 3165 agili,
427 3085 504 3148 'ab
549 3087 666 3148 hoc
707 3090 888 3160 mari,
935 3088 1010 3150 ab
1054 3087 1168 3150 hoc
1212 3089 1460 3161 amanti,
1507 3097 1574 3150 ut
1615 3087 1904 3157 diximuS,
1954 3103 2087 3147 eum
2116 3104 2337 3147 nomen
2368 3097 2481 3148 est:
2531 3094 2793 3148 ceterum

207 3189 262 3249 si
305 3189 688 3269 participium
733 3198 840 3276 est,
886 3188 963 3251 ab
1004 3189 1120 3251 hoc
1164 3198 1396 3251 amante
1441 3190 1689 3252 dicimus
1734 3189 2059 3251 secundum
2104 3188 2463 3268 praedictam
2508 3187 2793 3268 regulam,

208 3309 332 3368 quo
375 3291 556 3352 modo
599 3309 632 3352 a
675 3290 928 3370 legente.
1017 3292 1223 3370 quodsi
1267 3311 1481 3354 nomen
1505 3293 1704 3372 *fuerit
1747 3292 1984 3370 generis
2028 3291 2385 3361 communiS,
2435 3288 2592 3369 quod
2620 3289 2695 3350 de
2722 3308 2787 3350 se

205 3400 494 3454 neutrum
553 3409 674 3453 non
730 3393 932 3463 faciat,
990 3400 1090 3457 aut
1143 3393 1530 3456 masculinum
1585 3396 1660 3456 sit
1715 3399 1943 3454 tantum
1996 3391 2089 3454 vel
2142 3393 2489 3453 femininum
2547 3400 2795 3461 tantum,

205 3495 376 3575 quod
425 3493 616 3556 simile
659 3496 737 3556 sit
779 3495 1018 3573 generis
1061 3497 1421 3567 communis,
1467 3497 1524 3557 id
1571 3505 1662 3557 est
1703 3495 1861 3576 quod
1904 3496 2327 3556 nominativum
2372 3501 2433 3554 et
2473 3493 2791 3572 genitivum
2819 3515 2869 3556 ao

205 3597 438 3658 similes
481 3595 724 3664 habeat,
767 3615 1012 3660 necesse
1057 3605 1146 3658 est
1188 3596 1498 3660 ablativum
1544 3596 1906 3677 singularem
1936 3598 2095 3658 varie
2127 3597 2326 3667 faciat,
2374 3612 2533 3658 nunc
2571 3614 2606 3655 e
2636 3613 2794 3657 nunc

207 3701 248 3760 i.
323 3699 494 3760 euius
534 3701 624 3760 rei
667 3699 936 3780 exempla
979 3708 1118 3760 sunt
1160 3699 1334 3772 haec,
1379 3698 1477 3760 hic
1519 3701 1673 3780 ignis
1715 3709 1777 3762 et
1818 3699 1965 3760 haec
2007 3700 2237 3778 puppis.
2297 3716 2433 3759 nam
2478 3705 2538 3759 et
2580 3696 2654 3759 ab
2684 3697 2795 3758 hac

207 3803 402 3881 puppi
447 3799 696 3862 dicimus
741 3809 801 3862 et
843 3801 916 3863 ab
959 3801 1072 3864 hac
1115 3819 1332 3881 puppe.
1384 3801 1656 3864 Lucanus
1701 3805 1781 3863 ait
1823 3802 1896 3864 ab
1928 3800 2039 3861 hac
2070 3817 2295 3880 puppe,
2344 3801 2587 3863 ‘cuius
2632 3799 2793 3860 dum

207 3911 500 3983 pugnat
556 3902 640 3964 ab
698 3901 851 3964 alta
894 3921 1138 3983 puppe
1195 3903 1478 3974 Catus'‚
1526 3903 1816 3982 Vergilius
1860 3903 1932 3966 ab
1977 3903 2089 3964 hac
2133 3903 2345 3983 puppi,
2392 3903 2795 3982 ‘puppique

209 4006 408 4066 deus
465 4005 806 4066 consedit
861 4004 946 4066 ab
1003 4004 1207 4066 alta'.
1266 4007 1406 4065 item
1450 4003 1700 4082 legimus
1746 4004 1819 4065 ab
1863 4003 1977 4064 hoc
2019 4005 2169 4082 igni,
2218 4009 2322 4064 ‘et
2364 4021 2585 4064 caeco
2630 4021 2870 4065 car-³5

209 4108 426 4184 pitur
469 4107 678 4185 igni’‚
726 4115 786 4169 et
829 4105 903 4166 ab
947 4106 1063 4168 hoc
1103 4108 1241 4186 igne
1286 4107 1504 4167 Statius
1547 4105 1718 4175 dixit,
1768 4107 1973 4185 ‘igne
2018 4105 2214 4167 diem
2260 4105 2643 4166 scindens
2732 4105 2813 4164 in.

356 4297 388 4344 2
426 4294 702 4344 mercurius
749 4295 968 4342 mercuri
1019 4293 1262 4345 terentius
1299 4295 1478 4344 terenti
1516 4295 1570 4344 F
1611 4292 1890 4342 mercurius
1928 4292 2163 4341 mercurii
2202 4293 2445 4342 terentius
2480 4291 2678 4342 terentii
2718 4293 2797 4341 Le

205 4365 464 4416 terentius
501 4365 681 4413 terenti
729 4364 1007 4413 mercurius
1041 4364 1256 4415 mercuri
1288 4365 1331 4414 S
1533 4363 1570 4413 4
1611 4363 1907 4412 femininum
1945 4361 2097 4411 suerit
2142 4363 2194 4411 F
2220 4361 2459 4412 feminina
2495 4361 2683 4412 fuerint
2717 4361 2797 4410 Le

353 4434 390 4485 5
427 4449 458 4483 o
495 4433 567 4482 fili
588 4434 704 4485 FSe
741 4450 768 4485 ο
811 4434 896 4483 lilii
938 4433 986 4481 L
1161 4436 1191 4482 7
1229 4447 1259 4483 o
1295 4433 1366 4483 fili
1395 4435 1482 4486 FS
1515 4449 1544 4483 o
1573 4433 1664 4483 filii
1697 4432 1777 4482 Le
1952 4431 2017 4482 18
2047 4431 2110 4482 ab
2142 4430 2237 4481 hoe
2273 4440 2477 4482 auctore
2507 4446 2600 4486 om.
2638 4431 2793 4490 LFS,

207 4505 342 4556 add.
374 4522 405 4555 e
559 4503 628 4555 33
667 4501 924 4568 Lucanus]
957 4505 1198 4558 Pharsal.
1235 4505 1304 4553 lll
1339 4504 1440 4555 585
1581 4504 1727 4553 cuius
1764 4502 1885 4552 dum
1914 4510 2111 4567 pugnat
2148 4503 2209 4551 ab
2242 4503 2343 4551 alta
2380 4515 2557 4566 puppe
2588 4509 2731 4551 catus
2767 4517 2795 4549 e

207 4575 362 4624 cuius
415 4582 464 4623 et
511 4573 576 4623 ab
611 4573 708 4624 hac
755 4588 928 4640 puppe
971 4577 1123 4623 nabat
1170 4581 1282 4623 acta
1326 4578 1485 4637 (corr.
1529 4574 1672 4622 cuius
1709 4587 1823 4622 cum
1854 4581 2049 4637 pugnat
2085 4570 2147 4619 ab
2188 4569 2311 4634 alta)
2356 4585 2527 4636 puppe
2564 4580 2707 4620 catus
2744 4571 2791 4620 L

208 4646 362 4695 cuius
402 4659 517 4694 cum
554 4653 752 4710 pugnat
797 4643 962 4693 ablata
996 4658 1166 4709 puppe
1205 4652 1380 4694 cantus
1419 4644 1490 4695 S.-
1516 4645 1652 4693 tuius
1690 4645 1810 4692 dum
1888 4649 2045 4706 ugnat
2080 4641 2143 4689 ab
2174 4639 2277 4690 alta
2322 4655 2496 4706 puppe
2524 4642 2659 4705 capi,
2702 4641 2789 4704 qui

205 4718 345 4766 deus
383 4715 616 4765 consedit
650 4715 698 4762 in
731 4715 830 4764 alta
861 4713 977 4762 item
1013 4714 1228 4779 legimus
1267 4713 1316 4762 F
1483 4713 1549 4764 34
1587 4712 1846 4778 Vergilius
1910 4711 2037 4760 Aen.
2067 4711 2113 4760 V
2142 4709 2241 4760 841
2400 4709 2469 4760 35
2504 4710 2736 4760 consedit
2764 4724 2793 4758 e

209 4785 438 4838 considit
472 4785 564 4836 LS
699 4785 864 4834 ablata
888 4781 931 4832 S
1066 4792 1116 4832 et
1149 4798 1298 4834 caeco
1337 4783 1424 4833 eS
1457 4792 1514 4832 ut
1553 4790 1660 4833 ceto
1692 4782 1744 4830 F
1777 4795 1926 4831 caeco
1964 4779 2043 4831 L:
2088 4783 2245 4847 Verq.
2287 4779 2419 4834 Aen.
2450 4781 2517 4830 111
2553 4782 2589 4830 2
2724 4777 2791 4829 36

210 4859 342 4923 igne
378 4855 563 4906 statius
597 4855 714 4906 FSe
741 4855 862 4920 igne
900 4869 928 4902 e
961 4855 1144 4906 statius
1168 4853 1218 4902 L
1358 4853 1596 4903 scindens
1631 4853 1747 4904 FSe
1784 4852 1987 4902 scidens
2026 4852 2075 4901 L

291 4945 595 4988 GRAMMAT.
623 4945 744 4986 tn.
773 4945 869 4986 1111.
2310 4942 2393 5004 32
