3434 5442
636 324 719 390 96
1810 326 2040 391 Pnont

738 458 784 501 p.
811 445 904 488 210.
924 446 973 489 ιι
1000 444 1055 488 n.
2789 457 2838 499 p.
2859 442 2953 487 m.
2971 442 3026 485 ot
3049 444 3112 485 v.

640 522 917 603 quoniam
962 517 1173 578 borum
1218 514 1419 579 talium
1464 517 1659 579 facere
1694 517 2152 579 demonstratur.
2211 515 2317 578 sed
2361 516 2476 577 hoc
2521 534 2849 584 monemus,
2895 516 3058 594 quod
3099 516 3218 576 hoc

640 628 1021 700 praeceptum
1052 620 1303 699 inperite
1338 620 1535 680 (latum
1568 638 1699 681 esse
1728 620 2079 700 reperiatur,
2121 618 2598 699 quandoquidem
2627 619 2746 679 sint
2773 621 3031 687 nomina,
3065 634 3220 695 quae

638 723 909 799 genetivo
965 738 1105 783 casu
1164 722 1395 783 numeri
1444 719 1689 799 pluralis
1739 722 1859 782 ium
1915 721 2126 782 litteris
2180 719 2534 782 definiantur
2589 728 2647 781 et
2699 722 3032 783 accusativo
3075 738 3218 781 casu

640 826 873 887 numeri
912 821 1155 903 pluralis
1192 842 1255 885 cs
1297 822 1505 885 litteris
1547 822 1992 893 concludantur,
2039 829 2105 885 nt
2138 830 2280 903 puta
2325 822 2532 884 harum
2575 822 2853 884 nubium:
2897 822 3220 900 numquid·

586 947 615 989 5
638 945 775 989 nam
830 926 938 987 has
995 923 1205 987 nubis?
1260 924 1364 985 sed
1419 924 1527 986 has
1580 924 1772 987 nubes
1821 926 2016 987 facere
2071 927 2506 1004 pronuntiatur.
2593 926 2732 987 item
2775 931 2916 985 sunt
2955 926 3219 995 nomina,

639 1046 789 1110 quae
832 1029 1102 1106 genetivo
1148 1046 1287 1089 casu
1342 1029 1575 1089 numeri
1616 1024 1858 1106 pluralis
1901 1044 2000 1089 um
2039 1026 2248 1088 litteris
2295 1034 2430 1105 post
2471 1034 2892 1089 consonantem
2929 1026 3220 1088 definian-

636 1139 735 1193 tur
788 1137 847 1191 et
886 1131 1218 1191 accusativo
1262 1145 1404 1189 casu
1470 1130 1704 1189 numeri
1747 1128 1992 1207 pluralis
2043 1131 2092 1189 is
2145 1127 2352 1189 litteris
2417 1128 2875 1199 concludantur,
2947 1134 3014 1189 ut
3073 1135 3218 1207 puta

638 1232 853 1293 horum
895 1232 1359 1311 parentum-hos
1403 1232 1679 1309 parentis
1769 1250 1886 1311 quo
1925 1249 2071 1293 sono
2112 1229 2418 1292 Sallustius
2457 1232 2628 1310 ‘per
2668 1230 2956 1292 liberos
2995 1238 3220 1307 atque

640 1335 983 1413 parentis
1027 1337 1362 1396 vestros'
1407 1332 1571 1393 scivit
1612 1350 1742 1395 esse
1789 1333 2308 1412 pronuntiandum.
2395 1335 2534 1395 item
2579 1340 2714 1419 sunt
2756 1334 3014 1402 nomina,
3067 1350 3222 1411 quae

562 1452 615 1495 ιο
641 1438 908 1516 genetivo
956 1455 1095 1498 casu
1150 1436 1382 1497 numeri
1432 1434 1677 1514 pluralis
1733 1436 1854 1497 ium
1907 1434 2120 1497 litteris
2174 1435 2526 1497 definiantur
2554 1443 2642 1496 set
2695 1436 3024 1497 accusativo
3077 1431 3223 1495 casu

638 1540 875 1600 numeri
916 1537 1161 1618 pluralis
1214 1545 1271 1600 et
1308 1556 1373 1599 es
1417 1544 1475 1598 et
1518 1538 1569 1598 is
1617 1536 1828 1599 litteris
1883 1537 2338 1610 concludantur,
2397 1543 2462 1598 ut
2499 1545 2640 1616 puta
2693 1537 2906 1599 horum
2961 1539 3222 1615 postium

639 1640 750 1702 hos
790 1647 989 1721 postes
1038 1647 1095 1702 et
1136 1640 1249 1702 hos
1296 1642 1498 1720 postis.
1586 1657 1705 1720 qua
1749 1640 1974 1705 ratione
2027 1641 2346 1719 praecipue
2387 1638 2551 1700 Maro
2607 1638 2846 1701 eosdem
2901 1644 3106 1719 postes
3152 1656 3224 1699 ex

638 1750 893 1825 utroque
928 1760 1075 1804 sono
1115 1741 1529 1821 pronuntiavit,

942 1844 1477 1924 amplexaeque
1518 1842 1783 1906 tenent
1821 1852 2108 1923 postes;

564 1964 617 2008 ιε
641 1948 784 2008 item

1746 2050 2140 2129 postisque
2183 2046 2320 2108 sub
2361 2048 2568 2125 ipsos

940 2154 1293 2213 nituntur
1334 2149 1715 2230 gradibus

638 2271 823 2334 quare
866 2270 1045 2331 supra
1084 2254 1302 2315 dictum
1345 2259 1730 2332 praeceptum
1771 2259 1996 2314 temere
2039 2252 2319 2313 traditum
2363 2270 2494 2313 esse
2537 2252 2938 2331 cognoscitur,
2983 2257 3047 2311 et
3087 2250 3222 2312 ideo
3273 2248 3290 2259 '

638 2374 746 2417 nos
788 2355 905 2415 hoc
948 2372 1273 2425 monemuS,
1322 2355 1480 2435 quod
1524 2354 1640 2415 hoc
1681 2354 1741 2415 in
1781 2356 1940 2417 sonis
1983 2360 2368 2434 conpetenter
2400 2361 2654 2415 tractare
2695 2352 3036 2415 debeamus.

560 2474 613 2515 πο
806 2457 951 2518 Item
993 2456 1053 2517 in
1098 2457 1191 2518 his
1234 2474 1415 2535 supra
1458 2457 1627 2519 dictis
1666 2454 1984 2535 generibus
2027 2463 2165 2517 sunt
2209 2453 2400 2536 aliqua
2442 2458 2707 2525 nomina,
2770 2474 2922 2535 quae
2967 2453 3220 2516 ablativo

638 2576 775 2621 casu
816 2560 1046 2620 numeri
1090 2559 1404 2637 singularis
1454 2561 1516 2619 in
1560 2577 1680 2621 uno
1723 2557 2006 2620 vocabulo
2051 2576 2160 2620 suo
2203 2556 2436 2619 duobus
2493 2556 2586 2617 his
2629 2558 2790 2619 sonis
2839 2559 3221 2635 reperiantur

638 2660 885 2731 definiri,
930 2660 987 2723 id
1036 2668 1125 2722 est
1168 2680 1201 2723 e
1248 2669 1306 2723 et
1346 2664 1397 2732 i,
1438 2668 1505 2723 ut
1545 2670 1687 2740 puta
1737 2660 1812 2723 ab
1851 2662 1966 2722 hoc
2009 2660 2144 2739 igne
2189 2667 2248 2721 et
2289 2662 2432 2738 igni.
2521 2677 2678 2721 nunc
2720 2659 2836 2720 hoc
2883 2677 3213 2727 monemus,

636 2762 796 2843 quod
841 2765 959 2825 sint
1005 2762 1209 2842 aliqui,
1272 2764 1373 2842 qui
1414 2764 1553 2825 huic
1590 2765 1750 2825 casui
1806 2764 1920 2824 hoc
1963 2768 2342 2843 praeceptum
2397 2767 2656 2823 statuere
2699 2760 3045 2831 voluerunt,
3103 2760 3216 2822 hoc

548 2926 553 2929 ,
636 2873 726 2927 est
768 2872 835 2925 ut
876 2874 1015 2926 tunc
1057 2863 1155 2926 hic
1188 2864 1469 2927 ablativus
1514 2884 1684 2928 casus
1733 2866 1964 2927 numeri
2006 2862 2248 2944 scilllicet
2285 2863 2600 2940 singularis
2643 2866 2662 2924 i
2696 2864 2891 2925 littera
2935 2865 3214 2925 termine-

559 2980 611 3023 π
636 2976 762 3038 tur,
824 2968 1061 3047 quando
1115 2987 1149 3029 a
1193 2968 1531 3031 nominibus
1576 2968 1826 3047 generis
1880 2968 2103 3036 neutri,
2165 2984 2316 3046 quae
2378 2966 2730 3027 nominativo
2783 2984 2924 3027 casu
2981 2968 3214 3027 numeri

636 3068 883 3148 pluralis
920 3072 973 3131 ia
1014 3069 1225 3131 litteris
1258 3070 1634 3141 definiuntur,
1682 3071 1883 3132 venire
1925 3068 2238 3148 reperitur,
2285 3074 2350 3128 ut
2389 3075 2528 3147 puta
2565 3068 2714 3129 haec
2763 3068 2952 3129 facilia
2997 3067 3074 3129 ab
3103 3068 3214 3129 hoc

636 3172 822 3243 facili3
890 3180 949 3235 at
1006 3190 1145 3234 vero
1202 3173 1437 3253 quando
1486 3172 1561 3234 ab
1614 3172 1728 3234 illis
1783 3170 2148 3240 nominibus,
2228 3188 2379 3250 quae
2427 3172 2486 3231 in
2545 3188 2723 3249 supra
2779 3170 2936 3231 dicto
2993 3188 3214 3249 genere

634 3275 991 3336 nominativo
1036 3293 1177 3337 casu
1221 3256 1455 3336 numeri
1494 3273 1737 3355 pluralis
1781 3294 1814 3335 a
1857 3272 2050 3335 littera
2107 3278 2240 3353 post
2281 3282 2702 3335 consonantem
2757 3271 3212 3343 concluduntur,

634 3376 834 3437 venire
873 3376 1267 3454 intellegitur,
1314 3384 1455 3438 tunc
1496 3396 1527 3438 e
1574 3375 1764 3437 littera
1805 3377 2183 3447 terminetur,
2245 3381 2312 3436 ut
2349 3383 2486 3453 puta
2531 3374 2676 3436 haec
2713 3374 2932 3436 robora
2976 3370 3054 3435 ab
3101 3374 3215 3435 hoc

558 3492 611 3533 so
636 3477 874 3539 robore.
960 3479 1065 3539 sed
1114 3478 1229 3540 hoc
1286 3486 1667 3557 praeceptum
1727 3496 1842 3537 non
1889 3486 2052 3540 recte
2099 3476 2370 3539 statuisse
2423 3478 2832 3555 reperiuntur,
2883 3473 2894 3560 Ι
2943 3478 3214 3557 quando-

635 3579 874 3658 quidem
918 3580 1034 3641 sint
1080 3581 1317 3641 nomina
1357 3580 1591 3659 generis
1632 3582 1856 3649 neutri,
1901 3597 2052 3659 quae
2095 3580 2448 3640 nominativo
2491 3598 2631 3640 casu
2687 3580 2920 3641 numeri
2969 3579 3216 3659 pluralis

634 3682 687 3741 ia
729 3678 937 3742 litteris
987 3681 1345 3743 definiantur
1398 3691 1457 3743 et
1496 3680 1746 3743 ablativo
1791 3700 1930 3744 casu
1974 3684 2208 3743 numeri
2261 3680 2575 3760 singularis
2626 3699 2744 3742 non
2789 3684 2808 3743 i
2849 3681 3042 3743 littera
3095 3690 3214 3743 ter-

634 3784 951 3854 minentur,
996 3791 1062 3845 ut
1102 3790 1243 3862 puta
1286 3784 1433 3845 haec
1477 3785 1730 3853 stataria,
1778 3784 1925 3846 haec
1974 3783 2302 3845 cochlearia
2347 3791 2406 3844 et
2449 3792 2644 3845 cetera
2679 3782 2831 3845 talia.
2895 3785 3213 3862 numquid-

632 3902 770 3947 nam
814 3884 887 3946 ab
934 3886 1047 3947 boc
1086 3887 1288 3947 statari
1330 3895 1431 3947 aut
1474 3885 1549 3947 ab
1588 3886 1701 3947 boc
1746 3884 2042 3948 cochleari
2085 3886 2282 3951 facere
2335 3886 2776 3947 demonstrant?
2831 3886 2936 3947 sed
2979 3886 3054 3948 ab
3097 3888 3214 3948 hoc

554 3998 605 4041 ³⁵
632 3994 848 4051 statare
904 3994 962 4049 et
1006 3986 1077 4049 ab
1116 3987 1231 4047 hoc
1274 3987 1585 4050 cochleare
1638 3987 2058 4067 intelleguntur
2101 4006 2400 4051 resonare.
2487 3990 2626 4049 item
2671 3996 2810 4051 sunt
2851 3988 3060 4067 aliqui,
3110 3991 3212 4069 qui

632 4090 775 4153 huic
802 4091 963 4153 casui
1000 4108 1182 4170 supra
1220 4090 1375 4151 dicto
1418 4090 1535 4152 hoc
1569 4100 1957 4172 praeceptum
1995 4090 2122 4152 dari
2167 4091 2660 4162 existimaverunt,
2699 4090 2816 4153 hoc
2845 4099 2934 4152 est
2973 4097 3040 4153 ut
3071 4099 3212 4153 tunc

768 4320 803 4374 6
840 4329 955 4389 post
990 4331 1351 4373 consonantem
1389 4322 1690 4372 definiantur
1724 4322 1777 4373 B
1812 4329 1928 4372 aute
1965 4329 2325 4372 consonantem
2363 4322 2732 4373 concluduntur
2763 4322 2811 4373 R
2972 4322 3007 4373 8
3041 4314 3209 4373 Sallu-

632 4392 781 4455 stius]
816 4392 933 4458 luy.
972 4392 1039 4443 35
1172 4392 1237 4443 12
1274 4394 1549 4459 praecipue
1576 4409 1607 4443 v
1644 4394 1949 4459 praecipuus
1983 4392 2030 4442 R
2067 4394 2401 4458 praecipuum
2437 4409 2469 4441 r
2501 4393 2793 4460 praecipius
2828 4392 2881 4443 B
2997 4393 3062 4443 14
3097 4408 3208 4441 am-

630 4460 933 4527 plexaeque]
980 4462 1139 4529 Ver-q.
1180 4464 1313 4517 Aen.
1347 4462 1392 4511 11
1426 4462 1531 4513 400
1701 4473 1874 4528 postes
1909 4479 1940 4512 r
1974 4470 2121 4527 potes
2154 4461 2199 4511 R
2385 4464 2444 4513 16
2482 4466 2747 4529 postisque
2782 4478 2814 4512 r
2857 4465 3096 4529 potisque
3127 4464 3208 4513 R.-

640 4534 797 4596 Ver-9.
838 4532 967 4583 Aen.
1008 4534 1053 4583 11
1084 4534 1188 4583 442
1296 4530 1361 4583 19
1400 4532 1537 4597 quod
1564 4530 1691 4583 haec
1727 4532 1825 4584 hoc
1857 4532 1911 4583 B
1945 4532 2084 4595 quod
2119 4530 2246 4582 haec
2281 4533 2326 4584 R
2447 4534 2514 4583 25
2551 4534 2755 4597 quando
2791 4548 2824 4583 a
2855 4532 3149 4583 nominibus
3179 4548 3208 4582 ο

632 4601 837 4669 qnando
867 4602 1156 4653 nominibus
1190 4602 1239 4653 R
1290 4603 1493 4666 quando
1529 4617 1560 4652 a
1592 4603 1906 4653 nominatiuo
1942 4601 1993 4651 B
2165 4617 2295 4667 quae
2333 4604 2645 4654 nominativo
2675 4620 2704 4653 v
2749 4618 2878 4667 quae
2911 4618 2943 4651 a
2977 4604 3208 4653 nomina-

631 4674 737 4723 tiuo
770 4671 816 4722 R
979 4671 1049 4723 26
1084 4672 1408 4740 reperiuntur
1442 4672 1520 4723 Ru
1692 4670 1760 4723 29
1799 4672 2119 4740 intellegatur
2154 4688 2293 4725 corr.
2331 4672 2642 4741 intellegitur
2677 4674 2727 4723 B
2763 4672 3130 4738 intelleguntur
3161 4674 3208 4723 R

738 4740 805 4793 33
838 4742 1045 4791 stataria
1074 4742 1121 4793 H
1156 4744 1363 4792 steteris
1400 4742 1467 4793 B.
1500 4744 1730 4805 sortasse
1766 4745 1988 4794 exstaria
2129 4740 2196 4793 34
2232 4744 2408 4793 statari
2444 4743 2491 4794 R
2527 4746 2735 4795 stateria
2770 4760 2905 4795 corr.
2945 4745 3120 4793 stateri
3161 4743 3210 4793 B

768 4810 835 4864 35
870 4820 1057 4863 statere
1092 4813 1140 4864 R
1174 4828 1312 4865 eor-r.
1344 4821 1527 4863 statere
1562 4812 1614 4862 B
