3434 5442
581 276 620 337 8
1353 327 1358 332 .
1754 271 1985 334 Pnonl

719 423 730 435 .
785 391 873 432 446.
898 392 945 432 ⁴7
1012 421 1023 432 .
1272 390 1279 397 '
2804 419 2817 432 .
2846 394 2863 432 1
2926 420 2939 434 .
2956 392 2979 431 7
3010 389 3058 432 1..

581 393 782 525 Latine}
825 392 1060 524 nomina
1105 463 1344 543 repperi
1379 483 1412 524 e
1455 465 1783 531 terminata,
1820 461 1925 523 sed
1964 468 2259 542 correpto,
2301 480 2452 541 quae
2492 464 2545 522 is
2582 401 2849 526 facientia
2868 393 3163 540 ”genetivo

583 564 1038 628 declinabuntur
1098 564 1424 626 secuudum
1481 566 1771 626 rationem
1822 564 2029 626 tertiae
2088 562 2525 636 declinationis,
2580 566 2697 626 hoc
2750 583 2929 627 suave
2987 565 3165 627 huius

581 669 796 737 suavis,
841 667 958 728 hoe
1002 665 1218 728 monile
1255 666 1430 728 huius
1465 665 1714 728 monilis.
1772 665 1888 728 hoc
1932 683 2221 746 praesepe
2262 667 2436 728 huius
2464 668 2769 747 praesepis
2810 666 3163 729 declinatur.

581 789 718 832 nam
763 769 918 848 quod
955 768 1196 829 Plautus
1241 768 1457 830 ‘haee
1509 786 1917 847 praesepes
1976 785 2125 830 mea
2178 773 2321 830 est’
2368 787 2587 848 genere
2626 769 2942 838 feminino,
3012 771 3169 830 sicut

531 897 556 936 5
582 871 736 950 apud
781 873 1058 940 Graecos,
1103 872 1422 932 auctoritas
1453 879 1571 939 est,
1617 889 1739 932 non
1782 873 1953 932 ratio.
2043 889 2151 950 pes
2192 873 2349 932 enim
2397 873 2707 934 terminata
2752 871 2987 934 nomina
3042 872 3168 933 sive

581 981 853 1053 correpta
895 974 1015 1034 sive
1047 971 1338 1052 producta
1385 982 1485 1034 aut
1529 975 1598 1032 tis
1640 973 1859 1034 sacient
1872 974 2229 1052 genetivum
2268 982 2370 1034 aut
2410 974 2517 1043 dis,
2562 991 2812 1053 praepes
2844 974 3165 1055 praepetis,

510 1067 518 1074 ’
582 1095 685 1155 pes
730 1076 916 1154 pedis.
1005 1092 1140 1136 nam
1186 1075 1367 1154 dapes
1411 1093 1662 1137 numero
1705 1091 1942 1154 semper
1984 1073 2198 1154 plurali
2238 1074 2636 1164 declinantur.
2682 1075 2895 1154 dapem
2934 1083 3169 1138 tannim

581 1177 758 1238 modo
815 1177 934 1255 legi
977 1195 1227 1238 numero
1273 1176 1584 1255 singulari,
1635 1178 1789 1238 sicut
1824 1175 2147 1238 multorum
2191 1178 2495 1238 nominum
2554 1163 2729 1258 aliqui
2774 1196 2947 1240 casus
3002 1180 3169 1238 inve·

580 1280 851 1348 niuntur,
899 1285 966 1340 ut
1005 1288 1245 1357 sponte,
1293 1278 1459 1346 tabo,
1507 1278 1766 1358 luppiter
1811 1298 1847 1340 o
1889 1279 2169 1358 luppiter.
2258 1296 2391 1339 nam
2436 1281 2537 1359 qui
2586 1279 2845 1341 declinat
2886 1279 2984 1340 hic
3026 1279 3169 1358 lup-

503 1402 556 1445 ιο
582 1383 734 1460 piter
779 1382 952 1442 huius
996 1382 1164 1450 lovis,
1211 1388 1406 1462 potest
1443 1388 1503 1443 et
1555 1380 1650 1442 hic
1686 1381 1964 1442 Phoebus
2005 1380 2177 1444 buius
2217 1381 2503 1460 Apollinis
2546 1381 2845 1444 declinare
2896 1389 2957 1442 et
3014 1381 3173 1443 baec

579 1483 842 1545 Minerva
885 1484 1063 1544 huius
1108 1483 1359 1546 Palladis
1399 1493 1458 1544 et
1497 1483 1590 1544 hic
1630 1483 1921 1545 Hercules
1964 1483 2138 1545 huius
2176 1483 2430 1544 Alcidae.

751 1585 796 1646 F
832 1585 879 1646 G
915 1585 1002 1646 H:
1065 1586 1157 1646 his
1198 1585 1405 1648 litteris
1451 1604 1664 1648 nomen
1711 1603 1829 1646 non
1872 1586 2111 1664 repperi
2156 1587 2551 1647 terminatum.

749 1687 774 1747 1
819 1686 1010 1750 littera
1055 1690 1363 1750 terminata
1407 1689 1644 1749 nomina
1691 1695 1971 1766 quattuor
2014 1694 2245 1748 tantum
2285 1686 2461 1748 modo
2502 1688 2746 1767 repperi
2786 1687 2915 1748 sine
2963 1687 3170 1766 aliqua

582 1788 991 1851 declinatione.
1068 1807 1200 1850 nam
1247 1797 1588 1869 monoptota
1626 1797 1765 1850 sunt
1803 1791 1921 1851 duo
1964 1791 2200 1867 generis
2242 1789 2464 1860 omnis„
2512 1788 2607 1850 hic
2650 1796 2710 1850 et
2755 1789 2901 1850 haec
2948 1797 3007 1850 et
3050 1789 3173 1850 hoc

507 1913 554 1954 ιε,
586 1891 749 1952 nihili
799 1892 1000 1970 frugi,·
1051 1899 1110 1953 et
1159 1892 1276 1953 duo
1321 1894 1554 1972 generis
1609 1893 1803 1954 neutri
1849 1910 2097 1954 numero
2142 1899 2369 1952 tantum
2413 1891 2589 1952 modo
2632 1890 2859 1970 singula
2875 1889 2893 1974 ΙΙ
2907 1893 2993 1960 ri,
3048 1891 3171 1952 hoc

581 1996 828 2064 cummi,
897 1994 1012 2055 hoc
1051 1995 1269 2073 sinapi;
1347 1995 1610 2074 quamvis
1649 1993 1892 2056 Plautus
1949 1995 2007 2054 in
2052 1993 2347 2056 Pseudulo
2402 1994 2551 2054 haee
2611 1995 2851 2073 senapis
2906 1992 3173 2055 deelina-

531 2097 744 2198 ‘verit
830 2097 1022 2158 inveni
1080 2104 1141 2158 et
1190 2096 1346 2157 duo·
1372 2099 1431 2157 in
1486 2113 1737 2158 numero
1792 2095 2006 2175 plurali
2060 2094 2409 2165 masculina,
2468 2095 2525 2156 in
2578 2113 2829 2158 numero
2880 2094 3177 2175 singulari

581 2205 811 2267 neutra,
848 2198 912 2259 hi
942 2199 1086 2278 Argi
1129 2199 1244 2259 hoc
1284 2202 1490 2278 Argos,
1539 2199 1600 2259 hi
1645 2201 1813 2278 porri
1856 2199 1970 2258 hoc
2015 2214 2281 2276 porrum.

749 2301 829 2362 K:
889 2301 1003 2362 hac
1045 2300 1238 2362 littera
1281 2299 1509 2362 nullum
1553 2317 1767 2362 nomen
1814 2301 2180 2360 terminatur.

503 2424 554 2464 ιο
751 2403 796 2464 L
837 2401 1030 2463 littera
1085 2403 1394 2464 terminata
1437 2403 1672 2464 nomina
1726 2402 1929 2488 Latina
1984 2403 2217 2480 generis
2274 2399 2579 2461 masculini
2632 2406 2693 2462 et
2744 2401 3009 2463 seminini
3062 2421 3174 2464 ex-

579 2505 763 2582 ceptis
805 2511 1083 2584 quattuor
1123 2504 1278 2565 nulla
1321 2506 1602 2584 reperieS,
1651 2505 1749 2566 hic
1789 2503 1894 2574 sol,
1938 2504 2086 2565 haec
2115 2501 2435 2583 Tanaquil:
2480 2502 2769 2584 Tanaquil
2812 2505 2969 2566 enim
3014 2523 3175 2564 uxor

577 2606 686 2666 fuit
728 2604 1008 2684 Tarquini
1051 2607 1268 2676 Prisci;
1336 2606 1751 2686 appellativum
1810 2605 2047 2686 quidem
2092 2611 2210 2673 est,
2264 2605 2367 2666 sed
2424 2623 2535 2685 pro
2584 2606 2827 2685 proprio
2878 2605 3173 2668 habetur:

577 2709 675 2770 hic
713 2708 937 2778 consul,
988 2707 1083 2769 hic
1127 2716 1187 2770 et
1223 2707 1371 2770 haec
1417 2717 1476 2769 et
1515 2709 1632 2770 hoc
1675 2707 1829 2769 exul.
1920 2707 2167 2786 generis,
2202 2725 2343 2768 vero
2385 2707 2578 2768 neutri
2630 2706 2880 2787 plurima
2924 2710 3173 2770 nomina

577 2812 840 2890 reperies
894 2810 1006 2871 hac
1060 2809 1256 2873 littera
1311 2811 1650 2880 terminata,
1711 2807 1888 2888 quae'
1920 2811 1971 2870 si
2018 2817 2193 2872 erunt
2236 2807 2666 2888 monosyllaba,
2722 2811 2785 2870 in
2836 2810 3107 2887 genetivo
3150 2809 3173 2870 l

501 2933 550 2973 m
579 2912 770 2974 littera
809 2911 1230 2992 duplicabitur,
1277 2912 1395 2974 mel
1437 2911 1654 2982 melliS,
1701 2911 1781 2974 sel
1822 2911 1993 2974 fellis.
2082 2913 2370 2990 excipitur
2420 2929 2603 2972 unum
2652 2910 2737 2972 sal
2780 2909 2946 2981 salis,
3004 2913 3175 2974 unde

575 3015 814 3095 quidam
885 3015 1000 3075 hoc
1067 3013 1187 3077 sale
1260 3016 1572 3077 declinant.
1672 3015 1867 3076 omnia
1936 3025 2132 3076 tamen
2194 3013 2421 3076 ratione
2488 3013 2695 3074 tertiae
2759 3011 3175 3075 declinationis

575 3117 930 3178 flectuntur:
988 3135 1124 3178 nam
1169 3118 1220 3178 is
1272 3116 1492 3198 syllaba
1549 3119 1885 3196 genetivum
1946 3116 2273 3195 proferunt.
2362 3115 2531 3194 siqua
2594 3113 2705 3176 alia
2762 3116 2993 3177 inventa
3034 3116 3173 3177 l'ue-

575 3219 694 3280 rint
739 3219 996 3298 exceptis
1043 3237 1224 3299 supra
1277 3221 1486 3300 positis
1543 3220 1777 3296 generis
1833 3217 2171 3286 masculini,
2233 3216 2489 3278 barbara
2542 3224 2707 3284 sunt,
2769 3225 2835 3278 ut
2876 3216 3175 3279 Hannibal

575 3319 908 3383 Hasdrubal
973 3320 1268 3382 Hamilcar
1333 3319 1634 3401 Hiempsal
1699 3319 2013 3383 Adherbal.
2104 3320 2478 3380 inveniuntur
2543 3327 2601 3380 et
2668 3319 2907 3408 generis
2964 3323 3177 3382 neutri

499 3441 550 3483 ao
577 3421 832 3484 barbara
869 3421 888 3482 l
934 3421 1124 3483 littera
1165 3423 1492 3492 terminata,
1541 3423 1656 3484 hoc
1701 3421 1946 3492 Muthul,
1992 3423 2108 3483 hoc
2150 3420 2378 3484 Suthul.

743 3525 798 3586 Μ
843 3524 1036 3585 littera
1079 3525 1453 3585 terminatum
1510 3543 1727 3586 nomen
1780 3526 2019 3604 generis
2062 3523 2368 3586 masculini
2424 3522 2513 3584 vel
2559 3523 2853 3595 feminini,
2916 3532 3177 3604 excepto

575 3643 692 3686 uno
729 3627 962 3703 generis
1015 3627 1208 3687 omnis
1261 3634 1639 3706 monoptoto,
1697 3628 1981 3689 Latinitas
2034 3645 2151 3687 non
2204 3625 2412 3695 habet,
2469 3626 2567 3686 hic
2626 3633 2685 3688 et
2736 3627 2883 3687 haec
2936 3635 2995 3688 et
3046 3627 3178 3688 boc

573 3745 845 3807 nequam.
937 3729 1132 3788 neutri
1187 3730 1424 3806 generis
1478 3728 1729 3808 plurima
1788 3732 2083 3807 reperie8‚
2138 3747 2285 3808 quae
2338 3729 2611 3806 genetivo
2657 3747 2797 3789 casu
2854 3737 2955 3790 aut
2996 3747 3114 3791 una
3157 3731 3181 3790 i

573 3835 673 3890 aut
714 3828 941 3890 duabus
995 3828 1499 3900 terminabuntur;
1560 3838 1701 3894 tunc
1761 3850 1908 3902 una,
1967 3833 2021 3894 si
2062 3839 2198 3893 ante
2239 3849 2341 3892 um
2385 3829 2667 3910 syllabam
2720 3832 3111 3893 nominativus
3154 3833 3181 3893 i

494 3948 545 3990 aa
573 3949 690 3992 non
747 3930 1052 4002 habuerit,
1107 3939 1174 3992 ut
1225 3931 1342 3991 hoc
1382 3932 1600 3994 bellum
1660 3951 1913 4012 regnum
1968 3940 2301 4012 sceptrum,
2359 3931 2499 3993 belli
2558 3933 2731 4012 regni
2780 3936 3021 4010 sceptri.
3116 3938 3181 3996 si

571 4033 878 4104 habuerit,
923 4036 1226 4114 genetivus
1271 4035 1500 4097 duabus
1545 4037 1565 4096 i
1611 4037 2049 4106 terminabitur,
2098 4042 2165 4096 ut
2204 4035 2321 4098 hoc
2364 4035 2717 4097 sacrificium
2766 4033 2937 4096 huius
2980 4038 3179 4098 sacri-

567 4137 719 4206 flcii;
775 4137 928 4200 sicut
975 4139 1150 4200 etiam
1207 4155 1356 4216 quae
1408 4145 1542 4198 ante
1589 4155 1658 4198 us
1699 4137 1984 4220 syllabam
2037 4136 2260 4199 habent
2302 4139 2353 4208 i,
2414 4143 2481 4198 ut
2522 4136 2837 4199 Terentius
2880 4137 3177 4200 Terentii.

705 4341 738 4394 3
787 4341 941 4394 huius
977 4343 1244 4410 praesepis
1273 4299 1557 4394 declinatur
1593 4344 1642 4394 B
1673 4341 1828 4394 huius
1863 4343 2145 4410 praesepis.
2186 4341 2284 4392 hoc
2322 4343 2458 4392 enim
2498 4357 2684 4408 genere
2718 4342 2998 4393 declinatur
3034 4356 3069 4400 ς

567 4413 598 4462 4
639 4413 774 4474 quod
808 4429 898 4465 om.
925 4429 964 4477 p
1067 4413 1196 4462 haec
1228 4428 1504 4480 praesepes
1541 4429 1655 4462 mea
1690 4421 1769 4463 est
1798 4427 1835 4474 p
1872 4413 1999 4462 haee
2033 4412 2297 4478 praesepis
2328 4429 2438 4462 mea
2470 4422 2545 4462 est
2580 4411 2841 4465 Sacerdos
2876 4411 2971 4462 hoc
2994 4411 3173 4475 (cor-r.

568 4480 717 4541 haee)
745 4497 1016 4548 praesepes
1043 4497 1186 4533 meus
1211 4481 1374 4546 (corr.
1407 4482 1544 4546 mea)
1571 4493 1648 4534 est
1681 4483 1749 4534 B.
1794 4484 2057 4534 Charisius
2086 4497 2138 4546 p.
2162 4485 2231 4533 44
2262 4485 2311 4532 in
2340 4485 2514 4534 eadem
2539 4497 2601 4532 re
2621 4486 2792 4546 posuit
2813 4497 3007 4533 ver-swa
3036 4485 3175 4536 Gur.

569 4551 775 4602 calionis
795 4553 838 4602 11
869 4553 912 4612 1,
942 4553 1004 4604 13
1041 4556 1164 4616 quin
1191 4555 1438 4621 reciperet
1463 4569 1518 4604 se
1549 4551 1648 4602 huc
1671 4568 1816 4604 esum
1848 4554 1916 4603 ad
1939 4569 2237 4620 praesepem
2266 4567 2431 4603 suam.
2471 4553 2545 4603 ad
2572 4553 2707 4618 quod
2726 4556 3005 4617 exemplum
3020 4555 3183 4608 haud

569 4623 674 4672 seio
711 4637 778 4670 an
823 4623 948 4672 haec
983 4639 1178 4689 quoque
1227 4625 1516 4676 revocanda
1550 4627 1653 4674 sint
1696 4627 1803 4688 ita,
1853 4623 1989 4687 quod
2024 4623 2234 4674 Plautus
2284 4621 2411 4672 haee
2456 4637 2729 4688 praesepes
2778 4637 2906 4672 usus
2942 4633 3021 4674 est
3135 4651 3143 4660 ·

573 4690 636 4742 16
673 4693 860 4740 cummi
898 4692 948 4741 B
983 4693 1179 4758 gummi
1211 4710 1248 4758 p
1440 4695 1524 4759 pla
1530 4705 1612 4742 ιι
1588 4709 1644 4742 us
1679 4693 1989 4760 ipsenudulo
2020 4693 2109 4743 B:
2138 4693 2305 4743 Plana
2350 4693 2587 4744 Pseudnl.
2630 4693 2697 4742 lll
2732 4695 2784 4757 2,
2816 4693 2884 4744 28
2922 4693 3052 4758 (817
3082 4695 3171 4761 R)

706 4760 774 4812 29
804 4761 1015 4828 iempsal
1053 4761 1259 4813 adei-bal
1289 4761 1342 4814 B
1479 4763 1546 4814 35
1577 4765 1766 4830 sceptri
1803 4779 1893 4814 om.
1922 4763 1990 4824 B,
2028 4763 2151 4814 add.
2182 4763 2443 4816 Sacerdos
