3434 5442
648 328 670 387 i
688 328 765 390 16
1813 324 2042 387 PROBI

740 454 787 497 p.
812 442 904 485 ω.
922 444 973 485 35
1001 442 1053 486 a.
2783 454 2828 493 ρ.
2853 440 3032 483 :m-u
3061 438 3110 483 v.

809 513 953 574 Item
1002 516 1061 573 in
1106 531 1281 593 supra
1325 513 1478 574 dicta
1525 513 1711 574 forma
1771 523 1907 575 sunt
1961 512 2154 592 aliqua
2210 514 2478 582 nomina,
2536 530 2688 590 quae
2731 519 2789 572 et
2829 513 3206 589 figuratorum

642 617 946 677 nominum
992 618 1249 694 speciem
1294 615 1570 685 habeant,
1616 623 1679 676 ut
1717 625 1859 695 puta
1899 617 2210 701 exercitus
2296 632 2482 694 quare
2526 614 2638 674 hoc
2668 632 2995 685 monemus,
3035 614 3205 692 quod,

640 720 689 777 si
734 701 1388 793 exercitus-figuratum
1433 734 1647 778 nomen
1707 736 1836 777 esse
1889 718 2215 795 reperitur,
2275 715 2389 777 hoc
2437 724 2525 778 est
2569 724 2634 776 ut
2677 716 2980 793 fatigatum
3034 718 3207 793 signi-

640 820 821 880 ficans
877 817 1273 896 intellegatur,
1333 818 1406 881 ad
1464 818 1620 879 docti
1680 820 1926 880 sormam
1985 836 2090 897 per
2146 835 2355 878 omnes
2403 836 2574 879 casus
2631 816 3054 885 declinabitur;
3119 818 3206 877 sin

588 948 613 985 a
642 914 779 982 vet’o
843 922 1135 981 exercitus
1198 919 1633 981 multitudinem
1684 919 1986 981 hominum
2051 920 2247 980 facere
2298 918 2763 988 demonstratur,
2831 919 2904 981 ad
2961 904 3206 979 sormam

637 1023 852 1084 fluctus
894 1021 1179 1083 declinari
1220 1025 1653 1101 pronuntiatur.
1688 1020 1714 1106 ΙΙ
2425 1084 2439 1093 ,

805 1125 951 1185 Item
992 1126 1051 1185 in
1089 1124 1201 1184 hac
1246 1141 1423 1201 supra
1466 1126 1683 1204 scripta
1740 1125 1927 1184 forma
1975 1125 2304 1204 quaeritur,
2365 1142 2480 1201 qua
2525 1123 2598 1183 de
2643 1140 2816 1183 causa
2865 1123 2980 1182 sint
3021 1120 3212 1201 aliqua

638 1228 905 1297 nomina,
950 1244 1101 1304 quae
1143 1226 1333 1287 dativo
1373 1225 1461 1286 vel
1502 1225 1750 1287 ablativo
1795 1244 1932 1286 casu
1989 1226 2221 1285 numeri
2269 1225 2512 1304 pluralis
2555 1233 2690 1285 ante
2733 1223 2994 1285 ultimam
3040 1222 3210 1303 sylla·

640 1327 775 1388 bam
816 1334 873 1389 et
914 1346 1020 1406 per
1057 1330 1075 1388 i
1118 1336 1177 1389 et
1218 1345 1325 1407 per
1371 1346 1410 1388 ιι
1442 1327 1697 1389 litteram
1740 1326 2092 1393 scribantur,
2139 1332 2206 1387 ut
2248 1336 2386 1405 puta
2431 1326 2504 1388 ab
2541 1326 2656 1387 hoc
2691 1334 2842 1397 artu,
2887 1325 2978 1386 his
3007 1323 3098 1385 vel
3137 1322 3210 1385 ab

496 1432 503 1441 ”
567 1456 613 1497 10
640 1430 729 1490 his
774 1428 1039 1491 artubus,
1099 1448 1283 1510 quare
1321 1430 1435 1490 hoc
1475 1448 1802 1495 monemus,
1852 1428 2006 1507 quod
2053 1447 2458 1508 quaecumque
2503 1428 2742 1489 nomina
2785 1424 3034 1489 ablativo
3073 1444 3212 1487 casu

639 1534 873 1604 numeri
915 1530 1227 1610 singularis
1271 1549 1310 1590 u
1350 1529 1537 1592 littera
1600 1534 1992 1593 terminantur
2049 1539 2108 1591 et
2152 1530 2374 1591 dativos
2418 1530 2506 1591 vel
2549 1529 2832 1591 ablativos
2876 1546 3048 1589 casus
3103 1546 3214 1587 nu-

638 1635 788 1696 meri
831 1631 1073 1713 pluralis
1118 1652 1252 1695 cum
1298 1632 1410 1693 illis
1454 1632 1819 1703 nominibuS,
1879 1652 2030 1712 quae
2072 1632 2322 1693 ablativo
2368 1650 2506 1693 casu
2551 1633 2782 1693 numeri
2827 1628 3140 1709 singularis
3181 1649 3216 1689 ε

636 1734 827 1797 littera
866 1734 1092 1796 scilicet
1120 1742 1393 1814 correpta
1426 1736 1806 1809 definiuntur,
1853 1734 2069 1795 similes
2101 1733 2320 1795 habere
2365 1734 2709 1813 probantur,
2750 1732 2896 1794 haec
2935 1733 2995 1792 in
3033 1749 3214 1810 supra

638 1838 806 1898 dictis
850 1835 1084 1898 casibus
1130 1846 1265 1898 ante
1307 1836 1569 1897 ultimam
1612 1836 1894 1917 syllabam
1937 1836 2092 1914 peri
2127 1842 2188 1897 et
2228 1853 2336 1915 per
2368 1855 2408 1896 u
2440 1835 2693 1899 litteram
2737 1834 3215 1912 pronuntiantur,

562 1966 612 2007 15
638 1947 704 2000 ut
746 1946 885 2018 puta
929 1938 1002 1999 ab
1034 1939 1151 1999 hoc
1192 1945 1361 2017 partu
1406 1946 1465 1999 et
1503 1938 1573 1999 ab
1612 1939 1722 2001 hac
1758 1946 1947 2018 parte,
1993 1938 2085 1998 his
2125 1944 2182 1998 et
2225 1937 2296 1998 ab
2328 1938 2420 1998 his
2449 1936 2718 2017 partibus
2759 1935 2848 1997 vel
2893 1934 3216 2014 partubus:

634 2040 857 2103 scilicet
911 2043 1045 2121 quia
1100 2040 1191 2101 his
1230 2040 1322 2101 vel
1358 2040 1431 2101 ab
1472 2041 1566 2101 his
1604 2044 1612 2117 Ι
1652 2040 1920 2119 partibus
1969 2046 2028 2099 et
2070 2038 2142 2100 ab
2184 2058 2216 2099 e
2253 2048 2526 2118 correpta
2581 2039 2816 2099 nomina
2872 2038 3068 2099 facere
3113 2038 3217 2097 de-

636 2150 1057 2204 monstrantur.
1147 2143 1232 2203 sic
1268 2150 1326 2202 et
1364 2151 1559 2203 cetera
1597 2144 1851 2210 nomina,
1899 2160 2050 2220 quae
2091 2140 2340 2201 ablativo
2383 2158 2522 2201 casu
2561 2140 2791 2201 numeri
2831 2138 3146 2216 singularis
3177 2159 3218 2199 u

636 2244 829 2306 littera
871 2246 1267 2306 terminantur
1310 2252 1368 2305 et
1408 2244 1633 2305 dativos
1679 2242 1767 2305 vel
1807 2243 2092 2305 ablativos
2131 2262 2301 2305 casus
2345 2244 2577 2303 numeri
2627 2238 2872 2320 pluralis
2917 2259 3049 2301 cum
3099 2240 3220 2299 illis

638 2346 1005 2416 nominibuS,
1067 2364 1219 2426 quae
1278 2344 1529 2406 ablativo
1598 2364 1737 2407 casu
1791 2348 2025 2407 numeri
2087 2345 2400 2423 singularis
2456 2364 2488 2405 e
2549 2343 2740 2405 littera
2802 2344 3218 2411 terminantur,

560 2474 611 2513 20
637 2448 855 2509 similes
899 2447 1119 2509 habere
1160 2450 1556 2527 reperiuntur,
1604 2450 1663 2509 in
1708 2447 1916 2509 eodem
1961 2448 2152 2509 dativo
2193 2452 2286 2507 vel
2327 2448 2579 2507 ablativo
2623 2462 2762 2507 casu
2807 2446 3040 2505 numeri
3084 2443 3220 2523 plu-

638 2550 777 2611 ralis
818 2559 879 2612 et
910 2552 1063 2628 peri
1102 2558 1161 2613 et
1202 2568 1309 2627 per
1342 2568 1381 2609 u
1406 2547 1659 2615 litteram
1704 2557 1838 2611 ante
1881 2549 2142 2611 ultimam
2187 2547 2470 2629 syllabam
2511 2547 2688 2609 scribi
2735 2548 3218 2626 pronuntiantur.

803 2653 949 2713 Item
996 2654 1055 2713 in
1096 2670 1274 2731 supra
1318 2651 1469 2712 dicta
1517 2652 1704 2713 forma
1744 2652 2061 2731 quaeritur,
2103 2653 2270 2719 vitm,
2317 2668 2452 2711 cum
2484 2649 2739 2711 dativum
2776 2648 2864 2709 vel
2897 2648 3220 2709 ablativum

635 2772 835 2815 casum
876 2756 1113 2815 numeri
1156 2752 1399 2832 pluralis
1442 2753 1661 2815 similes
1706 2770 1842 2814 cum
1889 2752 2004 2814 illis
2042 2752 2397 2823 nominibuS,
2439 2771 2588 2832 quae
2632 2750 2882 2813 ablativo
2923 2769 3059 2811 casu
3107 2769 3224 2812 nu·

636 2858 784 2917 meri
830 2854 1141 2934 singularis
1186 2875 1219 2917 ε
1263 2855 1455 2918 littera
1504 2864 1777 2934 correpta
1822 2858 2242 2925 terminantur,
2297 2853 2518 2915 habere
2561 2855 2925 2933 reperiatur,
2981 2870 3094 2933 qua
3143 2854 3226 2913 de

557 2982 609 3024 25
636 2976 812 3019 causa
866 2958 927 3017 in
979 2957 1167 3019 isdem
1222 2976 1403 3037 supra
1448 2958 1619 3018 dictis
1668 2956 1900 3018 casibus
1944 2964 2081 3018 ante
2129 2957 2391 3017 ultimam
2447 2955 2724 3037 syllabam
2775 2973 2894 3015 non
2943 2973 3050 3032 per
3095 2957 3116 3014 i
3161 2962 3230 3015 et.

634 3078 742 3139 per
778 3078 819 3120 u
864 3059 1119 3132 litteram
1168 3061 1583 3137 pronuntietur
1632 3060 1830 3120 scribi.
1920 3058 2032 3119 hac
2069 3060 2142 3119 de
2193 3076 2402 3129 causa,
2459 3059 2734 3137 quoniam
2783 3059 2930 3118 vitus
2973 3074 3094 3117 non
3140 3059 3227 3116 si-

636 3160 804 3223 miles
840 3179 1019 3240 supra
1064 3164 1316 3240 scriptos
1360 3180 1531 3225 casus
1570 3161 1791 3222 habere
1849 3181 1983 3222 cum
2025 3159 2142 3220 illis
2180 3159 2546 3228 nominibus,
2591 3178 2743 3239 quae
2781 3156 3033 3220 ablativo
3073 3178 3226 3219 casu

636 3266 870 3327 numeri
914 3263 1228 3342 singularis
1270 3282 1302 3325 e
1346 3262 1538 3325 littera
1594 3263 1820 3325 scilicet
1861 3271 2134 3340 correpta
2192 3264 2614 3330 terminantur,
2673 3262 3124 3339 pronuntiatur,
3171 3264 3228 3321 si

635 3367 872 3443 quidem
918 3366 993 3426 ab
1040 3365 1149 3427 hac
1192 3367 1312 3426 vitu
1344 3360 1371 3449 ss
1402 3366 1493 3426 his
1530 3365 1622 3426 vel
1662 3365 1736 3425 ab
1781 3364 1873 3426 his
1913 3364 2126 3425 vitibus
2195 3382 2400 3443 presso
2445 3371 2692 3425 accentu
2735 3365 3228 3441 pronuntiantur,

557 3492 610 3533 ao
636 3475 695 3527 at
740 3486 879 3529 vero
922 3467 995 3528 ab
1026 3467 1137 3528 hac
1183 3470 1295 3528 vite
1339 3467 1430 3527 his
1468 3466 1559 3529 vel
1604 3468 1680 3527 ab
1712 3467 1805 3527 his
1849 3467 2058 3527 vitibus
2090 3475 2264 3527 acuto
2305 3474 2552 3527 accentu
2600 3472 2943 3535 tenuantur3
2989 3472 3048 3527 et
3079 3465 3230 3525 ideo

640 3570 787 3629 vitus
830 3570 1023 3630 dativo
1068 3569 1156 3629 vel
1200 3568 1450 3630 ablativo
1496 3586 1637 3630 casu
1677 3572 1910 3630 numeri
1955 3568 2197 3648 pluralis
2241 3577 2376 3629 ante
2413 3567 2678 3629 ultimam
2717 3565 2996 3647 syllabam
3043 3586 3158 3647 per
3207 3569 3232 3627 i

636 3678 862 3731 tantum
900 3670 1153 3731 litteram
1194 3672 1629 3749 pronuntiatur.

804 3771 951 3833 Item
990 3775 1050 3833 in
1096 3774 1207 3833 hac
1258 3790 1436 3850 supra
1482 3776 1697 3852 scripta
1747 3773 1966 3843 forma,
2025 3791 2139 3851 qua
2188 3772 2440 3833 diximus
2495 3770 2745 3832 ablativo
2791 3790 2932 3833 casu
2981 3774 3236 3833 numeri

636 3873 947 3952 singularis
1010 3876 1247 3936 uomina
1312 3894 1350 3936 u
1404 3874 1602 3935 littera
1667 3875 1998 3945 terminari,
2069 3875 2402 3954 quaeritur,
2475 3892 2590 3954 qua
2649 3874 2722 3935 de
2765 3892 2942 3935 causa
3005 3874 3234 3936 eadem

558 3997 609 4038 35
636 3977 876 4036 nomina
936 3978 995 4036 iu
1052 3977 1407 4038 nominativo
1468 3977 1800 4037 accusativo
1857 3985 1916 4037 et
1971 3979 2231 4037 vocativo
2284 3995 2422 4037 casu
2493 3978 2720 4043 numeri
2781 3975 3022 4054 pluralis
3079 3986 3234 4037 ante

636 4076 901 4139 ultimam
948 4087 1379 4152 consonantem,
1415 4097 1533 4140 non
1574 4098 1684 4157 per
1729 4080 1892 4149 duas,
1935 4080 2040 4141 sed
2083 4098 2190 4158 per
2231 4098 2410 4139 unam
2455 4096 2494 4138 u
2537 4077 2792 4139 litteram
2838 4081 3235 4158 reperiantur

634 4180 834 4243 scribi.
922 4180 1035 4241 hac
1073 4183 1146 4243 de
1186 4200 1380 4252 causa,
1425 4184 1703 4261 quoniam
1745 4183 1938 4241 omnia
1979 4183 2212 4241 nomina
2259 4183 2497 4258 generis
2539 4179 2847 4241 masculini
2885 4182 3006 4243 sive
3042 4182 3236 4241 semi-

774 4318 797 4367 1
843 4333 971 4381 quae
1005 4328 1053 4369 et
1084 4320 1129 4370 R
1162 4334 1293 4383 quae
1321 4319 1374 4370 B
1512 4319 1544 4371 3
1592 4319 1842 4385 reperitur
1877 4334 1935 4369 νυ
1975 4320 2291 4384 repperiatur
2323 4316 2370 4368 R
2509 4316 2544 4367 8
2581 4319 2752 4368 datiuo
2789 4316 2869 4367 uel
2901 4317 3132 4367 ablatiuo
3173 4318 3239 4367 B

635 4389 809 4439 «latino
849 4400 897 4438 et
934 4390 1158 4439 ablatiuo
1195 4388 1242 4439 R
1435 4397 1553 4439 ante
1587 4388 1816 4438 ultimam
1847 4405 1878 4438 r
1913 4398 2032 4453 post
2064 4388 2294 4438 ultimam
2330 4387 2431 4439 RB
2611 4388 2672 4439 11
2710 4389 2910 4438 (latinos
2939 4389 3019 4438 uel
3056 4386 3135 4451 (et
3167 4388 3236 4449 r)

634 4458 884 4507 ablatiuos
922 4472 1073 4509 casus
1108 4458 1154 4509 R
1190 4459 1364 4509 datiuo
1402 4466 1449 4508 et
1478 4458 1702 4509 ablatiuo
1741 4458 1945 4509 casu-B
2109 4458 2177 4509 14
2214 4466 2330 4508 ante
2363 4459 2590 4509 ultimam
2629 4474 2661 4506 r
2693 4466 2812 4524 post
2847 4458 3075 4507 ultimam
3119 4458 3240 4509 RB

774 4530 1165 4592 pronuntiantur
1198 4545 1257 4578 νυ
1290 4530 1643 4594 pronuntiatur
1676 4528 1724 4579 R
1863 4529 1930 4581 15
1967 4527 2046 4579 uel
2083 4528 2332 4594 partubus
2371 4528 2420 4579 B
2467 4529 2550 4579 uel
2586 4529 2798 4577 artubus
2833 4528 2882 4578 R
3029 4528 3094 4578 17
3135 4543 3238 4576 ce·-

634 4606 743 4646 tera
778 4599 981 4647 uomina
1017 4599 1063 4649 R
1102 4609 1266 4649 cetera
1302 4598 1403 4648 alia
1438 4600 1645 4649 nomina
1679 4599 1732 4648 B
1869 4600 1937 4650 20
1973 4598 2053 4649 vel
2089 4598 2310 4649 ablativo
2345 4614 2434 4650 om.
2477 4598 2576 4649 RB
2713 4600 2782 4648 24
2817 4599 3106 4664 reperiatur
3143 4598 3244 4651 Βι-

565 4686 573 4707 ι
634 4668 989 4732 repperiantur
1020 4668 1063 4719 R
1239 4670 1307 4720 2ss
1346 4672 1694 4733 pronuntietur
1727 4684 1759 4716 r
1793 4668 2180 4735 pronuntientur
2215 4668 2314 4720 RB
2489 4668 2556 4721 29
2592 4670 2978 4735 pronuntiantur
3013 4666 3064 4719 B
3099 4683 3243 4733 pro·

634 4739 895 4787 nuntiatur
927 4738 972 4787 lt
1113 4738 1183 4789 30
1217 4744 1487 4789 tenuantur
1522 4738 1619 4790 RB
1652 4748 1889 4789 tenuatur
1924 4755 1956 4789 r
2129 4738 2198 4790 32
2235 4741 2590 4804 pronuntiatur
2621 4755 2652 4787 r
2687 4739 3080 4804 pronuntiantur
3121 4738 3244 4788 RB

774 4809 842 4863 35
876 4816 993 4857 aute
1028 4808 1256 4857 ultimam
1296 4825 1321 4859 υ
1356 4818 1472 4874 post
1503 4810 1730 4859 ultimam
1767 4810 1865 4859 ltB
2005 4809 2072 4862 36
2105 4825 2200 4861 non
2243 4826 2332 4875 per
2363 4810 2492 4861 duas
2530 4817 2606 4858 set
2641 4809 2686 4859 lt
2721 4810 2970 4859 interdum
3011 4819 3062 4859 et
3100 4809 3157 4859 B
