3434 5442
1319 350 1741 415 PRAEFATIO
2618 366 2817 412 xxvu

253 540 448 605 multa
491 540 716 604 addita
759 540 864 604 vel
907 541 1228 603 inmutata
1269 560 1410 603 esse
1453 536 1857 622 putabimus,
1905 538 2285 622 praesertim
2330 559 2477 601 cum
2506 537 2577 601 id
2606 539 2819 621 egisse

251 642 569 723 videatur,
617 652 688 705 ut
731 664 816 706 ex
863 640 1280 726 amplissimis
1323 639 1522 704 Probi
1565 639 1769 724 copiis
1814 660 1893 703 ea
1934 640 2342 724 potissimum
2369 661 2537 726 quae
2567 640 2649 703 ad
2679 638 2818 705 vul-

247 765 460 828 garem
503 742 762 809 dicendi
805 765 995 807 usum
1037 742 1435 827 pertinerent
1478 742 1827 827 exciperet.
1915 742 2138 828 itaque
2181 750 2255 806 ut
2297 742 2555 827 singula
2605 763 2819 807 exem-

245 844 348 930 pla
389 867 508 931 per
549 854 756 911 totum
800 845 1040 910 librum
1083 844 1374 931 dispersa
1417 844 1742 923 omittam,
1801 864 1879 907 ea
1932 864 2099 928 quae
2155 843 2236 907 de
2291 844 2553 909 casibus
2609 842 2820 929 deque

244 947 462 1012 formis
499 946 873 1012 casualibus
916 970 988 1032 p.
1034 954 1112 1017 32
1159 969 1298 1032 sqq.
1346 946 1634 1011 breviter
1676 945 2011 1031 disputata
2052 954 2117 1010 et
2159 967 2326 1031 quae
2370 946 2450 1009 de
2496 954 2821 1011 structura

243 1050 546 1114 orationis
589 1049 657 1113 in
701 1049 830 1113 fine
873 1048 1024 1115 libri
1067 1071 1132 1134 p.
1166 1058 1248 1118 40
1279 1070 1418 1133 sqq.
1465 1048 1710 1133 scripta
1754 1056 1905 1112 sunt
1946 1069 2079 1125 non
2108 1070 2147 1111 a
2176 1047 2391 1112 Probo
2434 1048 2657 1132 petita,
2699 1048 2820 1112 vsed.

241 1158 464 1235 postea
507 1150 736 1216 addita
779 1173 921 1216 esse
964 1161 1143 1237 puto.
1166 1150 1228 1235 *)
1291 1150 1406 1214 sed
1447 1147 1629 1214 illam
1672 1147 1753 1214 de
1798 1158 2127 1214 structura
2156 1149 2660 1235 disputationem
2690 1150 2818 1213 iam

241 1254 502 1339 antiquo
550 1262 840 1339 tempore
883 1252 1203 1318 adiectam
1246 1262 1314 1317 et
1355 1274 1486 1320 una
1527 1273 1676 1315 cum
1720 1250 1985 1336 reliquis
2031 1251 2244 1316 Probo
2299 1251 2613 1316 tributam
2656 1272 2817 1331 esse,

239 1353 384 1419 inde
429 1354 737 1440 adparet,
796 1354 967 1441 quod
1025 1377 1154 1420 non
1211 1352 1418 1419 solum
1463 1376 1505 1418 a
1545 1354 1783 1419 Rufino
1826 1377 1891 1439 p.
1939 1360 2105 1423 2724
2160 1362 2225 1417 et
2278 1354 2346 1417 in
2400 1360 2682 1418 tractatu
2738 1352 2818 1415 de

240 1458 582 1521 structuris
629 1456 799 1521 anal.
844 1478 1117 1541 gramm.
1161 1456 1442 1522 vindob.
1489 1478 1554 1543 p.
1601 1462 1724 1526 508
1785 1455 2103 1542 quaedam
2158 1476 2243 1519 ex
2296 1454 2421 1520 hac
2475 1462 2659 1541 parte
2708 1452 2819 1519 ad-

239 1560 473 1643 scripto
521 1558 722 1623 Probi
765 1559 1022 1623 nomine
1065 1559 1375 1639 citantur,
1423 1580 1590 1644 quae
1640 1579 1840 1643 supra
1866 1580 1933 1641 p.
1966 1556 2106 1621 XX
2146 1556 2435 1623 indicata
2478 1565 2657 1638 sunt,
2704 1556 2818 1621 sed
2904 1640 2907 1643 Α

237 1662 424 1726 etiam
469 1659 790 1726 Claudius
835 1660 1182 1740 Sacerdos,
1237 1652 1524 1724 incertae
1577 1660 1809 1724 aetatis
1861 1660 2351 1743 grammaticus,
2416 1659 2535 1723 sed
2588 1668 2817 1745 quarto

237 1761 488 1827 saeculo
535 1763 656 1827 vix
696 1762 992 1844 inferior,
1038 1763 1151 1848 qui
1193 1759 1514 1827 catholica
1554 1764 1815 1847 integra
1854 1762 1925 1826 in
1966 1784 2157 1826 suum
2196 1759 2437 1826 librum
2464 1761 2816 1844 transtulit,

233 1864 386 1929 haec
429 1886 696 1951 quoque
739 1867 1005 1951 recepit.
1083 1872 1424 1951 praeterea
1466 1864 1665 1929 alium
1709 1863 1791 1929 de
1836 1864 2179 1929 structuris
2224 1864 2821 1929 commentariolum

235 1988 312 2029 ex
364 1967 600 2031 eodem
656 1966 906 2047 codice,
974 1967 1042 2031 in
1098 1988 1225 2053 quo
1280 1964 1602 2031 catholica
1656 1966 1902 2051 scripta
1956 1974 2137 2046 sunt,
2206 1966 2481 2051 petitum
2538 1967 2818 2033 subiecit
2884 1994 2895 2013 =

231 2066 644 2133 Parrhasius.
730 2068 904 2134 hunc
959 2091 1108 2155 eg0,
1165 2070 1462 2156 quamvis
1507 2090 1548 2131 a
1589 2066 1925 2133 catholicis
1954 2068 2227 2133 ·omnino
2284 2067 2531 2132 alienus
2578 2070 2691 2149 sit,
2747 2070 2816 2132 in

231 2192 302 2235 60
353 2172 542 2253 1060,
608 2172 677 2234 in
731 2192 859 2258 quo
915 2193 956 2235 a
1008 2171 1333 2257 prioribus
1389 2170 1747 2235 editoribus
1802 2172 2052 2256 positus
2104 2179 2277 2250 erat,
2324 2169 2817 2256 relinquendum

230 2294 366 2338 esse
409 2274 667 2360 putavi.

393 2375 710 2441 Ceterum
749 2374 942 2456 haec,
987 2396 1156 2463 quae
1199 2375 1280 2439 de
1325 2375 1574 2459 origine
1605 2383 1672 2439 et
1697 2374 1916 2440 indole
1946 2372 2413 2439 catholicorum
2457 2374 2814 2460 disputavi,

231 2478 418 2543 etiam
482 2477 572 2541 ad
617 2478 920 2542 editionis
975 2477 1292 2543 rationem
1347 2477 1629 2563 quodam
1681 2478 1875 2541 modo
1934 2476 2277 2562 pertinent.
2364 2498 2517 2541 nam
2558 2499 2706 2541 cum
2747 2478 2816 2541 in

227 2579 554 2666 plerisque
601 2588 895 2644 veterum
937 2581 1508 2663 grammaticorum
1550 2578 1737 2643 libris
1780 2578 2041 2643 facilius
2084 2600 2230 2642 esse
2260 2578 2467 2643 soleat
2494 2581 2816 2665 corrigere

230 2703 390 2766 quae
434 2680 616 2745 falsa
659 2703 800 2745 esse
846 2681 1145 2767 adparet,
1203 2703 1398 2768 quam
1440 2681 1598 2768 quid
1643 2679 1893 2745 librarii
1948 2681 2393 2765 peccaverint,
2452 2680 2609 2767 quid
2654 2682 2816 2767 ipsis

229 2784 674 2867 grammaticis
719 2784 1052 2866 debeatur,
1096 2784 1386 2849 iudicare
1429 2794 1496 2849 et
1535 2804 1704 2869 quae
1748 2782 1833 2847 ab
1874 2782 1976 2847 his
2007 2782 2251 2868 scripta
2280 2791 2460 2864 sunt,
2490 2804 2619 2847 non
2648 2804 2818 2870 quae

231 2886 422 2951 scribi
470 2885 872 2967 debuerunt,
917 2887 1292 2966 restituere,
1338 2895 1476 2950 tum
1521 2887 1600 2950 iis
1647 2884 2107 2971 scriptoribus,
2165 2886 2306 2971 qui,
2354 2886 2521 2951 sicut
2571 2886 2643 2949 in
2692 2884 2817 2950 hoc

228 2986 388 3051 libro
417 2988 674 3052 factum
705 2997 830 3068 est,
876 2996 1170 3052 veterum
1204 2998 1552 3075 praccepta
1579 2990 1648 3053 in
1676 2986 2109 3075 conpendium
2133 2986 2553 3073 redegerunt,
2602 2990 2817 3051 cautio

230 3090 602 3155 adhibenda
633 3097 752 3153 est.
813 3110 1014 3175 quare
1045 3112 1438 3176 quamquam
1468 3111 1546 3155 ea
1576 3110 1742 3177 quae
1783 3090 1850 3154 in
1881 3086 2104 3155 codice
2132 3099 2439 3175 corrupta
2483 3100 2635 3155 sunt
2676 3112 2815 3155 cor-

229 3192 496 3277 rigendo
531 3190 643 3256 vel
671 3192 1155 3277 transponendo
1199 3190 1396 3258 facile
1439 3194 1508 3256 in
1551 3193 1797 3257 iustum
1839 3189 2131 3255 ordinem
2157 3192 2451 3256 revocari
2496 3200 2815 3276 poterant,

231 3302 440 3358 tamen
483 3315 622 3358 non
664 3294 847 3357 nulla
887 3296 982 3359 ita
1022 3308 1376 3379 conparata
1405 3303 1616 3375 erant,
1663 3303 1738 3357 ut
1764 3291 2004 3357 codicis
2038 3294 2424 3378 scripturam
2454 3292 2817 3381 relinquere

229 3404 622 3479 praestaret,
665 3416 750 3460 ne
791 3396 1206 3481 neglegentia
1245 3396 1844 3481 grammaticorum,
1891 3416 2165 3481 quorum
2194 3394 2426 3461 studiis
2458 3394 2619 3461 haec
2649 3418 2817 3483 quae

229 3498 408 3562 nobis
459 3497 714 3562 tradita
755 3508 908 3563 sunt
952 3496 1271 3563 debentur
1282 3546 1299 3578 ‚
1347 3499 1678 3563 videretur
1722 3505 2015 3563 correcta
2056 3518 2221 3561 esse.

391 3598 566 3665 Cum
611 3599 949 3664 catholicis
994 3598 1147 3664 olim
1190 3601 1584 3665 instituta
1625 3602 1921 3664 artium
1977 3600 2043 3663 in
2097 3600 2291 3665 unius
2348 3601 2561 3685 operis
2617 3602 2817 3667 conti-

233 3702 542 3765 nuitatem
589 3701 934 3766 coniuncta
985 3700 1222 3783 fuisse,
1279 3703 1372 3767 ita
1413 3712 1488 3765 ut
1531 3703 1832 3767 instituta
1874 3702 2188 3787 priorem,
2244 3700 2564 3769 catholica
2606 3711 2816 3788 poste-

233 3802 460 3867 riorem
517 3803 760 3868 librum
815 3802 1178 3885 efficerent,
1236 3808 1444 3889 prima
1497 3804 1963 3869 catholicorum
2016 3804 2221 3869 verba
2274 3803 2511 3869 docent
2554 3827 2616 3890 p.
2664 3812 2731 3886 3,
2776 3812 2815 3873 2

235 3912 510 3980 quoniam
557 3912 836 3970 instituta
880 3912 1107 3969 artium
1149 3908 1527 3982 sufficienter
1570 3913 1983 3984 tractavimuS,
2033 3928 2195 3971 nanc
2238 3912 2315 3970 de
2356 3912 2670 3973 catholicis
2712 3928 2816 3972 no-

239 4013 447 4071 minum
493 4012 934 4087 verborumque
960 4000 1298 4073 rat'z'onibus
1326 4014 1663 4073 doceamus.
1711 4017 2049 4093 praeterea
2078 4008 2369 4072 eiusdem
2396 4005 2547 4073 libri
2576 4010 2816 4072 mentio

240 4106 403 4172 facta
445 4118 550 4173 est
591 4130 658 4195 p.
705 4118 806 4190 10,
853 4118 955 4178 25.
1007 4118 1105 4191 14,
1153 4117 1251 4178 10.
1301 4118 1400 4191 39,
1449 4118 1508 4181 3.
1555 4118 1657 4192 40,
1705 4120 1804 4190 17,
1848 4110 2023 4174 unde
2066 4109 2341 4195 adparet
2378 4118 2445 4174 et
2472 4109 2553 4174 de
2582 4109 2815 4175 litteris

361 4328 408 4397 ‘)
448 4332 926 4398 Subscriptionem
959 4333 1017 4382 in
1052 4332 1318 4385 Bobiensi
1356 4334 1546 4385 codice
1584 4338 1712 4385 ante
1752 4334 2203 4385 commentarium
2238 4332 2305 4384 de
2342 4334 2635 4385 structuris
2670 4336 2815 4399 posi-

245 4418 360 4477 tam,
385 4430 554 4479 quam
579 4433 750 4483 supra
773 4434 826 4481 p.
847 4416 984 4467 VIII
1006 4418 1248 4481 exhibui,
1277 4419 1360 4469 ita
1385 4420 1660 4484 quispiam
1684 4420 2040 4485 interpretari
2064 4419 2262 4485 possit,
2289 4422 2351 4468 ut
2374 4434 2550 4483 usque
2576 4418 2647 4468 ad
2671 4418 2817 4470 hunc

245 4495 405 4549 locum
443 4506 710 4567 excerpta
745 4502 912 4553 Probi
949 4504 1245 4567 pertinere,
1281 4504 1501 4567 reliqua
1536 4508 1731 4570 postea
1766 4504 1957 4555 addita
1993 4521 2115 4555 esse
2150 4504 2444 4557 indicetur.
2492 4504 2587 4554 sed
2624 4520 2819 4555 vereor

249 4596 306 4632 116
341 4586 676 4651 subscriptio
715 4604 778 4637 eo
817 4586 939 4637 loco
975 4588 1158 4651 posita
1196 4588 1368 4638 errori
1403 4588 1620 4639 librarii
1657 4588 1979 4653 tribuenda,
2017 4605 2126 4641 non
2163 4606 2230 4639 ex
2268 4588 2581 4653 antiquiore
2619 4605 2815 4639 memo-

251 4667 320 4715 ria
349 4672 602 4735 profecta
639 4672 726 4724 sit.
797 4670 936 4722 illud
974 4687 1191 4736 quoque
1238 4670 1384 4735 quod
1428 4672 1509 4724 ibi
1552 4674 1941 4739 interpositum
1979 4678 2034 4726 et
2070 4677 2264 4739 postea
2301 4674 2539 4724 deletum
2578 4678 2687 4737 est,
2727 4692 2818 4725 ars

253 4748 400 4804 Smin·
427 4758 744 4821 grammatici
777 4758 1008 4822 eoepliea't,
1035 4772 1368 4822 quamquam
1393 4758 1568 4809 multa
1592 4756 1658 4811 dc
1682 4760 1901 4812 nomine
1930 4758 2111 4811 Servii
2140 4761 2318 4809 conici
2343 4762 2590 4827 possunt,
2629 4764 2815 4809 tamen

257 4838 402 4889 errori
437 4838 657 4890 librarii
689 4842 936 4893 tribuere
971 4842 1136 4898 malo.
