3434 5442
964 351 1359 414 INSTITVTA
1402 350 1683 415 ARTIVM
1729 350 1971 413 52—61
2668 352 2748 411 55

326 494 339 509 .
366 468 453 511 m.
474 468 527 511 ss
551 466 603 509 n.
2369 492 2380 505 .
2407 464 2496 507 sas.
2515 464 2568 507 3ο
2595 466 2648 508 ν.

204 548 257 601 et
296 480 463 601 :ertia
504 546 669 618 parte
706 540 963 601 nominis
1004 540 1289 599 orationis
1329 556 1469 617 pars
1508 540 1822 617 reperitur,
1869 546 1927 600 at
1965 556 2100 599 vero
2145 539 2202 597 in
2241 478 2496 599 secimda
2544 544 2602 597 et
2643 554 2748 597 no-

202 644 421 703 rissima
460 648 805 719 cor-ruptum
840 658 971 702 esse
1012 642 1323 712 invenitur,
1368 648 1436 701 ut
1468 648 1609 719 puta
1650 643 2022 719 inportunus.
2089 641 2148 699 in
2193 640 2350 699 enim
2391 639 2748 717 praepositio

202 746 493 823 utriusque
522 760 691 805 casus
732 744 1045 821 reperitur,
1096 760 1205 821 por
1246 760 1385 803 vero
1422 750 1770 821 corruptum
1813 745 2122 813 invenitur,
2149 748 2230 801 tu
2259 758 2590 819 pronomen
2623 758 2750 801 esse

200 848 592 923 cognoscitur,
639 864 751 907 nus
792 852 987 906 autem
1029 852 1376 923 corruptum
1420 862 1549 905 esse
1592 842 1900 921 probatur.
1987 843 2074 904 sic
2118 851 2176 903 et
2219 841 2327 903 alia
2373 843 2640 911 nomina,
2687 842 2748 899 in

200 966 435 1026 quorum
480 948 671 1025 prima
716 952 777 1007 et
816 948 987 1007 tertia
1031 952 1201 1024 parte
1242 964 1380 1025 pars
1418 942 1705 1007 orationis
1746 946 2061 1023 reperitur,
2107 951 2165 1005 at
2207 962 2346 1005 vero
2391 945 2450 1003 in
2490 942 2746 1003 secunda
2799 970 2824 1008 s

199 1058 251 1109 et
290 1049 603 1109 novissima
644 1054 989 1127 corruptum
1035 1066 1165 1109 csse
1212 1048 1533 1116 invenitur,
1590 1066 1663 1109 ex
1697 1048 1928 1125 integro
1980 1054 2038 1107 et
2075 1052 2358 1123 corrupto
2418 1053 2477 1105 et
2517 1046 2748 1123 integro

199 1159 251 1211 et
286 1156 567 1227 corrupto
612 1150 685 1210 ad
720 1150 969 1227 figuram
1014 1151 1397 1227 compositam
1444 1151 1744 1227 pertinere
1791 1147 2136 1226 probantur.

350 1252 437 1313 Ex
479 1260 765 1331 corrupto
822 1258 881 1313 et
920 1253 1153 1329 integro
1214 1256 1273 1312 et
1312 1258 1597 1329 corrupto⁴
1650 1256 1709 1311 et
1752 1251 2002 1326 integro.
2091 1250 2276 1325 figura
2331 1250 2634 1309 nominum
2679 1266 2749 1309 ex

196 1360 463 1431 corrupto
506 1361 568 1414 et
610 1356 842 1431 integro
904 1359 964 1413 et
1006 1359 1287 1431 corrupto
1333 1358 1391 1412 et
1430 1353 1661 1430 integro
1712 1353 2116 1430 componitur,
2179 1350 2409 1430 quando
2457 1351 2520 1411 in
2561 1352 2750 1427 prima

196 1464 247 1517 et
282 1457 453 1517 tertia
494 1462 665 1533 parte
703 1446 959 1515 n'ominis
1001 1462 1347 1532 corruptum
1384 1455 1706 1524 invenitur,
1765 1460 1824 1513 at
1867 1470 2006 1513 vero
2049 1454 2112 1513 in
2155 1451 2414 1513 secunda
2454 1460 2513 1511 et
2555 1453 2748 1513 novis·
2778 1476 2828 1517 ιο

196 1559 325 1617 sima
366 1574 505 1636 pars
546 1558 833 1617 orationis
875 1574 1005 1617 esse
1046 1557 1361 1634 reperitur,
1406 1563 1470 1616 ut
1508 1562 1647 1633 puta
1686 1554 2020 1619 catulinam.
2097 1572 2162 1615 ca
2203 1554 2358 1614 enim
2401 1560 2750 1633 corruptum

196 1659 490 1728 invenitur,
528 1664 595 1719 tu
640 1675 968 1735 pronomen
998 1676 1129 1719 esse
1171 1655 1477 1737 probatur,
1522 1655 1567 1717 li
1594 1674 1734 1719 vero
1767 1664 2114 1737 corruptum
2151 1674 2280 1717 esse
2324 1654 2747 1723 consideratur,

198 1778 315 1821 nam
356 1767 555 1822 autem
613 1759 949 1822 coniunctio
1000 1778 1129 1821 esse
1172 1758 1597 1821 manifestatur.
1685 1760 1770 1820 sic
1819 1765 1880 1819 et
1925 1758 2036 1821 alia
2079 1758 2345 1827 nomina,
2389 1759 2452 1817 in
2497 1774 2750 1836 quorum

202 1864 369 1939 prima
410 1869 471 1925 et
516 1862 689 1922 tertia
746 1869 913 1939 parte
964 1868 1311 1940 corruptum
1364 1862 1689 1930 invenitur,
1747 1866 1808 1921 at
1847 1879 1988 1921 vero
2043 1862 2103 1921 in
2145 1860 2403 1921 secunda
2449 1865 2508 1921 et
2549 1857 2748 1920 ultima

198 1982 321 2043 pars
362 1964 649 2025 orationis
690 1982 821 2025 esse
858 1963 1171 2033 invenitur,
1214 1970 1600 2041 ext-corrupto
1638 1968 1701 2025 'et
1741 1963 1974 2040 integro
2019 1969 2077 2023 et
2105 1970 2386 2041 corrupto
2432 1970 2491 2023 et
2519 1963 2748 2039 integro
2779 1982 2825 2025 is

200 2066 259 2127 ad
302 2067 545 2145 figuram
592 2066 975 2143 compositam
1018 2066 1318 2142 pertinere
1356 2071 1777 2127 monstrantur.

348 2168 431 2229 Ex
484 2168 739 2243 integris
800 2172 861 2227 et
912 2174 1212 2244 corrupto.
1302 2166 1489 2243 figura
1545 2168 1850 2227 nominum
1916 2184 1988 2227 ex
2047 2166 2292 2242 integris
2355 2170 2414 2227 et
2468 2170 2750 2242 corrupto

202 2270 585 2349 componitur,
650 2267 885 2348 quando
938 2269 999 2329 in
1054 2269 1243 2347 prima
1298 2274 1466 2346 parte
1510 2269 1770 2329 nominis
1824 2268 1976 2328 duae
2027 2264 2120 2327 vel
2175 2285 2244 2327 eo
2303 2266 2502 2345 plures
2555 2272 2752 2345 partes

202 2372 461 2431 orationis
500 2371 885 2449 reperiuntur
942 2370 1293 2431 constitutae
1338 2376 1413 2429 et·
1437 2370 1495 2429 in
1541 2371 1811 2448 sequenti
1863 2376 2206 2447 corrup-tum
2257 2369 2552 2429 invenitur
2607 2384 2750 2427 con-

204 2474 403 2541 sistere,
448 2479 515 2533 ut
554 2482 693 2550 puia
741 2473 947 2533 viator.
1038 2472 1093 2531 vi
1129 2472 1285 2531 enim
1332 2489 1545 2531 nomen
1590 2490 1717 2533 esse
1765 2472 2091 2551 reperitur,
2131 2487 2166 2528 a
2205 2488 2342 2531 vero
2391 2470 2748 2549 praepositio
2775 2490 2828 2531 ιο

203 2572 415 2635 ablativi
454 2592 631 2635 casus
670 2592 799 2635 esse
842 2570 1159 2651 probatur,
1214 2580 1312 2633 tor
1354 2580 1551 2635 autem
1592 2580 1952 2653 corruptum.
1981 2591 2110 2635 esse
2157 2574 2589 2651 pronuntiatur.
2681 2591 2750 2631 eo

206 2674 397 2751 plures,
442 2683 506 2737 ut
538 2680 683 2753 puta
726 2674 1051 2735 invisibilis.
1136 2677 1195 2735 in
1244 2677 1397 2736 enim
1444 2676 1800 2755 praepositio
1846 2676 2152 2753 utriusque
2197 2692 2366 2735 casus
2409 2692 2538 2735 esse
2581 2690 2751 2749 repes

206 2778 351 2847 ritur,
394 2780 449 2839 vi
487 2795 633 2839 vero
662 2793 879 2837 nomen
920 2778 1231 2846 invenitur,
1277 2779 1327 2838 si
1356 2778 1689 2838 coniunctio
1721 2776 2142 2847 manifestatur,
2188 2775 2323 2837 bilis
2364 2784 2562 2837 autem
2596 2792 2752 2837 nuno

208 2887 527 2958 corruptum
574 2896 705 2941 esse
748 2880 1181 2959 pronuntiatur.
1256 2880 1342 2941 sic
1384 2885 1444 2939 et
1486 2878 1597 2939 alia
1644 2880 1900 2949 nomina,
1945 2880 2004 2939 in
2053 2896 2308 2956 quorum
2350 2878 2541 2956 prima
2585 2882 2752 2955 parte

208 2978 339 3043 duae
390 2981 477 3043 vel
528 3000 607 3043 eo
654 2978 854 3059 plures
907 2988 1105 3059 partes
1156 2982 1439 3043 orationis
1492 3000 1623 3043 esse
1674 2982 2055 3059 reperiuntur
2101 2986 2160 3041 et
2199 2982 2260 3040 in
2305 2979 2577 3059 sequenti
2620 2996 2750 3039 cor·
2779 3000 2828 3039 τε,

208 3091 419 3160 ruptum
452 3084 771 3151 invenitur,
813 3100 883 3143 ex
928 3083 1175 3160 integris
1211 3090 1271 3143 et
1314 3090 1597 3161 corrupto
1633 3082 1706 3143 ad
1739 3082 1986 3161 figuram
2029 3083 2412 3159 compositam
2455 3080 2751 3159 pertinere

210 3190 607 3246 monstrantur.
1000 3248 1003 3253 ,
2555 3254 2560 3259 .

352 3284 436 3347 Ex
478 3292 765 3367 corrupto
828 3293 887 3347 et
928 3287 1195 3363 integris.
1280 3282 1484 3369 figuli-a
1544 3286 1846 3347 nominum
1913 3302 1986 3345 ex
2047 3291 2328 3363 corrupto
2391 3291 2451 3345 et
2510 3284 2755 3361 integris

212 3389 595 3465 componitur,
666 3387 905 3468 quando
962 3388 1023 3449 in
1062 3389 1251 3467 prima
1308 3395 1473 3466 parte
1518 3388 1773 3450 nominis
1823 3392 2170 3466 corruptum
2227 3388 2522 3447 invenitur
2591 3387 2750 3445 etin

212 3491 453 3568 sequenti
498 3491 653 3553 duae
699 3489 787 3552 vel
836 3509 909 3550 eo
960 3489 1161 3568 plures
1204 3496 1403 3568 partes
1458 3492 1740 3552 orationis
1786 3490 2183 3567 reperiuntur.
2273 3487 2476 3557 duae,
2506 3494 2572 3548 ut
2613 3494 2750 3565 puta
2777 3507 2831 3549 ao

216 3590 443 3652 candidi:
490 3610 605 3653 can
651 3593 805 3653 enim
848 3597 1193 3669 corruptum
1237 3592 1551 3663 invenitur,
1596 3592 1657 3651 di
1694 3599 1755 3653 et
1780 3590 1848 3651 'di
1889 3592 2038 3652 duae
2077 3590 2563 3669 praepositioneS,
2602 3608 2753 3669 quae

216 3689 457 3768 loquellis
512 3694 881 3764 deserviunt,
938 3710 1067 3755 esse
1112 3695 1509 3773 reperiuntur.
1598 3711 1668 3754 eo
1709 3691 1939 3772 plures,
1991 3698 2056 3753 ut
2111 3700 2250 3769 puta
2310 3690 2750 3770 Semproniani:

216 3810 319 3855 sem
369 3798 520 3857 enim
564 3804 913 3875 corruptum
970 3796 1293 3862 invenitur,
1362 3812 1471 3873 pro
1528 3797 1884 3874 praepositio
1939 3792 2174 3855 ablativi
2231 3812 2399 3855 casus
2447 3795 2750 3875 accipitur,

219 3895 269 3953 ni
301 3898 627 3959 coniunctio
666 3897 989 3967 iudicatur,
1046 3916 1079 3958 a
1138 3898 1493 3975 praepositio
1549 3896 1784 3959 ablativi
1833 3915 2003 3959 casus
2057 3895 2456 3975 praedicatur,
2515 3897 2577 3955 ni
2617 3915 2752 3958 vero

220 3998 521 4061 coniunctio
558 4000 995 4077 pronuntiatur.
1082 4000 1169 4060 sic
1210 4005 1269 4059 et
1312 3997 1421 4059 alia
1466 3999 1724 4068 nomina,
1773 3999 1834 4060 in
1880 4014 2132 4077 quorum
2181 4000 2371 4075 prima
2415 4006 2584 4078 parte
2620 4016 2750 4057 cor·
2777 4018 2826 4059 ss

218 4104 427 4176 ruptum
462 4102 763 4163 invenitur
806 4108 865 4163 et
904 4102 967 4162 in
1011 4102 1279 4181 sequenti
1321 4100 1471 4163 duae
1517 4098 1605 4161 vel
1650 4118 1721 4160 eo
1767 4098 2018 4179 amplius
2053 4106 2257 4182 ‚partes
2300 4100 2580 4159 orationis
2619 4107 2756 4159 sunt

222 4203 555 4273 constitutae,
596 4221 669 4265 ex
706 4210 988 4281 corrupto
1034 4209 1095 4264 et
1134 4203 1377 4281 integris
1412 4202 1485 4263 ad
1530 4202 1780 4280 figuram
1817 4202 2200 4281 compositam
2243 4201 2540 4279 pertinere
2585 4218 2753 4261 mon·

222 4306 469 4365 strantur.
717 4310 721 4315 '
1608 4315 1621 4329 ·

368 4404 528 4468 Nunc
568 4406 845 4487 quoniam
890 4425 1067 4487 quem
1103 4406 1177 4467 ad
1212 4404 1453 4467 modum
1490 4406 1726 4466 variatis
1769 4403 1960 4467 modis
1991 4406 2177 4485 figura
2208 4404 2532 4483 composita
2565 4406 2754 4465 nomi·

226 4520 345 4565 num
374 4508 471 4569 fiat
494 4510 633 4570 satis
670 4508 1050 4577 ostendimus,
1096 4492 1157 4570 et
1196 4508 1329 4569 ideo
1374 4509 1488 4569 iam
1530 4514 1589 4569 et
1625 4525 1802 4585 quem
1835 4507 1905 4569 ad
1939 4507 2180 4569 modum
2222 4508 2284 4567 in
2329 4506 2530 4567 eadem
2569 4508 2752 4585 figura
2781 4520 2832 4563 ιο

230 4607 339 4665 soni
386 4618 689 4671 caveantur
745 4627 1121 4671 moneamus:
1178 4618 1245 4671 ut
1296 4618 1435 4690 puta
1494 4610 1824 4689 quaeritur,
1881 4616 2120 4688 rogatus
2173 4607 2412 4671 visibilis
2463 4616 2520 4671 et
2559 4616 2752 4671 cetera

345 4752 375 4802 3
407 4764 711 4821 corruptum.
733 4791 747 4804 .
837 4763 951 4806 ..tu
985 4755 1031 4806 R
1080 4764 1369 4821 corruptum
1407 4763 1457 4805 tu
1495 4770 1527 4805 r
1569 4763 1859 4819 corruptum
1893 4754 2138 4821 accipitur
2172 4762 2224 4804 tu
2259 4772 2288 4805 v
2467 4756 2526 4806 11
2578 4756 2752 4805 catuli-

236 4830 331 4867 nam
362 4838 389 4869 r
420 4824 699 4877 catullinum
736 4826 781 4877 R
920 4826 981 4877 21
1024 4840 1137 4877 esse
1176 4827 1413 4891 probatur
1451 4840 1541 4881 om.
1573 4824 1641 4886 R,
1676 4825 1800 4875 add.
1837 4840 1894 4876 ru
2032 4822 2101 4875 34
2133 4826 2444 4891 praedicitur
2470 4824 2548 4875 Rv
2749 4822 2766 4837 ⁶
