3434 5442
871 341 968 404 DE
1012 298 1536 404 DISTINCTIONE
1583 340 1690 422 [IN
1736 340 2123 422 DONATVM]
2660 347 2785 412 485

308 461 352 502 p.
382 449 483 492 1838
511 449 554 488 P.
2447 462 2495 502 1».
2521 449 2597 492 488
2627 449 2679 490 v.

200 533 362 590 sus’
411 538 473 591 et
515 535 728 590 cetera.
789 527 932 591 colar
961 536 1156 592 autem
1203 535 1264 590 et
1305 535 1592 590 commata
1638 528 1901 590 eiusdem
1947 529 2230 589 orationis
2274 527 2539 607 singulae
2581 536 2783 608 partes

200 650 334 702 esse
379 637 722 694 noscuntur.
791 649 991 694 verum
1039 633 1486 694 meminerimus
1528 632 1590 693 in
1634 651 1813 712 prosa
1844 631 1971 694 cola
2015 639 2073 694 et
2116 637 2407 694 commata
2447 631 2605 691 idem
2650 649 2781 692 esse

199 741 261 794 et
305 751 492 796 unum
537 734 896 815 significare,
942 735 1005 794 in
1049 753 1222 796 versu
1263 753 1404 796 vero
1451 732 1604 796 aliud
1653 741 1712 796 et
1756 735 2071 797 diversum.
2118 752 2255 795 nam
2300 733 2402 794 ubi
2447 732 2563 793 duo
2609 731 2780 792 liberi

199 835 390 918 pedes
431 842 599 905 sunt,
659 833 834 898 colon
882 835 1125 908 dicitur,
1183 843 1248 899 ut
1299 837 1453 918 apud
1497 835 1804 899 Horatium
1850 838 2161 898 ‘terruit
2203 835 2502 906 urbes’3
2550 852 2779 896 comma

197 956 371 1010 vero,
431 937 663 1020 quando
718 946 852 1019 post
907 938 1054 1000 duos
1096 937 1277 1020 pedes
1319 938 1411 1000 vel
1454 945 1588 1019 post
1631 945 1753 1000 tres
1795 937 1979 1018 pedes
2024 936 2290 1017 sequitur
2331 936 2581 1018 syllaba,
2629 955 2780 1016 quae
2806 961 2830 999 5

195 1048 434 1122 partem
497 1041 776 1104 terminat
837 1042 1149 1112 orationiS,
1215 1047 1282 1102 ut
1337 1049 1427 1103 est
1479 1041 1540 1100 in
1595 1040 1788 1118 primo
1843 1059 2019 1101 versu
2072 1039 2467 1102 Aeneidorum
2536 1042 2605 1100 ‘a
2626 1056 2779 1100 rma

196 1145 592 1223 virumque
635 1145 876 1215 cann',
922 1143 1066 1204 item
1111 1147 1344 1205 ‘arma
1389 1143 1787 1224 virumque
1831 1159 2010 1203 cano
2053 1141 2389 1204 Troiae’.

377 1332 404 1383 1
443 1330 556 1381 cola
584 1337 753 1381 autem
785 1329 869 1380 uel
908 1339 1158 1382 commata
1192 1331 1245 1382 B
1382 1331 1457 1380 sin
1501 1329 1611 1380 ulae
1647 1343 1784 1380 cm.
1823 1328 2056 1396 singulae
2088 1330 2140 1380 B
2279 1328 2313 1381 3
2343 1343 2464 1380 uero
2500 1326 2691 1392 aliquid
2727 1337 2779 1378 et

193 1401 462 1452 diuersum
497 1401 751 1468 significat
781 1401 834 1451 F
969 1401 1004 1451 4
1039 1401 1178 1466 apud
1203 1399 1462 1451 Horatium
1516 1415 1670 1452 carm.
1710 1401 1732 1450 1
1767 1400 1817 1466 2,
1853 1401 1888 1451 4
2027 1401 2205 1450 urbem
2241 1413 2277 1456 ς
2412 1399 2448 1450 6
2481 1406 2559 1448 est
2594 1400 2644 1448 in
2680 1415 2772 1451 om.

193 1471 247 1519 B
387 1485 528 1522 arma
567 1472 831 1535 virumque
867 1484 994 1521 cano
1034 1471 1152 1519 item
1191 1487 1282 1524 om.
1323 1469 1373 1519 F
1505 1470 1537 1520 7
1577 1469 1756 1523 troiae.
1828 1468 2055 1535 Explicit
2091 1470 2142 1520 B
2174 1469 2334 1519 troiae
2380 1469 2489 1519 finit
2527 1467 2656 1519 liber
2692 1485 2775 1519 se·

193 1540 329 1607 regii
364 1542 685 1607 grammatiei
711 1543 762 1592 E
795 1540 973 1591 troiae.
1049 1540 1267 1607 Explicit
1302 1539 1512 1606 Sergius
1539 1540 1590 1590 in
1631 1541 1803 1590 Artem
1842 1539 2027 1591 Donati
2061 1541 2277 1606 primam
2307 1553 2344 1596 ς
