3434 5442
1102 332 1514 409 CATHOLJCA
1563 331 1586 392 1
1624 333 1694 392 41
1715 332 1873 393 --13
2700 335 2767 396 21

303 463 340 503 ρ.
371 448 546 490 πίστισι
575 449 625 490 ι».
2377 463 2419 504 p.
2448 451 2687 496 mmai„

487 520 830 580 dicamus
875 521 1066 582 ficos
1111 539 1290 600 quas
1335 526 1628 580 constat
1675 521 1743 579 in
1792 519 2064 581 arbore
2106 529 2343 592 natas,

229 623 462 687 ethuius
497 621 678 692 ficus,
744 622 1115 682 ‘dicemus
1170 623 1419 683 ficus’.
1511 629 1716 682 neutra
1764 624 1998 682 nomina
2048 641 2154 684 cus⁴
2206 627 2513 686 terminata
2572 627 2777 686 tertiae

188 807 194 814 ι
228 733 336 790 sunt
374 724 776 786 declinationis
821 728 909 784 ris
948 725 1216 794 facientia
1260 726 1545 803 genetivo,
1587 741 1772 804 pecus
1802 722 1987 796 ulcus,
2034 728 2267 804 pecoris
2311 726 2547 788 ulceris.
2606 745 2779 809 secus

229 831 342 890 duas
381 845 474 887 res
515 827 839 905 significat,
898 826 1240 888 adverbium
1297 827 1638 906 separandi,
1699 826 1933 886 ‘haud
1990 845 2207 889 secus
2266 847 2347 890 ac
2400 830 2660 898 iussi'3
2720 839 2778 892 et

227 949 394 999 sexus,
441 928 752 992 Sallustius
805 928 1059 989 evirile
1116 947 1195 989 ac
1249 928 1618 990 muliebre
1673 933 1945 990 secus’.·
2036 931 2229 990 omnia
2287 937 2481 992 autem
2538 935 2775 994 nomina
2828 961 2852 1000 ε,

229 1039 400 1096 neutra
442 1050 513 1093 us
559 1031 873 1092 terminata
917 1031 1123 1092 tertiae
1153 1037 1290 1090 sunt
1337 1031 1757 1099 declinationis,
1797 1033 1879 1092 ris
1924 1031 2147 1092 faciunt
2188 1035 2473 1111 genetivo,
2520 1037 2779 1114 exceptis

225 1143 495 1219 quattuor,
543 1134 753 1212 vulgus
797 1133 1040 1213 pelagus
1082 1151 1194 1212 pus
1235 1134 1411 1194 virus.
1501 1133 1603 1194 sed
1649 1132 1857 1209 vulgus
1898 1141 1959 1194 et
2000 1133 2244 1214 pelagus
2301 1136 2595 1197 secundae
2640 1144 2779 1198 sunt

227 1237 620 1305 declinationis,
673 1238 731 1313 gi
777 1235 998 1296 faciunt
1041 1236 1340 1313 genetivo,
1400 1234 1590 1314 pelagi
1642 1235 1830 1313 vulgi,
1888 1253 2139 1298 numero
2180 1255 2417 1316 semper
2474 1237 2772 1317 singulari.

226 1340 394 1418 vulgus
455 1345 515 1400 et
574 1337 898 1399 masculino
951 1355 1171 1414 genere
1211 1336 1534 1398 declinatur
1583 1336 1901 1418 [Vergilius
1944 1339 2319 1416 ‘ignobile
2360 1337 2627 1418 vulgus
2645 1340 2717 1421 '].
2762 1337 2771 1424 Ι

227 1461 310 1522 pus
343 1447 394 1501 et
437 1443 598 1501 virus
638 1448 758 1500 tres
804 1457 974 1500 casus
1016 1444 1240 1499 tantum
1285 1441 1606 1518 recipiunt,
1668 1441 1729 1500 in
1776 1457 2026 1501 numero
2071 1447 2295 1502 tantum
2342 1442 2517 1502 modo
2572 1445 2849 1520 singu-10
2936 1459 2940 1462 ·

128 1581 138 1600 .
225 1546 306 1606 lari
340 1541 722 1610 declinantur,
768 1541 884 1602 boc
919 1560 1030 1621 pus
1075 1540 1163 1601 vel
1197 1543 1374 1611 virus,
1422 1560 1456 1601 o
1493 1559 1604 1619 pus
1649 1540 1739 1602 vel
1782 1543 1960 1604 virus,

357 1645 466 1706 Das
519 1646 745 1723 primae
801 1651 938 1705 sunt
997 1641 1429 1712 declinationis,
1487 1643 1598 1704 dae
1647 1644 1870 1705 faciunt
1927 1646 2223 1722 genetivo,
2272 1645 2517 1725 Lycidas
2568 1645 2767 1716 Midas,

227 1749 432 1831 Lycidae
473 1747 698 1814 Midae,
745 1754 804 1807 et
847 1749 1014 1826 siqua
1057 1745 1210 1806 talia.
1302 1745 1405 1806 des
1451 1747 1646 1806 omnia
1691 1753 1829 1806 sunt
1874 1747 2163 1826 producta
2210 1753 2269 1808 et
2313 1765 2500 1826 paene
2544 1750 2769 1810 Graeca

225 1853 408 1918 omnia,
467 1849 634 1926 unde
669 1847 916 1908 arbitrio
957 1855 1160 1907 nostro
1205 1846 1660 1908 declinabuntur
1717 1857 1775 1910 et
1818 1851 2026 1910 tertiae
2084 1849 2486 1911 declinationis
2542 1853 2770 1912 ratione

222 1958 288 2017 dis
311 1954 576 2015 facientia
617 1951 883 2030 genetivo
925 1957 982 2011 et
1013 1952 1238 2028 primae
1276 1950 1385 2011 dae
1414 1951 1727 2011 terminata
1763 1969 1903 2012 casu
1934 1954 2201 2028 genetivo
2231 1951 2461 2014 Pelides
2496 1951 2765 2032 Tydides»,
2798 1981 2846 2021 ¹5

223 2057 396 2118 Pelidis
443 2053 546 2115 vel
587 2051 854 2122 Pelidae,
913 2052 1152 2132 Tydidis
1203 2051 1292 2112 vel
1331 2051 1608 2132 Tydidae.
1699 2071 1881 2114 unum
1943 2071 2159 2114 nomen
2204 2054 2475 2115 Latinum
2530 2059 2771 2133 repperi

220 2161 300 2221 des
355 2155 578 2238 syllaba
639 2157 866 2215 [initum
929 2155 1332 2215 declinationis
1389 2156 1626 2234 quintae
1687 2155 1743 2215 ei
1798 2155 2141 2234 separandis
2205 2156 2423 2216 faciens
2478 2159 2766 2232 genetivo,

221 2263 332 2322 tides
369 2259 534 2328 fidei,
589 2276 626 2318 e
667 2259 724 2317 in
766 2258 1036 2334 genetivo
1079 2263 1370 2334 correpta.
1459 2258 1748 2318 rationem
1794 2275 1975 2336 supra
2019 2257 2211 2318 docui.
2300 2257 2417 2336 legi
2456 2259 2551 2318 hic
2594 2259 2770 2320 Oedi·

217 2365 364 2442 podes
399 2361 588 2421 huius
629 2358 998 2436 Oedipodae:
1045 2377 1178 2419 nam
1225 2361 1273 2418 si
1317 2358 1414 2419 hic
1441 2359 1701 2439 Oedipos
1748 2359 2249 2430 declinaverimus
2300 2361 2567 2438 genetivo
2598 2361 2771 2423 saciet

217 2467 296 2533 dis,
336 2465 477 2524 sicut
517 2460 856 2540 Melampos
901 2459 1297 2538 Melampodis,
1343 2461 1586 2540 Lysipos
1617 2461 1949 2542 Lysipodis:
1996 2479 2133 2522 nam
2172 2463 2221 2522 si
2262 2468 2397 2523 ante
2441 2479 2551 2540 pus
2594 2461 2763 2543 sylla·
2792 2491 2845 2530 ρο

213 2567 318 2627 bam
373 2565 777 2626 nominativus
839 2579 876 2641 p
945 2563 1196 2624 litteram
1261 2561 1560 2633 habuerit,
1606 2561 1632 2647 ss
1671 2566 1733 2642 pi
1791 2563 1961 2624 saciet
2030 2545 2301 2642 genetivo
2366 2562 2771 2626 declinationis

216 2669 484 2738 secundae,
531 2667 832 2746 Lysippus
873 2665 1160 2745 Lysippi,'
1187 2665 1546 2746 Chrysippus
1585 2665 1925 2746 Chrysippi,
1970 2665 2276 2746 Philippus
2318 2665 2589 2745 Philippi.
2682 2669 2771 2729 dis

213 2773 476 2832 tenninata
512 2769 738 2829 tertiae
781 2774 920 2827 sunt
957 2767 1388 2837 declinationiS‚
1442 2768 1532 2828 dis
1571 2769 1793 2829 faciunt
1836 2770 2133 2846 genetivo,
2176 2768 2273 2829 hic
2317 2777 2375 2828 et
2416 2768 2562 2830 haec
2606 2770 2769 2830 rudis

211 2871 347 2932 huius
384 2871 569 2938 rudis,
625 2871 778 2931 haec
812 2869 941 2929 fidis
979 2870 1152 2930 huius
1189 2869 1348 2930 fidis:
1399 2869 1863 2950 ‘fidibusque
1912 2871 2284 2931 canoris':
2332 2849 2478 2932 haec
2522 2871 2766 2950 glandis„

209 2977 326 3034 sicut
365 2972 686 3052 Vergilius.
779 2973 886 3034 dos
927 2971 1210 3051 producta
1258 2973 1462 3032 tertiae
1499 2978 1665 3040 sunt,
1715 2973 1788 3032 tis
1833 2973 2054 3033 Faciunt
2098 2974 2395 3050 genetivo,
2443 2973 2550 3033 dos
2592 2973 2762 3043 dotis,
2793 2999 2843 3040 2⁵

207 3076 442 3137 sacerdos
497 3075 862 3136 sacerdotis,
950 3075 1056 3134 dos
1093 3081 1364 3152 correpta
1407 3076 1634 3136 Graeca
1691 3075 1985 3135 secundae
2042 3082 2179 3134 sunt
2222 3074 2652 3144 declinationiS,
2709 3076 2767 3136 di

207 3181 384 3238 faciunt
423 3179 750 3256 genetivo,
798 3175 1069 3238 Tenedos
1103 3176 1356 3246 Tenedi;
1415 3182 1607 3256 potest
1643 3183 1839 3236 tamen
1886 3177 2161 3237 Tenedus
2203 3176 2333 3238 dici.
2422 3178 2531 3238 dus
2570 3178 2766 3237 omnia

204 3281 482 3342 masculina
529 3278 852 3340 secundae
909 3284 1073 3346 sunt,
1134 3278 1194 3338 di
1235 3278 1455 3338 faciunt
1501 3281 1795 3358 genetivo,
1854 3279 2027 3340 nidus
2083 3279 2233 3349 nidi,
2284 3281 2487 3341 tardus
2546 3278 2767 3340 nardus

207 3383 316 3443 haec
349 3385 610 3451 AraduS,
674 3383 852 3441 tardi
907 3380 1074 3441 nardi
1112 3380 1305 3440 Aradi.
1395 3381 1498 3441 sed
1553 3379 1763 3442 melius
1824 3381 2039 3442 nardos
2094 3389 2152 3442 et
2194 3382 2419 3442 Arados
2470 3381 2763 3450 dicuntur,

205 3485 320 3546 sieut
352 3485 664 3547 Tenedos:
719 3501 858 3543 nam
891 3485 1114 3545 Graeca
1156 3487 1309 3542 sunt.
1383 3485 1671 3562 excipitur
1701 3502 1886 3545 unum
1931 3491 2173 3564 quartae
2210 3483 2614 3544 declinationis
2656 3483 2767 3544 dus
2792 3509 2843 3549 ao

209 3587 382 3647 iaciens
431 3588 754 3667 genetivo,
810 3595 876 3646 ut
931 3585 1023 3644 bic
1078 3585 1296 3662 gradus
1349 3584 1524 3646 huius
1584 3585 1825 3662 gradus,
1916 3603 2049 3646 nam
2106 3593 2315 3646 neutra
2372 3587 2608 3646 nomina
2658 3586 2767 3646 dus

209 3692 462 3752 terminata
509 3692 596 3750 ris
643 3688 884 3750 faciunt
925 3690 1209 3764 genetivo,
1254 3687 1484 3766 pondus
1528 3689 1827 3766 ponderis,
1876 3688 2037 3748 sidus
2078 3688 2303 3758 sideris
2354 3689 2580 3750 ratione
2624 3707 2767 3749 neu·

207 3801 386 3853 trorum
425 3811 496 3854 us
539 3787 1035 3859 terminatorum,
1083 3809 1259 3870 quam
1306 3807 1484 3868 supra
1531 3791 1723 3851 docui.
1805 3807 1942 3851 nam
1989 3790 2267 3852 feminina
2310 3791 2421 3852 dus
2458 3791 2766 3852 terminata

211 3911 292 3952 non
331 3897 564 3974 repperi
611 3893 857 3955 Latina.

335 3996 436 4058 Fas
477 3999 704 4059 tertiae
749 3999 842 4056 est
883 3985 1282 4055 declinationis
1330 3993 1622 4056 Graecum
1669 3993 1744 4056 tis
1790 3993 2011 4055 faciens
2067 3996 2335 4074 genetivo
2379 4013 2417 4054 n
2459 4003 2593 4056 ante
2638 4013 2765 4056 eam
2793 4017 2843 4058 3⁵

315 4201 336 4250 l
367 4213 505 4252 naias
541 4217 578 4258 3
619 4209 786 4250 natos
823 4197 878 4248 B
1015 4201 1048 4250 2
1086 4199 1313 4250 dicemus
1347 4199 1474 4249 fleus
1512 4199 1799 4250 Caeciliane
1831 4209 1943 4250 tuos
1981 4215 2014 4257 ς
2167 4201 2199 4252 3
2238 4202 2307 4250 ris
2338 4215 2430 4253 om.
2471 4200 2538 4263 B,
2576 4199 2699 4248 add.
2732 4213 2765 4256 ς

313 4285 440 4322 secus
479 4287 515 4328 3
549 4287 720 4337 pecus
763 4269 822 4318 B
961 4271 992 4319 4
1025 4269 1180 4334 haud]
1227 4271 1384 4336 Ver-9.
1425 4271 1558 4322 Aen.
1599 4272 1667 4320 111
1705 4270 1809 4322 236
1948 4272 2089 4322 iussa
2124 4271 2176 4321 B
2204 4272 2337 4320 iussi
2370 4271 2562 4320 faciunt
2594 4283 2628 4326 3

224 4338 298 4386 iet
323 4356 480 4391 sexum
515 4356 551 4399 3
734 4335 1044 4404 Sallustius]
1087 4337 1418 4390 historiarum
1455 4341 1580 4390 libro
1619 4342 1662 4390 ll
1701 4341 1893 4391 Nonius
1923 4355 1975 4404 p.
2016 4343 2117 4392 222
2294 4341 2327 4390 9
2365 4340 2551 4405 uulgus
2588 4348 2766 4388 neutro

229 4413 514 4463 anuscanae
553 4427 590 4469 ς
781 4406 1070 4475 Vergilius]
1111 4411 1244 4464 Aen.
1285 4413 1306 4460 1
1345 4409 1443 4461 140
1617 4412 1843 4475 ignobile
1878 4411 2067 4476 uulgus
2104 4419 2153 4460 et
2188 4409 2304 4460 hinc
2340 4425 2581 4475 spargere
2614 4424 2767 4459 uoces

234 4481 448 4546 uunlgum
482 4483 774 4548 ambiguas
817 4479 1008 4545 (Verq-
1050 4479 1182 4534 Aen.
1219 4481 1266 4530 11
1299 4479 1390 4546 98)
1430 4494 1464 4538 ς
1643 4481 1704 4532 17
1756 4483 1803 4532 ei
1836 4483 2087 4546 separatis
2122 4481 2275 4530 editio
2307 4480 2629 4530 Ascensiana

237 4547 274 4596 1¹3
298 4562 489 4622 correpta
525 4569 560 4612 3
599 4558 912 4616 correptam
952 4549 1003 4598 B
1175 4552 1245 4602 24
1279 4548 1590 4617 fidibusque]
1640 4553 1801 4616 Ver-9.
1838 4551 1969 4601 Aen.
2002 4553 2073 4600 Vl
2112 4549 2210 4600 120
2374 4548 2441 4600 25
2476 4545 2762 4614 Vergilius]

241 4635 351 4686 m.
377 4627 456 4676 1111
489 4626 556 4678 81
606 4639 710 4674 nec
752 4624 828 4671 de
863 4635 1112 4671 concussa
1151 4629 1346 4672 tantum
1381 4621 1511 4687 pluit
1557 4623 1670 4671 ilic‘e
1708 4622 1950 4688 glandis:
1992 4622 2061 4683 cf.
2102 4635 2263 4684 supra
2291 4635 2347 4683 p.
2388 4619 2523 4670 1444
2698 4621 2767 4671 26

245 4705 360 4752 &atta
387 4705 492 4745 sunt
528 4694 805 4746 secundae
851 4699 968 4740 sunt
1003 4691 1054 4741 B
1226 4691 1294 4742 29
1341 4692 1471 4741 tardi
1507 4707 1598 4740 om.
1638 4693 1689 4741 B
1864 4691 1935 4742 30
1973 4705 2087 4739 nam
2122 4705 2307 4756 graecu
2346 4699 2478 4739 sunt.
2514 4689 2768 4754 excipitur

249 4757 430 4817 Ptlaehitoe
461 4781 576 4817 uam
611 4778 816 4833 graeca
862 4761 1188 4828 excipiuntur
1224 4761 1382 4826 (corr.
1423 4761 1700 4826 excipitur)
1736 4761 1788 4811 B
1909 4759 1971 4810 31
2008 4761 2103 4810 dus
2141 4775 2174 4816 3
2212 4761 2289 4810 dis
2323 4759 2372 4809 B
2511 4760 2577 4812 35
2614 4775 2765 4825 gene-

250 4839 316 4881 tma
337 4851 410 4884 non
439 4845 547 4887 ante
577 4852 643 4886 an
673 4835 895 4885 habens
929 4831 980 4881 B
