3434 5442
645 359 770 423 396
1790 356 2073 418 DONATI

744 475 788 516 p.
819 464 886 504 29.
916 463 967 504 so
995 463 1043 502 1..
2790 466 3055 518 ,ιι-17972
3086 465 3137 505 ι».

807 542 1140 603 prosthesis
1200 547 1290 602 est
1349 543 1638 622 appositio
1684 542 1973 623 quaedam
2020 542 2091 603 ad
2139 544 2497 622 principium
2542 544 2815 646 dictionis
2858 543 3095 607 litterae
3142 554 3249 606 aut

639 641 927 723 syllabae,
971 651 1038 704 ut
1080 650 1258 722 gnato
1288 643 1317 724 H
1344 661 1456 723 pro
1501 650 1665 714 nato,
1713 642 1906 704 tetulit
1947 661 2059 722 pro
2104 643 2253 704 tulit.

807 744 1158 826 Epenthesis
1213 751 1303 806 est
1355 745 1646 825 appositio
1701 743 1777 804 ad
1842 745 2097 806 mediam
2154 745 2474 806 dictionem
2538 746 2767 808 litterae
2810 754 2914 808 aut
2954 746 3242 826 syllabae,

641 853 708 906 ut
747 846 1052 927 relliquias
1094 864 1204 925 pro
1249 844 1556 926 reliquias,
1603 845 1991 926 induperator
2033 866 2144 926 pro
2188 847 2531 926 imperator.
2606 847 2759 908 hanc
2804 846 2904 908 alii
2948 847 3246 928 epenthe-

589 967 614 1005 5
641 949 760 1020 sin,
807 947 905 1010 alii
949 948 1330 1028 parenthesin
1376 947 1596 1008 dicunt.

807 1049 1112 1128 Paragoge
1171 1056 1260 1109 est
1313 1048 1602 1128 appositio
1657 1047 1731 1108 ad
1784 1047 1963 1110 tinem
2021 1048 2293 1110 dictionis
2345 1049 2579 1111 litterae
2646 1060 2749 1112 aut
2810 1049 3103 1130 syllabae,
3180 1062 3245 1112 ut

641 1151 826 1230 magis
870 1170 982 1232 pro
1025 1167 1198 1228 mage
1243 1157 1302 1210 et
1344 1155 1612 1229 potestur
1654 1167 1767 1228 pro
1811 1157 2023 1230 potest.
2084 1150 2241 1211 hanc
2270 1149 2369 1211 alii
2398 1150 2877 1250 prosparalepsin
2910 1151 3241 1231 appellant.

812 1251 820 1332 1
869 1252 1224 1332 Aphaeresis
1283 1258 1372 1310 est
1416 1249 1630 1311 ablatio
1676 1250 1751 1312 de
1795 1252 2087 1331 principio
2132 1251 2409 1312 dictionis
2453 1255 2746 1314 contraria
2793 1253 3129 1332 prosthesi,
3180 1262 3244 1314 ut

645 1355 810 1414 mitte
856 1370 966 1432 pro
1013 1355 1241 1423 omitte,
1292 1359 1492 1412 temno
1537 1370 1648 1432 pro
1693 1359 2029 1414 contemno.

569 1469 618 1510 ιο
705 1489 710 1492 -
817 1455 1086 1534 Syncope
1129 1459 1222 1514 est
1263 1451 1478 1514 ablatio
1523 1451 1597 1514 de
1639 1453 1833 1515 media
1864 1452 2119 1515 dictione
2150 1455 2447 1515 contraria
2478 1454 2813 1532 epenthesi,
2860 1462 2926 1516 ιιι
2954 1455 3245 1516 audacter

641 1573 752 1635 pro
797 1554 1126 1625 audaciter,
1175 1561 1503 1615 commorat
1544 1572 1656 1634 pro
1700 1563 2117 1616 commoverat.

811 1659 1086 1736 Apocope
1143 1664 1232 1717 est
1285 1655 1498 1717 ablatio
1553 1655 1626 1716 de
1679 1655 1799 1717 fine
1858 1656 2131 1716 dictionis
2183 1673 2483 1734 paragoge
2528 1656 2856 1727 contraria,
2916 1668 2981 1719 ut
3026 1656 3243 1719 Achilli

640 1777 751 1839 pro
796 1757 1038 1819 Achillis
1081 1764 1141 1818 et
1183 1764 1320 1838 pote
1364 1775 1474 1836 pro
1519 1762 1732 1837 potest.

554 1926 560 1933 ,
813 1858 1040 1920 Ectasis
1083 1865 1174 1920 est
1218 1859 1479 1920 extensio
1524 1856 1783 1936 syllabae
1812 1865 2015 1918 contra
2050 1864 2317 1918 naturam
2352 1857 2543 1928 verbi,
2590 1864 2654 1918 ut
2698 1856 3036 1926 ‘ltaliam
3086 1860 3116 1919 Ι·
3124 1879 3155 1920 a
3172 1867 3241 1919 ιο

563 1975 612 2017 ιε
636 1959 1060 2041 profugus’,
1107 1976 1242 2020 cum
1288 1957 1450 2020 ltalia
1497 1965 1771 2039 correpte
1814 1958 1933 2020 dici
1978 1957 2207 2019 debeat.

809 2061 1037 2141 Systole
1093 2066 1182 2120 est
1235 2060 1532 2140 correptio
1587 2061 1883 2122 contraria
1940 2061 2151 2130 ectasi,
2208 2067 2274 2121 ut
2330 2063 2692 2140 ‘aquosus
2746 2061 3045 2132 Orion’,
3104 2080 3237 2122 cum

641 2161 824 2224 Orion
867 2161 1158 2241 producte
1203 2161 1320 2222 dici
1362 2160 1591 2222 debeat.

807 2263 1101 2325 Diaeresis
1145 2269 1234 2324 est
1277 2260 1543 2323 discissio
1587 2259 1847 2340 syllabae
1889 2262 2066 2322 unius
2108 2262 2173 2322 in
2216 2261 2363 2324 duas
2408 2262 2590 2334 facta,
2636 2270 2702 2323 ut

941 2363 1076 2425 olli
1118 2362 1513 2443 respondit
1556 2380 1680 2423 rex
1724 2361 1938 2424 Albai
1982 2361 2259 2441 longai.

562 2481 613 2522 2⁰
807 2463 1226 2546 Episynaliphe
1269 2473 1360 2525 est
1401 2463 1831 2543 conglutinatio
1868 2463 2117 2524 duarum
2162 2463 2519 2544 syllabarum
2562 2466 2629 2525 in
2672 2483 2849 2527 unam
2896 2465 3051 2527 facta
3098 2485 3233 2527 con·

641 2569 820 2629 traria
865 2566 1141 2636 diaeresi,
1189 2573 1254 2626 ut
1295 2566 1686 2628 Phaethon
1732 2583 1843 2646 pro
1888 2561 2223 2635 Phaethon,
2270 2565 2496 2627 Nerei
2538 2585 2649 2648 pro
2679 2567 2887 2638 Nerei,
2934 2569 3235 2648 aeripe-

636 2670 794 2731 dem
839 2687 950 2749 pro
995 2668 1350 2749 aeripedem.

809 2769 1128 2851 Synaliphe
1175 2777 1264 2830 est
1290 2787 1398 2849 per
1427 2768 1921 2849 interceptionem
1952 2768 2433 2830 concurrentium
2466 2767 2757 2836 vocalium
2796 2769 3027 2832 lubrica
3060 2787 3235 2851 quae-

639 2874 774 2936 dam
818 2872 1086 2953 lenisque
1131 2869 1428 2940 conlisio,·
1451 2877 1518 2931 ut

565 2989 615 3032 ns
945 2981 1162 3054 atque
1207 2990 1287 3033 ea
1333 2971 1632 3032 diversa
1676 2971 1981 3051 penitus
2027 2970 2189 3031 dum
2232 2977 2453 3050 parte
2496 2980 2891 3050 geruntur.

642 3076 790 3136 haec
835 3095 866 3137 a
911 3073 1260 3156 quibusdam
1305 3074 1586 3154 syncrisis
1629 3072 1989 3133 nominatur.

809 3174 1125 3255 Ecthlipsis
1171 3183 1262 3237 est
1303 3175 1752 3236 consonantium
1786 3190 1919 3232 cum
1952 3170 2252 3234 vocalibus
2296 3191 2509 3253 aspere
2538 3177 3029 3238 concurrentium
3060 3195 3233 3258 quae-

641 3278 776 3340 dam
821 3274 1075 3338 difficilis
1121 3295 1188 3338 ac
1233 3276 1378 3338 dura
1425 3274 1700 3345 conlisio,
1748 3282 1814 3334 ut
2682 3285 2698 3299 ⁸

945 3377 1250 3438 multum
1293 3375 1430 3438 ille
1473 3385 1544 3438 et
1585 3377 1829 3437 terris
1872 3375 2200 3437 iactatus
2242 3383 2317 3436 et
2360 3375 2534 3438 alto.

779 3583 804 3632 1
847 3579 1108 3630 prothesis
1148 3581 1191 3629 L
1225 3580 1450 3630 Protesis
1489 3581 1532 3630 S
1669 3578 1702 3630 3
1738 3579 1803 3628 ad
1838 3577 2063 3628 medinm
2104 3577 2343 3628 dictionis
2376 3581 2421 3630 S
2556 3582 2591 3630 4
2628 3587 2677 3631 et
2712 3579 2847 3630 hanc
2880 3583 2925 3632 S
3064 3583 3097 3632 7
3134 3597 3231 3630 ma·

639 3651 720 3717 gis
767 3663 860 3714 pro
899 3665 1052 3715 mage
1089 3650 1190 3699 LP
1223 3664 1372 3716 mage
1404 3665 1495 3714 pro
1525 3648 1696 3715 magis
1728 3664 1763 3711 p
1814 3648 1954 3712 magi
2004 3663 2097 3714 pro
2132 3647 2298 3714 magis
2328 3649 2372 3698 S
2405 3649 2573 3716 magis
2613 3665 2705 3715 pro
2740 3652 2879 3716 magi
2918 3667 2947 3700 ε
3123 3660 3229 3717 pote

641 3725 901 3785 (potestur
935 3719 989 3782 a)
1025 3734 1116 3784 pro
1146 3727 1311 3784 potest
1346 3721 1388 3770 S
1526 3717 1929 3784 prosparalipsin
1966 3718 2010 3768 S
2056 3715 2478 3782 prosparalypsin
2516 3720 2567 3768 P
2606 3719 3013 3785 proparalemsin
3054 3721 3101 3769 L

639 3791 674 3838 8
710 3787 941 3854 prothesi
979 3789 1119 3840 LSP
1253 3788 1287 3839 9
1324 3802 1416 3853 pro
1453 3787 1662 3838 demitte
1709 3788 1827 3853 (pro
1866 3787 2039 3836 omitte
2072 3787 2125 3846 s)
2162 3794 2215 3836 et
2258 3794 2428 3837 temno
2464 3789 2509 3838 S
2648 3790 2703 3840 ll
2748 3805 2839 3853 pro
2880 3795 3227 3839 commemorat

640 3859 682 3909 S
823 3858 886 3907 12
927 3867 982 3905 ιιι
1019 3857 1220 3908 Achille
1256 3872 1348 3922 pro
1382 3857 1614 3909 Achilles
1651 3866 1701 3906 et
1738 3865 1857 3922 pote
1899 3870 1993 3920 pro
2028 3857 2165 3920 potis
2198 3862 2277 3905 est
2310 3856 2545 3908 lulianus
2688 3857 2751 3909 13
2786 3869 2909 3924 pote
2942 3873 3039 3923 pro
3076 3867 3228 3925 potest

645 3969 656 3980 .
693 3966 704 3978 .
745 3926 798 3974 P
841 3935 989 3992 potes
1035 3942 1128 3993 pro
1178 3928 1391 3992 potestis
1428 3928 1478 3976 L
1524 3929 1667 3993 potis
1712 3941 1806 3992 pro
1851 3925 1986 3991 potis
2026 3932 2105 3976 est
2151 3926 2196 3977 S
2230 3927 2366 3991 potis
2414 3941 2507 3991 pro
2542 3934 2709 3992 potest
2742 3943 2771 3978 ε
2918 3929 2979 3979 14
3018 3923 3221 3992 Italiam]

649 3998 807 4060 Vero.
847 3996 982 4048 Aen.
1021 3998 1041 4045 1
1078 3999 1110 4046 2
1221 3997 1284 4047 15
1321 4011 1438 4046 cum
1480 3997 1672 4046 italiam
1712 3997 1763 4046 P
1876 4003 2106 4060 correpta
2142 3995 2303 4060 prima
2348 3995 2513 4045 littera
2542 3996 2593 4045 L
2736 3995 2802 4047 16
2832 4005 2885 4044 nt
2922 4012 3041 4046 cum
3076 3998 3225 4047 subito

641 4079 916 4130 assurgens
945 4067 1098 4116 lluctu
1133 4067 1393 4116 nimbosus
1425 4065 1577 4116 Orion
1614 4065 1807 4131 (Vera.
1834 4065 1962 4117 Aen.
2004 4067 2023 4114 l
2060 4061 2191 4128 535)
2228 4064 2497 4116 Panchrus
2635 4079 2856 4128 aquosus
2889 4081 2983 4120 om.
3020 4069 3081 4126 S,
3116 4066 3221 4117 aad.

642 4152 701 4188 a:
745 4137 904 4200 Vera.
944 4136 1074 4188 Aen.
1115 4136 1201 4186 llll
1240 4135 1313 4186 52·
1425 4133 1562 4200 cum]
1604 4151 1696 4202 pro
1733 4137 1777 4187 S
1810 4149 1925 4185 cnm
1961 4149 1988 4183 8
2131 4133 2195 4184 18
2232 4131 2497 4186 Diheresis
2535 4134 2638 4183 LP
2672 4133 2875 4201 Dihesis
2912 4137 2955 4188 S
2990 4137 3173 4188 diresis
3202 4151 3225 4184 s

778 4203 940 4269 factas
967 4207 1010 4256 S
1045 4253 1050 4258 ,
1151 4205 1214 4256 19
1249 4203 1358 4271 olli]
1401 4205 1531 4259 Ena.
1591 4209 1763 4259 annal.
1802 4205 1825 4253 1
1862 4205 1928 4257 34
1972 4202 2052 4254 ed.
2102 4203 2253 4256 Vola.
2400 4205 2469 4255 20
2506 4203 2895 4270 Episynaliphe]
2934 4205 3223 4269 Synheresis

643 4273 692 4322 P
722 4273 977 4325 Sineresis
1011 4290 1067 4325 e.-
1108 4275 1160 4323 iu
1192 4274 1236 4326 S
1269 4277 1393 4339 quid
1424 4277 1536 4326 olim
1566 4276 1731 4338 fuerit
1762 4290 1859 4324 non
1893 4271 2117 4334 adparet
2254 4271 2441 4324 factam
2478 4275 2523 4324 S
2660 4275 2724 4324 21
2762 4273 2991 4325 diheresi
3030 4277 3123 4328 LS

643 4343 860 4409 phethon
901 4359 996 4410 pro
1033 4343 1289 4408 phoethon
1327 4345 1432 4394 neri
1475 4359 1564 4409 pro
1605 4346 1742 4395 nerei
1780 4343 2001 4394 eoi-idem
2042 4341 2326 4407 (eripedem
2362 4343 2415 4408 s)
2453 4356 2544 4409 pro
2596 4341 2875 4408 euripidem
2920 4345 3219 4411 (aeripedem

639 4414 694 4476 a)
727 4415 771 4464 S
806 4412 1029 4479 phoeton
1077 4414 1216 4463 nerei
1255 4429 1348 4478 pro
1387 4412 1604 4478 phoeton
1646 4415 1783 4463 nerei
1834 4411 2092 4478 eripedem
2133 4425 2225 4476 pro
2260 4413 2551 4477 aeripedem
2589 4412 2639 4462 L
2687 4413 2909 4477 phaeton
2946 4429 3046 4496 pro
3085 4414 3219 4480 phoe-

641 4487 726 4530 ton
769 4516 1064 4538 ........
1081 4483 1374 4548 aeripedem
1425 4497 1628 4534 ceruam
1678 4496 1770 4549 pro
1820 4479 2109 4545 aeripedem
2152 4480 2200 4528 P
2246 4481 2473 4532 leeton
2514 4497 2613 4544 per
2658 4494 2725 4529 σι
2730 4477 3019 4547 ναλοιφήν
3066 4486 3223 4534 dectus

639 4551 704 4601 P.
751 4553 1007 4603 Varronis
1044 4569 1193 4603 versu
1234 4552 1473 4615 probavit
1511 4552 1845 4614 Quintilianus
1890 4553 1911 4600 l
1947 4550 2115 4608 5,17
2258 4549 2429 4619 Nerei]
2481 4553 2639 4616 Vera.
2682 4552 2811 4603 Aen.
2854 4552 2971 4602 Vlll
3002 4553 3128 4613 373,
3158 4551 3224 4600 aba·

641 4618 757 4668 Neri
792 4622 1020 4682 defendit
1053 4624 1293 4686 Ser-niue,
1331 4629 1381 4672 et
1417 4622 1464 4671 X
1498 4623 1596 4672 764
1740 4615 2057 4686 aeripedem]
2116 4621 2277 4686 Ver-9.
2318 4623 2445 4672 Aen.
2484 4620 2685 4672 v1803
2828 4620 2897 4672 23
2936 4623 3220 4674 interiectio-

643 4703 756 4736 nem
792 4689 884 4740 SP
919 4693 1336 4759 interceptionem
1371 4707 1400 4742 a
1538 4693 1604 4744 25
1643 4689 1817 4758 atque]
1870 4693 2029 4753 Ver-9.
2068 4689 2199 4742 Aen.
2235 4692 2379 4742 Vllll
2420 4693 2446 4742 1
2548 4691 2617 4743 26
2650 4690 2899 4742 sincussis
2934 4693 2977 4744 S
3013 4691 3222 4744 cinci-isis

641 4757 720 4875 de
755 4758 950 4880 ογὶιοὲις
920 4761 1090 4825 γαίας
1263 4761 1333 4812 27
1383 4761 1450 4814 E.
1468 4762 1631 4828 lypsis
1665 4761 1718 4810 P
1768 4761 2019 4826 Heclipsis
2065 4759 2109 4809 S
2152 4757 2430 4825 Ecliptosis
2464 4760 2516 4810 L
2688 4759 2759 4810 29
2794 4760 3035 4830 multum]
3082 4765 3218 4824 Vere.

693 4840 755 4875 en
