3434 5442
701 367 826 430 546
1830 361 2137 444 [sanan]

803 471 835 511 s.
863 471 914 513 65
937 470 1036 513 eod.
1057 470 1159 511 Lav-

699 551 1064 611 extrinsecus
1105 548 1381 630 pluralia,
1431 567 1566 610 cum
1611 549 1861 611 dicimus
1906 555 2111 611 ‘meus
2154 568 2361 612 servus
2378 556 2413 620 ³,
2462 557 2698 613 ‘nostra
2740 569 2962 634 pecora
2979 557 3019 614 ⁹.
3082 554 3255 632 ligura

700 661 758 713 et
799 653 862 712 in
905 650 1355 733 pronominibus
1411 659 1513 713 aut
1567 650 1817 730 simplex
1862 659 1979 721 est,
2042 660 2107 713 ut
2147 652 2312 733 quis,
2368 660 2473 714 aut
2514 656 2843 733 conposita,
2900 661 2969 716 ut
3012 657 3261 735 quisquis

696 755 967 833 quisnam
1011 755 1321 834 quispiam.
1383 755 1580 814 omnia
1607 754 1959 834 pronomina
2004 753 2079 815 ad
2122 753 2343 834 aliquid
2386 754 2759 818 reseruntur:
2806 755 3075 835 intellegi
3114 761 3259 820 enim

695 870 803 936 per
847 873 912 916 se
954 857 1081 936 ipsa
1125 873 1246 916 non
1289 862 1539 936 possunt
1579 857 1953 936 pronomina.
2040 857 2183 916 item
2238 856 2527 937 quaedam
2584 866 2645 918 et
2696 856 2935 920 casibus
2976 857 3258 920 declinan-

640 973 665 1014 5
695 964 820 1029 tur,
866 964 934 1019 ut
975 959 1244 1027 nomina,
1276 964 1337 1018 et
1363 957 1503 1020 satis
1549 964 1639 1019 est
1681 955 1935 1038 exempli
1977 957 2163 1037 gratia
2206 976 2414 1037 pauca,
2457 958 2561 1020 sed
2592 957 2941 1030 difficiliora,
2984 961 3257 1039 posuisse.

859 1057 926 1119 In
982 1057 1182 1121 multis
1235 1057 1688 1138 pronominibus
1743 1057 2049 1122 diversitas
2105 1077 2393 1137 generum
2448 1068 2569 1129 est.
2638 1079 2791 1141 quae
2844 1063 3255 1126 nominativum

691 1161 1086 1223 accusativum
1131 1159 1448 1223 ablativum
1494 1159 1789 1241 disparem
1832 1161 2000 1231 facit,
2047 1170 2279 1223 ceteros
2306 1159 2531 1223 similes
2572 1164 2635 1222 in
2666 1181 2919 1226 numero
2962 1162 3255 1242 singulari.

689 1271 756 1324 ut
797 1261 898 1324 ille
939 1262 1039 1324 illa
1083 1261 1257 1324 illud:
1316 1265 1609 1342 genitivus
1664 1263 1929 1325 omnium
1971 1261 2129 1323 idem
2174 1274 2265 1326 est
2306 1262 2496 1332 illius,
2552 1265 2693 1326 item
2738 1264 2968 1328 dativus
3008 1263 3127 1334 illi,
3170 1284 3255 1326 ac-

688 1365 982 1426 cusativus
1023 1367 1219 1428 varius
1277 1367 1540 1428 omnium
1597 1362 1763 1425 illum
1807 1363 1966 1425 illam
2011 1361 2187 1435 illud,
2247 1364 2535 1428 ablativus
2578 1364 2905 1428 masculino
2948 1373 3012 1428 et
3054 1375 3253 1428 neutro

613 1481 664 1524 ιο
688 1465 894 1528 similis
937 1465 1010 1528 ab
1054 1465 1183 1537 illo,
1244 1467 1526 1528 feminino
1579 1465 1845 1527 diversus
1886 1463 1961 1526 ab
2004 1463 2133 1536 illa:
2190 1465 2499 1548 pluraliter
2554 1468 2949 1532 nominativus
3004 1469 3251 1530 omnium

685 1569 879 1630 varius
921 1567 1009 1630 illi
1049 1567 1185 1630 illae
1227 1566 1357 1639 illa,
1411 1569 1702 1647 genitivus
1758 1565 2083 1630 masculino
2138 1577 2199 1630 et
2253 1577 2467 1632 neutro
2520 1568 2728 1630 similis
2768 1568 3043 1640 illorum,
3098 1570 3251 1632 femi·

683 1671 826 1732 nino
866 1668 1129 1741 illarum,
1187 1671 1552 1732 accusativus
1605 1687 1751 1730 suus
1807 1673 2023 1750 cuique
2074 1669 2208 1733 illos
2251 1669 2379 1734 illas
2420 1669 2547 1742 illa,
2606 1671 2833 1734 dativus
2876 1679 2939 1734 et
2978 1671 3251 1734 ablativus

681 1771 837 1834 idem
895 1778 983 1833 est
1038 1771 1316 1834 omnibus
1371 1769 1486 1833 illis
1541 1779 1604 1832 et
1643 1770 1718 1833 ab
1762 1769 1897 1832 illis.
1969 1771 2035 1833 in
2078 1771 2427 1853 quibusdam
2474 1783 2535 1835 et
2573 1775 2636 1834 in
2681 1791 2935 1836 numero
2976 1773 3248 1852 singulari

680 1874 972 1936 invenitur
1015 1880 1081 1935 ut
1123 1875 1414 1953 genitivus
1457 1882 1517 1936 et
1562 1873 1789 1936 dativus
1832 1872 2116 1936 feminino
2160 1890 2381 1952 genere
2424 1893 2543 1936 una
2584 1877 2662 1938 sit
2704 1875 2927 1946 forma.
2986 1883 3053 1938 ut
3092 1894 3247 1938 meus

604 1993 654 2034 ιε.
679 1993 811 2038 mea
865 1993 1092 2048 meum,
1151 1975 1326 2038 buius
1382 1977 1500 2038 mei
1551 1974 1784 2038 duobus
1839 1993 2183 2047 commune,
2240 1983 2301 2038 et
2354 1978 2494 2039 huic
2534 1995 2703 2040 meo:
2779 1995 2917 2038 nam
2960 1975 3243 2040 diversum

678 2077 854 2141 huius
907 2096 1076 2140 meae
1129 2086 1190 2138 et
1240 2077 1379 2140 huic
1433 2095 1620 2140 meae.
1707 2075 1821 2139 sed
1872 2075 2008 2138 talia
2064 2080 2343 2158 persequi
2399 2079 2577 2142 nimis
2639 2077 2881 2158 longum
2950 2087 3061 2141 est.
3146 2097 3243 2158 ego

674 2198 1006 2261 pronomen
1051 2177 1347 2261 qualitatis
1389 2181 1592 2242 finitae
1633 2197 1927 2260 personae
1968 2182 2199 2261 primae
2242 2181 2483 2256 generis
2524 2183 2719 2242 omnis
2760 2181 2989 2258 figurae
3032 2180 3239 2262 simpli-

676 2283 787 2355 cia,
835 2283 994 2362 quod
1038 2279 1432 2344 declinabitur
1476 2283 1590 2344 sic:
1639 2282 1998 2342 nominativo
2044 2299 2172 2360 ego,
2217 2281 2473 2360 genitivo
2516 2283 2663 2354 mei,
2709 2281 2903 2343 dativo
2948 2283 3111 2354 mibi.
3152 2301 3237 2344 ac-

675 2385 936 2447 cusativo
965 2403 1081 2455 me,
1128 2382 1378 2446 ablativo
1410 2401 1442 2444 a
1473 2402 1599 2453 me;
1645 2392 1706 2445 et
1745 2382 2053 2464 pluraliter
2098 2384 2454 2446 nominativo
2496 2401 2634 2454 nos,
2676 2385 2935 2463 genitivo
2964 2391 3233 2452 nostrum.

597 2501 648 2542 ω
675 2485 866 2549 dativo
909 2485 1110 2557 nobis,
1157 2485 1485 2548 accusativo
1528 2504 1666 2556 nos,
1709 2477 1970 2548 vocativo
2014 2504 2083 2556 o,
2128 2482 2379 2546 ablativo
2422 2504 2458 2547 a
2500 2484 2688 2546 nobis.
2778 2487 2918 2548 item
2962 2505 3235 2566 personae

671 2589 967 2650 secundae
1010 2585 1308 2670 qualitatis
1354 2587 1618 2649 eiusdem
1663 2587 1901 2666 generis
1944 2585 2139 2648 omnis
2178 2587 2264 2647 sic
2294 2584 2714 2650 declinabitur:
2760 2589 3117 2650 nominativo
3156 2595 3231 2656 tu.

669 2690 926 2770 genitivo
980 2690 1069 2753 tui
1121 2687 1211 2751 vel
1267 2691 1370 2761 tis,
1427 2689 1620 2752 dativo
1665 2687 1771 2750 tibi
1828 2685 1918 2750 vel
1960 2690 2033 2760 ti,
2078 2691 2407 2752 accusativo
2450 2698 2539 2762 te,
2583 2689 2847 2751 vocativo
2892 2707 2955 2762 o,
3003 2688 3233 2752 ablativo

669 2811 704 2854 a
745 2797 836 2862 te;
883 2803 944 2853 et
985 2789 1294 2872 pluraliter
1336 2810 1440 2852 vos
1494 2799 1753 2853 vestrum
1810 2789 1977 2852 vobis
2020 2809 2123 2853 vos
2166 2809 2203 2851 o
2247 2809 2280 2852 a
2323 2789 2509 2853 vobis.
2592 2791 2736 2854 item
2790 2809 3083 2871 personae
3122 2799 3231 2853 ter·

667 2893 784 2955 tiae
827 2891 1122 2974 qualitatis
1187 2893 1452 2955 eiusdem
1508 2895 1747 2973 generis
1804 2891 2116 2954 masculini
2156 2893 2383 2972 figurae
2426 2891 2737 2973 simplicis,
2782 2891 2943 2974 quod
2988 2891 3229 2955 declina-

590 3013 641 3054 π
667 2994 828 3058 bitur
871 2997 985 3058 sic:
1045 2996 1399 3058 nominativo
1459 2993 1590 3066 ille,
1649 2996 1907 3074 genitivo
1960 2993 2153 3066 illius,
2213 2995 2405 3056 dativo
2458 2993 2545 3054 illi
2586 2993 2677 3056 vel
2718 2993 2851 3066 illo,
2915 2996 3230 3056 accusativo

665 3095 830 3159 illum
848 3145 866 3168 ‚
921 3099 1186 3160 vocativo
1230 3116 1297 3168 o,
1335 3095 1612 3160 ·ablativo
1657 3095 1731 3158 ab
1776 3095 1907 3166 illo;
1964 3093 2235 3158 similiter
2277 3115 2385 3179 per
2429 3097 2627 3160 omnia
2670 3113 2889 3176 genera
2936 3114 3227 3158 numeros-

662 3218 778 3281 que
835 3196 1182 3262 declinatur.
1267 3199 1407 3262 item
1464 3216 1795 3279 pronomen
1850 3200 2045 3262 minus
2100 3216 2278 3279 quam
2332 3199 2560 3260 finitum
2627 3199 2867 3277 generis
2934 3198 3225 3260 masculini

662 3301 1020 3366 nominativo
1074 3303 1229 3381 ipse,
1285 3301 1541 3378 genitivo
1594 3301 1811 3382 ipsius,
1866 3301 2059 3363 dativo
2112 3302 2252 3380 ipsi,
2312 3301 2641 3362 accusativo
2695 3300 2921 3380 ipsum,
2982 3302 3222 3363 vocativo

660 3423 726 3475 o,
771 3401 1020 3466 ablativo
1065 3401 1138 3465 ab
1180 3404 1341 3482 ipso;
1397 3409 1459 3464 et
1499 3400 1789 3483 pluralem
1848 3403 2016 3466 facit:
2077 3404 2220 3464 item
2276 3403 2511 3482 generis
2566 3401 2837 3462 feminini
2880 3404 3221 3464 nominativo

583 3521 635 3564 ao
658 3507 820 3593 ipsa,
879 3505 1134 3584 genitivo
1187 3505 1401 3584 ipsius,
1459 3503 1651 3566 dativo
1711 3506 1855 3584 ipsi,
1911 3505 2239 3567 accusativo
2292 3505 2513 3584 ipsam,
2572 3506 2831 3564 vocativo
2875 3523 2943 3575 o,
2989 3503 3220 3566 ablativo

659 3606 731 3669 ab
775 3609 938 3687 ipsa;
993 3614 1054 3668 et
1105 3605 1396 3687 pluralem
1463 3606 1623 3668 lacit.
1709 3607 1851 3668 item
1904 3624 2239 3687 pronomen
2294 3605 2585 3668 inlinitum
2644 3606 2883 3684 generis
2926 3605 3217 3668 masculini

659 3710 1016 3772 nominativo
1059 3709 1192 3789 quis
1237 3706 1326 3770 vel
1370 3710 1502 3790 qui,
1547 3709 1805 3786 genitivo
1850 3709 2047 3777 cuius,
2108 3707 2299 3770 dativo
2344 3709 2466 3778 cui,
2513 3708 2843 3769 accusativo
2888 3727 3093 3788 quem,
3134 3727 3217 3768 vo·

658 3813 844 3872 cativo
889 3829 954 3883 o,
1014 3807 1265 3873 ablativo
1323 3829 1355 3872 a
1413 3829 1530 3891 quo
1589 3808 1676 3870 vel
1722 3828 1757 3871 a
1813 3811 1944 3889 qui;
2004 3816 2066 3871 et
2116 3806 2407 3889 pluralem
2450 3809 2617 3870 facit:
2692 3806 2861 3870 aliter
2906 3809 3214 3872 secundum

655 3921 916 3976 veterem
973 3910 1426 3974 declinationem
1479 3929 1588 3992 per
1652 3927 1843 3989 genus
1898 3929 2211 3973 commune
2264 3910 2363 3972 hic
2418 3919 2479 3972 et
2532 3910 2680 3972 haec
2743 3911 2906 3991 quis,
2978 3913 3214 3991 genitivo

578 4034 629 4076 as
656 4017 856 4098 quius,
903 4013 1096 4078 dativo
1140 4015 1272 4096 qui,
1318 4014 1646 4076 accusativo
1690 4013 1851 4074 hunc
1895 4021 1956 4074 et
1996 4013 2149 4075 banc
2194 4031 2397 4093 quem,
2446 4015 2703 4076 vocativo
2747 4031 2815 4084 o,
2860 4011 3110 4076 ablativo
3146 4011 3209 4074 ab

653 4117 770 4180 hoc
814 4123 874 4178 et
913 4115 989 4180 ab
1032 4116 1144 4179 hac
1187 4118 1317 4198 qui;
1366 4123 1425 4178 et
1466 4113 1757 4196 pluralem
1802 4115 1959 4188 lacit,
2006 4115 2361 4178 nominativo
2391 4113 2454 4176 hi
2496 4123 2558 4176 et
2598 4115 2711 4176 hae
2753 4131 2931 4194 quea,
2976 4115 3211 4194 genitivo

651 4219 867 4282 horum
911 4227 971 4281 et
1011 4219 1222 4282 harum
1267 4219 1472 4299 quium
1489 4266 1505 4289 ‚
1566 4217 1761 4280 dativo
1804 4215 2047 4298 quibus,
2114 4217 2443 4282 accusativo
2484 4215 2595 4280 hos
2638 4227 2699 4278 et
2740 4216 2847 4278 has
2889 4235 3067 4297 ques,
3124 4234 3208 4276 vo-

653 4323 840 4384 cativo
899 4342 966 4392 o,
1025 4319 1274 4384 ablativo
1329 4338 1362 4381 a
1416 4317 1660 4401 quibus:
1724 4320 1961 4398 generis
2014 4319 2284 4382 seminini
2344 4319 2699 4380 nominativo
2743 4336 2925 4400 quae,
2971 4319 3207 4398 genitivo

652 4425 852 4497 cuiuS,
895 4423 1086 4485 dativo
1129 4423 1256 4494 cui,
1302 4422 1631 4485 accusativo
1675 4441 1882 4502 quam,
1938 4423 2202 4484 vocativo
2244 4441 2315 4491 o,
2360 4419 2613 4483 ablativo
2654 4439 2689 4481 a
2732 4439 2877 4501 qua:
2926 4428 2987 4482 et.
3026 4417 3202 4500 plura·

574 4542 626 4583 ιο
649 4522 783 4586 liter
826 4543 1004 4606 quae,
1060 4543 1338 4607 quarum,
1393 4525 1525 4605 quis
1569 4522 1658 4585 vel
1700 4523 1945 4607 quibua,
2000 4543 2175 4605 quas,
2230 4543 2265 4586 a
2308 4523 2521 4604 quibus
2563 4521 2653 4584 vel
2694 4541 2730 4584 a
2772 4521 2931 4602 quis:
2990 4522 3203 4600 generis

788 4796 822 4848 3
857 4797 1138 4850 referuntur
1166 4801 1186 4848 l
1220 4799 1545 4863 proferuntur
1583 4799 1632 4848 L
1768 4799 1807 4849 4
1848 4799 2096 4863 quaedam
2136 4811 2201 4846 ex
2244 4797 2447 4848 casibus
2484 4796 2535 4845 L
2670 4795 2703 4846 5
2747 4796 2875 4845 satis
2911 4803 2987 4846 eat
3018 4793 3195 4846 ostendi

650 4868 866 4933 gratiam
905 4869 952 4917 L
1115 4869 1342 4933 potuisse
1371 4868 1420 4916 L
1589 4868 1653 4917 14
1689 4865 1766 4934 nt]
1808 4877 1859 4918 et
1891 4868 1941 4917 L
2080 4869 2255 4933 generi
2292 4865 2343 4914 L
2482 4867 2643 4917 forma
2676 4881 2769 4916 out.
2802 4863 2871 4927 L,
2906 4865 3025 4916 add.
3054 4867 3074 4915 1
