3434 5442
617 303 741 364 240
1521 325 1524 330 ·
1773 301 2057 383 [PROBI]

721 431 765 471 p.
796 419 912 460 1411.
934 419 983 460 12
1009 419 1058 460 P.
2814 419 2958 486 μσς.
2978 417 3031 458 cs
3064 416 3113 456 ι.

618 489 968 567 paenultima
1027 487 1243 568 syllaba
1303 487 1497 551 brevis
1563 489 1883 560 invenitur,
1952 495 2015 550 ut
2068 488 2329 551 clamitet
2380 491 2687 569 quaeritet.
2775 497 3012 551 ceterae
3072 505 3224 547 vero

618 592 1062 668 coniugationes
1104 590 1244 651 huic
1283 591 1509 652 formae
1548 592 1941 662 consentiunt,
1990 598 2054 651 ut
2088 588 2505 669 paenultimam
2541 591 2781 652 brevem
2820 590 3105 658 habeant,
3156 595 3227 648 ut

920 695 1030 754 ire
1077 691 1284 773 [iter]
1335 710 1573 772 neque
1615 691 1700 754 ab
1746 700 1955 755 terra
1998 700 2297 755 moneat
2336 711 2388 755 c.
2432 693 2479 752 f.

617 800 677 856 et

566 919 592 958 5
921 895 1178 956 audiat
1218 895 1398 957 haec
1441 897 1746 976 genitor
1790 897 1913 975 qui
1956 896 2267 958 foedera
2308 897 2347 958 f.
2386 913 2434 956 s.
2476 943 2490 957 .

617 999 928 1058 novissima
975 999 1147 1058 etiam
1191 997 1428 1078 syllaba,
1471 1016 1621 1075 quae
1665 1004 1689 1056 t
1728 996 1923 1059 littera
1966 1005 2327 1060 consonante
2370 1015 2608 1077 semper
2650 999 2868 1067 finitur,
2912 999 2975 1058 in
3014 999 3217 1058 omni·

615 1098 730 1159 bus
767 1097 963 1159 brevis
1005 1105 1109 1160 est.
1189 1100 1248 1158 in
1293 1098 1566 1160 omnibus
1611 1106 1808 1160 autem
1850 1099 2361 1178 coniugationibus
2404 1117 2655 1161 numero
2690 1098 2902 1178 plurali
2946 1117 3215 1178 persona

617 1200 874 1261 secunda
919 1199 1341 1279 paenultimam
1386 1198 1668 1280 syllabam
1715 1218 1952 1280 semper
2002 1198 2239 1278 longam
2284 1208 2341 1263 et
2377 1200 2643 1263 ultimam
2688 1201 2925 1262 brevem
2972 1203 3215 1280 recipit,

616 1309 682 1363 ut
721 1301 1029 1363 clamatote
1071 1309 1370 1364 monetote
1411 1302 1667 1364 auditote
1711 1301 2036 1364 scribitote.

543 1428 594 1468 ιο
791 1405 1058 1483 Optativo
1112 1404 1290 1465 modo
1341 1413 1608 1484 tempore
1664 1406 1961 1483 praesenti
2024 1409 2081 1465 et
2134 1405 2453 1481 praeterito
2503 1403 2851 1483 imperfecto
2898 1404 3219 1484 productis

619 1505 1130 1584 coniugationibus
1183 1508 1377 1585 prima
1422 1525 1681 1586 persona
1740 1506 2053 1586 singularis
2104 1504 2521 1584 paenultimam
2567 1504 2805 1584 longam
2857 1513 2917 1567 et
2968 1515 3215 1586 postre—

620 1626 776 1669 mam
835 1607 1074 1668 brevem
1132 1607 1338 1676 hahet,
1405 1608 1628 1669 utinam
1688 1625 1951 1669 amarem
1996 1608 2275 1668 docerem
2326 1607 2625 1677 audirem;
2701 1609 2872 1669 tertia
2928 1615 3217 1686 correpta

621 1711 865 1788 corripit
923 1707 1372 1789 paenultimam,
1437 1715 1502 1769 ut
1555 1711 1881 1788 arriperem
1942 1711 2263 1790 cingerem.
2353 1708 2613 1770 secunda
2669 1724 2921 1787 persona
2972 1709 3216 1771 duabus

620 1811 811 1890 longis
869 1812 1247 1880 terminatur,
1317 1812 1538 1871 utinam
1595 1829 1827 1872 amarae
1890 1829 2165 1873 moneres
2230 1811 2483 1872 audires,
2570 1810 2685 1870 bae
2738 1811 2893 1870 enim
2950 1809 3213 1882 vocales,

547 1937 594 1977 15
622 1912 836 1991 quibus
897 1912 1230 1990 coniugatio
1279 1912 1583 1990 producta
1623 1914 2025 1989 cognoscitur,
2088 1913 2310 1992 ubique
2376 1911 2627 1992 produci
2679 1911 2899 1974 debent
2966 1920 3215 1990 praeter

621 2017 851 2076 tertiam
909 2019 1275 2092 correptam,
1330 2032 1482 2093 quae
1532 2032 1565 2074 e
1616 2013 1871 2076 litteram
1924 2021 2260 2093 correptam
2316 2016 2546 2094 recipit.
2638 2015 2807 2075 tertia
2864 2032 3003 2076 vero
3063 2031 3215 2076 con-

623 2117 839 2196 iugatio
903 2124 1176 2193 correpta
1234 2113 1652 2193 paenultimam
1709 2116 1981 2194 corripit,
2058 2117 2283 2177 utinam
2339 2118 2626 2194 cingeres.
2714 2117 2882 2176 tertia
2945 2134 3214 2194 persona

619 2217 933 2296 singularis
995 2219 1226 2297 primae
1292 2219 1599 2278 consentit.
1687 2216 1901 2296 plurali
1938 2235 2207 2302 ⁴numero
2268 2219 2460 2296 prima
2520 2223 2579 2278 et
2618 2217 2875 2278 secunda
2944 2235 3217 2296 persona

620 2320 883 2380 omnium
923 2319 1398 2396 coniugationum
1431 2317 1458 2402 Η
1486 2317 1908 2397 paenultimam
1950 2318 2187 2398 longam
2234 2330 2291 2380 et
2321 2319 2582 2381 ultimam
2614 2318 2858 2380 brevem
2890 2321 3213 2399 recipiunt,

542 2443 594 2483 20
621 2427 688 2482 ut
728 2422 950 2482 utinam
989 2418 1380 2481 clamaremus
1426 2409 1787 2493 cla'maretiS,
1832 2438 2213 2482 moneremus
2255 2423 2605 2488 moneretis,
2654 2420 2993 2481 audiremus
3036 2421 3217 2482 audi·

619 2524 787 2593 retis,
843 2539 1190 2601 raperemus
1250 2523 1554 2600 raperetis
1597 2519 1608 2604 Ι
1647 2523 1821 2582 tertia
1884 2538 2135 2599 persona
2198 2524 2256 2583 in
2319 2522 2627 2602 productis
2686 2521 3215 2600 coniugationibus

620 2623 1038 2705 paenultimam
1082 2623 1371 2701 producit,
1414 2624 1472 2684 in
1513 2624 1685 2685 tertia
1732 2630 2007 2702 correpta
2050 2624 2324 2702 corripit,
2374 2623 2595 2684 utinam
2640 2615 2965 2700 cingerent.
3056 2631 3216 2684 tem-

619 2745 766 2806 pore
809 2725 1127 2804 praeterito
1171 2725 1433 2802 perfecto
1477 2731 1536 2785 et
1573 2724 2155 2806 plusquamperfecto
2199 2724 2473 2786 omnibus
2512 2724 3021 2804 coniugationibus
3064 2742 3215 2804 per—

619 2846 762 2890 sona
800 2829 988 2906 prima
1033 2826 1346 2905 singularis
1390 2833 1749 2905 postremam
1793 2826 2037 2888 brevem
2080 2825 2285 2896 habet,
2330 2826 2589 2888 secunda
2631 2843 2884 2904 persona
2925 2823 3209 2903 longam;

541 2951 594 2992 25
621 2949 684 2993 es
723 2931 880 2992 enim
925 2927 1146 3008 syllaba
1189 2928 1475 3006 producta
1516 2930 1892 2997 terminatur,
1948 2934 2016 2988 ut
2058 2945 2317 2990 amasses
2360 2927 2642 2989 audisses.
2732 2929 2901 2988 tertia
2945 2945 3215 3006 persona

618 3034 843 3111 primae
884 3031 1174 3107 congruit.
1262 3028 1573 3108 pluraliter
1609 3031 1670 3091 in
1713 3029 1993 3091 omnibus
2036 3027 2548 3108 coniugationibus
2590 3029 2781 3106 prima
2820 3029 3215 3110 secundaque

617 3150 868 3213 persona
910 3130 1326 3210 paenultimam
1367 3130 1604 3210 longam
1661 3140 1721 3192 et
1764 3137 2127 3211 postremam
2168 3130 2412 3192 brevem
2464 3129 2673 3202 habet,
2730 3137 2795 3192 ut
2840 3148 3215 3192 amassemus

619 3237 938 3302 amassetis,
983 3235 1384 3312 rapuissemus
1426 3234 1788 3311 rapuissetis.
1850 3239 2119 3312 tempore
2152 3232 2351 3294 futuro
2387 3233 2580 3311 prima
2626 3249 2877 3310 persona
2911 3232 3213 3310 paenulti-

617 3353 774 3396 mam
819 3333 1100 3414 syllabam
1151 3336 1212 3394 in
1255 3332 1528 3395 omnibus
1572 3334 2088 3412 coniugationibus
2133 3335 2407 3413 corripit,
2464 3335 2691 3394 utinam
2734 3332 3027 3395 clamitem
3076 3353 3212 3395 mo-

539 3457 592 3498 ao
617 3455 791 3498 neam
847 3436 1080 3498 audiam
1141 3436 1406 3514 eripiam.
1495 3439 1544 3497 si
1598 3454 1739 3497 vero
1774 3438 1989 3516 ,prima
2038 3435 2201 3498 verbi
2262 3435 2481 3515 syllaba
2540 3436 2599 3495 in
2657 3433 3017 3513 paenultimo
3072 3435 3212 3497 loco

619 3538 826 3610 fuerit,
887 3556 996 3616 pro
1044 3545 1254 3599 natura
1305 3538 1398 3598 sui
1449 3536 1622 3618 longa
1677 3537 2001 3608 invenitur,
2066 3540 2290 3600 utinam
2341 3538 2623 3607 clamem,
2676 3538 2896 3598 utinam
2946 3536 3209 3598 donem:

618 3658 651 3700 a
697 3639 888 3701 littera
924 3641 1265 3719 corripitur,
1313 3645 1378 3699 ut

923 3738 1238 3800 flumina
1283 3757 1514 3801 amem
1555 3738 1943 3819 silvasque
1987 3741 2379 3820 inglorius.

619 3840 823 3903 ultima
867 3842 1132 3902 omnium
1176 3859 1410 3923 semper
1465 3841 1660 3903 brevis
1706 3848 1812 3904 est.
1900 3844 1961 3902 in
2004 3860 2257 3922 persona
2300 3841 2558 3904 secunda
2602 3841 2811 3904 eadem
2854 3841 2972 3902 erit
3021 3858 3213 3919 paen-

539 3962 591 4003 as
620 3943 820 4004 ultima
871 3941 1120 4022 syllaba,
1186 3960 1338 4021 quae
1388 3945 1449 4003 in
1499 3945 1689 4023 prima
1736 3943 1933 4004 fuerit.
2022 3944 2279 4006 secunda
2336 3962 2621 4023 persona,
2692 3945 2812 4005 sive
2861 3962 2925 4004 es
2975 3945 3101 4005 sive
3146 3963 3215 4006 as

617 4043 868 4126 syllabas
912 4043 1215 4114 habuerit,
1273 4043 1507 4105 ultimas
1549 4045 1843 4125 producit.
1932 4046 1993 4104 in
2038 4047 2211 4106 tertia
2260 4062 2514 4124 persona
2567 4044 2925 4126 paenultima
2981 4043 3213 4124 syllaba

617 4146 823 4208 eadem
879 4164 1028 4227 quae
1082 4146 1142 4206 in
1187 4147 1594 4225 superioribus
1649 4149 1790 4216 erit,
1852 4146 2055 4208 ultima
2110 4165 2249 4208 vero
2306 4165 2542 4227 semper
2598 4147 2809 4209 brevis,
2902 4145 3214 4224 pluraliter

617 4255 812 4310 autem
857 4256 916 4309 et
960 4250 1150 4327 prima
1195 4254 1252 4309 et
1291 4248 1550 4310 secunda
1595 4266 1851 4330 persona
1904 4250 1964 4308 in
2020 4249 2293 4310 omnibus
2348 4248 2859 4328 coniugationibus
2912 4247 3213 4325 paenulti-

615 4367 774 4411 mam
815 4349 1050 4427 longam
1097 4350 1310 4430 recipit
1353 4357 1412 4411 et
1455 4349 1720 4412 ultimam
1762 4350 2033 4419 brevem,
2082 4357 2145 4411 ut
2188 4352 2406 4412 utinam
2454 4351 2743 4412 donemus
2782 4348 3031 4417 donetis
3078 4369 3211 4410 mo-

539 4467 590 4507 40
618 4470 864 4513 neamus
905 4453 1222 4523 moneatiS,
1269 4453 1575 4513 audiamus
1619 4453 1898 4522 audiatiS,
1952 4451 2219 4530 legamus
2262 4451 2486 4529 legatis,
2576 4455 2753 4513 {ertia
2811 4453 3022 4511 tertiae
3068 4469 3213 4529 per-

616 4571 796 4614 sonae
839 4552 1127 4632 singulari
1163 4556 1224 4614 in
1270 4553 1626 4633 paenultima
1665 4553 1888 4635 syllaba
1932 4553 2135 4614 similis
2178 4553 2489 4615 invenitur.

756 4695 789 4746 3
824 4695 917 4764 ire]
963 4699 1120 4764 Ver-9.
1151 4713 1324 4764 geor-9.
1371 4699 1517 4749 1457
1657 4697 1690 4748 5
1728 4697 1923 4764 audiat]
1972 4700 2129 4763 Vera.
2156 4698 2285 4748 Aen.
2320 4697 2547 4749 X11200
2688 4699 2753 4748 14
2786 4712 3023 4749 moneres
3060 4699 3213 4748 audi-

617 4783 701 4818 res
739 4781 971 4817 moneres
1003 4769 1055 4818 B
1195 4768 1322 4816 haec
1357 4768 1406 4816 B
1578 4766 1646 4819 33
1681 4767 1912 4834 flumina]
1963 4771 2118 4833 Ver-9.
2152 4783 2330 4834 9eor9.
2372 4770 2414 4818 ll
2449 4768 2551 4820 486
2721 4766 2792 4818 40
2826 4770 2973 4818 tertia
3012 4784 3109 4818 om.
3148 4770 3215 4828 B,
