3434 5442
588 285 710 332 xw
1667 269 2087 332 PRAEFATIO

587 465 790 520 artem
835 454 1032 520 Probi
1075 454 1122 519 f.
1169 460 1207 523 8
1252 458 1578 519 INCIPIT
1621 459 1968 518 UALERJJ
2026 456 2283 518 PROBI
2336 458 2453 518 DE
2491 456 2832 518 NOMINE
2881 458 3165 518 Nomina-

586 565 746 622 tiuus
781 564 996 635 finitur
1043 555 1134 643 (p.
1167 557 1320 641 207)
1367 593 1452 602 ——
1494 556 1542 619 f.
1579 556 1694 626 10*
1739 579 1845 622 suo
1890 561 2103 620 ordine
2146 563 2381 621 dicetur
2429 557 2520 642 (p.
2556 558 2725 638 216).
2787 557 2959 621 hunc
3000 577 3167 622 com-

587 661 994 740 mentarium,
1041 658 1154 724 diu
1198 667 1544 743 antequam
1588 657 1906 738 ederetur,
1953 658 2114 744 legit
2168 659 2608 744 Hieronymus
2653 658 3001 738 Columna,
3058 659 3167 744 qui

513 837 518 840 ¹
586 783 846 826 versum
891 759 1126 826 Lucilii
1185 768 1340 840 209,
1403 769 1482 830 10
1537 759 1687 824 inde
1742 761 1989 846 primus
2045 760 2249 824 edidit
2302 761 2387 824 in.
2414 759 2583 824 Enn.
2641 759 2875 844 fragm.
2932 783 2999 846 Ρ.
3046 769 3165 828 179

591 861 894 948 (Neapoli
939 885 998 927 a.
1049 863 1265 946 1590).
1326 884 1482 926 usus
1527 872 1628 927 est
1672 859 2102 926 autem·libro
2146 861 2459 926 Bobiensi
2503 871 2669 944 tum,
2715 885 2864 927 cum
2894 861 3167 949 Neapoli

584 965 654 1028 in
696 963 1090 1030 bibliotheca
1135 963 1536 1029 Carbonaria
1581 964 1996 1031 servabatur:
2044 963 2128 1027 cf.
2174 963 2345 1027 Enn.
2394 963 2627 1049 fragm.
2673 986 2737 1049 p.
2773 972 2888 1033 101
2927 973 2991 1028 et
3022 972 3164 1034 234.

585 1075 926 1152 praeterea
958 1067 1378 1132 Franciscum
1408 1066 1729 1151 Poggium
1772 1065 2012 1131 librum
2057 1065 2335 1151 aliquem
2380 1065 2579 1131 Probi
2623 1065 2930 1131 habuisse
2974 1075 3167 1132 testa-

585 1177 692 1234 tur
735 1169 1122 1234 Franciscus
1166 1168 1534 1250 Barbarus,
1582 1169 1693 1254 qui
1737 1171 1806 1234 in
1850 1164 2132 1254 epistula
2176 1167 2261 1231 ad
2306 1168 2629 1254 Poggium
2674 1167 2831 1232 data
2873 1167 3165 1232 Venetiis

587 1292 644 1334 a.
680 1280 841 1340 1417
893 1271 1179 1357 (Fabric.
1223 1270 1524 1337 biblioth.
1571 1271 1718 1336 Lat.
1765 1269 1893 1334 vol.
1928 1270 1999 1334 II
2042 1292 2106 1355 p.
2138 1277 2263 1338 262
2308 1270 2409 1334 ed.
2442 1269 2623 1351 Em„
2671 1270 2754 1334 A.
2787 1269 2895 1334 W.
2926 1270 3170 1358 Zumpt

585 1374 652 1437 in
699 1373 836 1439 Cic.
883 1381 1044 1438 orat.
1091 1395 1208 1460 pro
1251 1373 1504 1438 Muren.
1553 1371 1759 1458 praef.
1805 1395 1870 1458 p.
1902 1371 2181 1457 xxxvn)
2227 1374 2395 1436 inter
2438 1380 2689 1436 veteres
2738 1373 3084 1458 scriptores
3128 1395 3168 1436 a

586 1474 836 1561 Poggio
881 1485 1172 1561 repertos
1215 1474 1500 1540 Probum
1546 1475 2039 1560 grammaticum
2094 1475 2325 1555 refert,
2384 1479 2402 1507 ‘
2420 1487 2493 1538 tu
2536 1473 3039 1556 Tertullianum,
3098 1485 3167 1540 tu

585 1576 883 1642 Marcum
937 1577 1214 1642 Fabium
1273 1574 1778 1657 Quintilianum,
1836 1584 1907 1640 tu
1950 1575 2033 1656 Q.
2080 1575 2435 1640 Asconium
2480 1576 2867 1658 Pedianum,
2924 1587 2997 1642 tu
3040 1576 3165 1642 Lu-

557 1681 888 1760 cretium,
949 1678 1180 1744 Silium
1222 1679 1554 1760 Italicum,
1611 1677 2095 1756 Marcellinum,
2142 1686 2213 1742 tu
2254 1677 2598 1742 Manilium
2642 1680 3164 1761 astronomicum,

587 1780 664 1846 L.
721 1780 987 1867 Septim.
1046 1780 1382 1847 Valerium
1435 1781 1777 1861 Flaccum,
1846 1789 1917 1844 tu
1976 1779 2261 1865 Caprum
2278 1828 2297 1862 ,
2364 1778 2794 1866 Eutychium,
2862 1781 3165 1860 Probum,

587 1885 1072 1968 grammaticOS,
1130 1893 1201 1948 tu
1255 1884 1618 1970 complures
1665 1882 1825 1948 alios
1869 1881 2369 1948 Bartholomaeo
2414 1881 2667 1967 collega
2721 1892 2831 1946 tuo
2874 1884 3168 1948 adiutore

588 1985 695 2050 vel
733 1985 870 2050 fato
914 1986 1174 2050 functos
1220 1986 1359 2051 vita
1402 1985 1691 2050 donastis
1738 1984 1845 2050 vel
1890 1983 2102 2070 longo,
2150 1994 2223 2050 ut
2268 1985 2451 2050 aiunt
2494 1983 2889 2071 postliminio
2933 1986 2999 2050 in
3044 1985 3169 2051 La-

587 2089 746 2153 tium
791 2088 1192 2153 reduxistis'.
1277 2086 1439 2152 illud
1483 2098 1700 2153 autem
1746 2087 1829 2151 ad
1874 2109 2065 2173 quem
2108 2085 2345 2152 librum
2390 2087 2587 2152 Probi
2631 2087 3041 2152 referendum
3086 2089 3171 2153 sit

587 2192 826 2256 nescio.
913 2211 1065 2254 nam
1118 2190 1476 2256 Bobienses
1535 2199 1710 2255 certe
1775 2189 1976 2254 libros
2035 2189 2355 2275 Poggium
2411 2210 2539 2254 non
2596 2193 2979 2255 tractavisse
3036 2212 3169 2256 cer-

585 2302 724 2358 tum
769 2302 888 2357 est.

864 2463 934 2527 II
994 2463 1118 2526 DE
1165 2461 1436 2528 PROBI
1479 2462 1779 2527 LIBRIS
1825 2461 1951 2528 DE
1995 2461 2238 2527 ARTE
2284 2461 2893 2535 GRAMMATICA

755 2599 1110 2684 Postquam
1153 2598 1352 2662 Ianus
1397 2597 1783 2664 Parrhasius
1828 2597 2148 2663 catholica
2192 2606 2257 2662 et
2298 2599 2624 2679 instituta,
2683 2621 2851 2686 quae
2908 2600 3170 2686 quidem

585 2700 695 2766 ille
742 2700 1029 2782 dixerat,
1075 2699 1312 2780 edidit,
1357 2721 1486 2766 non
1531 2701 1998 2766 dubitaverunt
2039 2701 2165 2766 viri
2209 2700 2382 2764 docti
2423 2700 2822 2766 nobilissimo
2852 2723 3170 2787 gramma-

585 2803 714 2867 tico
760 2802 858 2866 ΜΣ
881 2801 1142 2867 Valerio
1172 2801 1386 2867 Probo
1416 2803 1716 2888 Berytio,
1764 2804 1934 2867 sicut
1975 2803 2098 2888 ipsi
2144 2802 2489 2867 Parrhasio
2534 2805 2747 2868 visum
2793 2814 2961 2885 erat,
3007 2804 3171 2870 baec

588 2904 895 2970 tribuere.
985 2913 1190 2970 artem
1233 2926 1490 2991 quoque
1511 2903 1741 2986 illam,
1787 2927 1955 2991 quae
1998 2913 2223 2970 nostra
2266 2903 2525 2970 demum
2569 2914 2781 2970 aetate
2828 2906 3006 2970 edita
3048 2915 3168 2986 est,

585 3007 801 3073 Probo
831 3007 1151 3072 tribuerat
1177 3006 1582 3088 Parrhasius,
1611 3010 1723 3093 qui
1765 3007 1927 3072 haec
1964 3007 2033 3070 in
2062 3005 2491 3092 Neapolitano
2536 3005 2756 3072 codice
2800 3008 3169 3095 adscripsit,

588 3109 758 3174 sicut
785 3109 989 3172 refert
1033 3108 1345 3174 Ianellius
1390 3110 1582 3174 catal.
1633 3108 1928 3174 biblioth.
1974 3131 2140 3173 muS.
2186 3109 2471 3172 Borbon.
2518 3132 2581 3196 p.
2617 3117 2723 3190 12,
2774 3110 2953 3175 ‘Hoc
2999 3132 3163 3197 opus

588 3232 729 3275 esse
761 3210 959 3276 Probi
1003 3220 1259 3276 constat
1288 3232 1372 3276 ex
1404 3212 1630 3297 Sergio
1661 3211 2114 3295 grammaticO,
2159 3212 2268 3296 qui
2300 3208 2381 3274 de
2426 3212 2753 3275 nominum
2787 3212 3169 3277 differentiis

587 3334 788 3397 agens
834 3313 902 3376 in
948 3311 1456 3394 CommentariO,
1503 3313 1677 3399 quod
1720 3315 1789 3377 in
1833 3313 2181 3377 editionem
2225 3312 2469 3376 Donati
2514 3313 2864 3378 secundam
2908 3316 3171 3401 scripsit

589 3415 762 3499 (430,
811 3414 951 3496 37);
1013 3413 1270 3495 Senior,
1315 3415 1558 3500 inquit,
1603 3424 1678 3478 ut
1720 3413 1971 3479 Probus
2019 3413 2207 3493 dicit,
2268 3422 2482 3479 tamen
2524 3417 2780 3500 generis
2824 3416 3170 3481 masculini

585 3523 714 3596 est,
769 3514 892 3579 hoc
950 3525 1163 3580 autem
1219 3516 1458 3597 legitur
1513 3515 1634 3581 hoc
1688 3513 1908 3580 libello
1954 3537 2103 3600 pag.
2152 3521 2225 3582 9’
2275 3513 2414 3599 (61,
2462 3517 2553 3600 3).
2642 3517 2758 3581 sed
2802 3519 3168 3582 accuratius

585 3619 778 3682 huius
821 3615 1228 3701 grammatici
1271 3618 1520 3682 ratione
1566 3626 1908 3703 perspecta
1950 3639 2099 3681 cum
2142 3617 2261 3682 hos
2292 3617 2521 3697 libros,
2570 3617 2795 3704 quales
2840 3640 3011 3684 nunc
3055 3619 3171 3683 ha-

587 3719 845 3800 bemus,
894 3742 1020 3784 non
1066 3721 1354 3807 potuisse
1399 3718 1482 3783 ab
1514 3717 1624 3782 illo
1657 3719 1857 3784 scribi
1900 3717 2301 3784 intellectum
2345 3730 2543 3801 esset,
2592 3718 2754 3784 duos
2800 3729 3170 3786 statuerunt

585 3821 791 3886 fuisse
849 3820 1142 3887 eiusdem
1183 3822 1460 3886 nominis
1515 3820 2001 3904 grammaticos,
2072 3843 2346 3908 quorum
2402 3821 2679 3886 alterum
2733 3823 3073 3908 Berytium
3128 3847 3171 3887 a

585 3922 860 3988 Neronis
902 3924 1040 3988 fere
1071 3932 1282 3988 aetate
1311 3923 1398 3988 ad
1428 3923 1785 3987 Domitiani
1826 3923 2169 4007 imperium
2213 3924 2416 3988 vitam
2458 3923 2847 4007 produxisse
2890 3933 3168 4006 constat,

586 4024 862 4090 alterum
905 4034 1138 4111 quarto
1182 4034 1330 4111 post
1373 4024 1704 4090 Christum
1748 4033 1973 4088 natum
2017 4024 2274 4089 saeculo
2320 4026 2566 4090 vixisse
2609 4024 2975 4092 voluerunt.
3060 4047 3169 4092 co-

584 4129 764 4212 piose
808 4129 890 4193 de
933 4128 1182 4192 iuniore
1225 4127 1336 4192 illo
1368 4125 1612 4207 Prob0,
1658 4147 1849 4211 quem
1896 4125 2148 4207 dicunt,
2192 4128 2438 4212 primus
2470 4127 3169 4213 disputavitOsannus

481 4265 484 4270 -
585 4230 860 4314 symbol.
893 4228 1087 4294 litter.
1120 4228 1246 4295 vol.
1280 4230 1351 4294 II
1382 4252 1446 4315 p.
1481 4237 1602 4298 166
1637 4249 1779 4314 sqq.
1857 4237 2007 4314 post
2050 4228 2221 4294 hunc
2268 4229 2617 4293 Lerschius
2662 4229 2913 4316 ephem.
2960 4231 3166 4317 antiq.

585 4354 643 4395 a.
695 4338 857 4401 1843
902 4355 966 4397 n.
1013 4338 1094 4400 79
1139 4343 1204 4397 et
1247 4338 1326 4400 80
1370 4333 1465 4395 ita
1505 4338 1851 4416 utrumque
1898 4330 2223 4412 distinxit,
2284 4343 2357 4395 ut
2400 4341 2685 4396 veterem
2726 4331 2911 4396 illum
2954 4354 3169 4418 gram-

583 4435 892 4498 maticum
937 4433 1359 4518 scriptoribus
1407 4431 1675 4498 edendis
1707 4441 1772 4496 et
1802 4432 2187 4497 adnotandis
2218 4453 2481 4517 operam
2512 4431 2801 4513 dedisse,
2848 4435 3169 4498 iuniorem

583 4535 710 4598 arti
754 4534 1135 4600 scribendae
1176 4537 1494 4600 intentum
1539 4535 1745 4599 fuisse
1791 4533 2052 4599 diceret.
2114 4543 2177 4598 et
2220 4534 2371 4599 huic
2415 4533 2677 4621 quidem
2720 4535 2927 4600 solam
2956 4547 3168 4601 artem

585 4645 650 4699 et
705 4645 1014 4722 excerpta
1069 4637 1148 4701 de
1203 4639 1460 4702 nomine
1517 4636 1733 4702 danda
1788 4636 2218 4717 existimavit,
2286 4635 2536 4723 reliqua
2579 4659 2619 4701 a
2661 4636 2861 4702 Probi
2904 4639 3167 4702 nomine

585 4739 842 4804 omnino
915 4739 1127 4804 aliena
1192 4759 1334 4802 esse
1381 4736 1621 4824 *voluit
1711 4737 1939 4802 horum
2020 4738 2405 4803 sententiam
2480 4738 2747 4823 reliqui,
2834 4740 2946 4825 qui
3011 4749 3168 4826 post
