3434 5442
937 352 1334 415 msrlrv'ra
1375 320 1661 415 anrivlu
1707 353 1851 417 783.
1883 353 2005 417 784
2652 356 2771 419 173

303 499 318 511 .
402 471 444 511 ·.
513 468 570 511 a.
2366 496 2379 511 .
2637 472 2668 513 ·.

165 469 424 601 ausiaci-‘i’
449 468 767 620 gingularis
821 546 1028 620 raptus
1067 540 1294 603 fueram
1341 548 1548 619 raptus
1592 542 1793 603 fueras
1835 548 2037 623 raptus
2078 540 2303 610 fuerat,
2334 472 2772 623 pumpivpm-

164 640 306 702 ralis
375 643 530 719 rapti
573 642 878 705 fueramus
949 642 1104 721 rapti
1153 643 1398 705 fueratis
1458 644 1610 721 rapti
1655 642 1921 705 fuerant:
2002 644 2209 705 eodem
2260 643 2439 705 modo
2500 654 2771 723 tempore

166 742 372 805 futuro
441 745 566 805 sive
621 745 972 824 promissivo
1015 744 1192 805 modo
1251 746 1488 807 numeri
1532 744 1847 823 singularis
1910 747 2111 826 rapiar
2172 747 2425 825 rapieris
2484 748 2768 827 rapietur,

161 846 406 907 numeri
451 842 694 923 pluralis
747 848 1053 926 rapiemur
1108 846 1420 925 rapiemini
1463 848 1791 926 rapientur.
1881 848 2059 910 modo
2105 849 2449 928 imperativo
2500 854 2769 927 tempore

163 947 472 1027 praesenti
516 948 638 1009 sive
675 948 914 1009 instanti
969 947 1042 1008 ad
1087 946 1412 1009 secundam
1457 956 1516 1009 et
1544 944 1571 1032 ΙΙ
1599 951 1832 1011 tertiam
1876 968 2196 1029 personam
2256 956 2481 1011 tantum
2534 952 2769 1011 numeri
2818 978 2845 1017 5

161 1048 489 1127 singularis
529 1066 740 1129 rapere
777 1051 1061 1127 rapiatur,
1109 1050 1342 1111 numeri
1371 1048 1617 1128 pluralis
1661 1051 1935 1130 rapimini
1972 1054 2305 1130 rapiantur:
2354 1052 2561 1113 eodem
2592 1051 2769 1113 modo

163 1159 440 1229 tempore
471 1152 670 1212 futuro
710 1153 946 1213 numeri
975 1150 1290 1229 singularis
1325 1152 1552 1230 rapitur
1588 1155 1833 1231 rapitur,
1884 1155 2119 1215 numeri
2151 1151 2399 1232 pluralis
2440 1154 2769 1232 rapiminor

161 1254 498 1331 rapiuntur.
587 1253 763 1313 modo
807 1254 1034 1314 infinito
1079 1254 1200 1315 sive
1243 1260 1532 1333 perpetuo
1589 1256 1855 1316 numeris
1900 1262 1959 1316 et
1998 1257 2271 1334 personis
2314 1254 2574 1317 confusis
2618 1262 2767 1316 tem·

163 1373 311 1433 pore
342 1356 654 1433 praesenti
683 1356 804 1416 sive
835 1356 1074 1416 instanti
1114 1356 1260 1434 rapi,
1303 1362 1574 1436 tempore
1601 1358 1925 1436 praeterito
1957 1364 2193 1437 raptum
2222 1376 2353 1419 esse
2394 1362 2453 1418 et
2482 1356 2767 1419 ulteriore

163 1459 494 1536 praeterito
539 1463 774 1537 raptum
823 1456 1034 1528 fuisse,
1081 1466 1350 1537 tempore
1392 1457 1592 1519 futuro
1636 1465 1871 1538 raptum
1914 1460 2007 1520 iri.
2096 1458 2273 1520 modo
2316 1460 2571 1538 optativo
2616 1466 2843 1525 tem-10

161 1577 310 1638 pore
357 1559 660 1637 praesenti
702 1560 827 1620 sive
862 1560 1100 1619 instanti
1144 1560 1378 1621 numeri
1419 1559 1735 1639 singularis
1778 1561 1999 1623 utinam
2043 1563 2261 1640 rapiar,
2304 1562 2528 1622 utinam
2572 1562 2763 1638 rapia-

165 1663 275 1729 ris,
323 1662 554 1721 utinam
601 1662 898 1741 rapiatur;
965 1662 1204 1723 numeri
1245 1659 1490 1740 pluralis
1531 1662 1755 1723 utinam
1790 1664 2120 1742 rapiamur,
2170 1664 2389 1725 utinam
2434 1662 2763 1743 rapiamini,

165 1764 394 1825 utinam
435 1763 770 1843 rapiantur:
852 1761 1060 1823 eodem
1107 1763 1284 1823 modo
1321 1772 1594 1843 tempore
1638 1766 1959 1842 praeterito
2010 1766 2209 1844 speeie
2252 1764 2599 1844 imperfecta
2644 1764 2765 1825 sive

163 1868 364 1926 minus
431 1883 610 1946 quam
675 1865 938 1944 perfecta
971 1846 1091 1925 'vel
1156 1865 1483 1927 inchoativa
1549 1867 1783 1927 numeri
1848 1864 2163 1944 singularis
2218 1868 2441 1928 utinam
2494 1883 2762 1944 raperer,

165 1968 396 2027 utinam
449 1966 782 2047 rapereriS,
837 1966 1060 2028 utinam
1111 1976 1456 2046 raperetur:
1531 1969 1765 2029 numeri
1808 1967 2055 2047 pluralis
2106 1969 2333 2029 utinam
2390 1985 2761 2047 raperemur,
2792 1993 2843 2035 15

165 2072 394 2131 utinam
435 2070 814 2148 raperemini,
857 2070 1081 2130 utinam
1119 2076 1500 2149 raperentur:
1549 2068 1761 2131 eodem
1790 2069 1967 2129 modo
2014 2070 2223 2131 eodem
2255 2076 2527 2150 tempore
2570 2071 2765 2148 specie

163 2172 432 2249 perfecta
477 2172 598 2232 sive
641 2169 908 2232 absoluta
955 2174 1186 2232 numeri
1225 2169 1538 2249 singularis
1581 2172 1807 2233 utinam
1851 2178 2057 2251 raptus
2102 2172 2243 2241 sim,
2288 2174 2513 2235 utinam
2560 2178 2765 2250 raptus

161 2276 270 2343 sir„
323 2274 554 2335 utinam
597 2280 804 2352 raptus
848 2273 952 2341 sit:
1021 2275 1254 2335 numeri
1298 2270 1542 2352 pluralis
1601 2274 1827 2333 utinam
1872 2274 2026 2351 rapti
2076 2273 2289 2344 simus,
2344 2275 2567 2334 utinam
2610 2274 2766 2352 rapti

161 2376 304 2445 sitis,
349 2374 580 2435 utinam
621 2376 778 2454 rapti
821 2376 964 2445 sint:
1009 2383 1068 2436 et
1099 2374 1384 2437 ulteriore
1424 2374 1689 2455 perfecta
1728 2376 1849 2436 sive
1878 2373 2145 2436 absoluta
2184 2376 2418 2437 numeri
2452 2374 2765 2455 singularis

165 2478 394 2538 utinam
441 2485 646 2555 raptus
689 2476 924 2548 fuerim,
973 2478 1194 2539 utinam
1239 2485 1446 2556 raptus
1486 2477 1698 2549 fueriS,
1742 2478 1963 2539 utinam
2009 2483 2215 2557 raptus
2258 2476 2467 2546 fuerit:
2530 2476 2763 2538 numeri
2788 2503 2842 2543 ρο

164 2578 416 2656 pluralis
457 2579 680 2640 utinam
720 2580 874 2656 rapti
915 2578 1234 2649 fuerimus,
1281 2580 1504 2640 utinam
1549 2580 1701 2658 rapti
1747 2580 2003 2648 fueritis,
2053 2580 2277 2641 utinam
2318 2579 2475 2658 rapti
2513 2578 2761 2640 fuerint:

165 2681 378 2742 eodem
423 2680 602 2741 modo
657 2680 866 2742 eodem
913 2686 1182 2761 tempore
1235 2681 1432 2760 specie
1477 2679 2061 2761 plusquamperfecta
2112 2681 2233 2743 sive
2270 2680 2635 2742 recordativa
2674 2679 2765 2741 vei

166 2790 372 2844 exacta
419 2784 650 2843 numeri
687 2782 1004 2862 singularis
1046 2784 1270 2843 utinam
1313 2788 1519 2859 raptus
1565 2802 1776 2853 essem,
1816 2785 2039 2845 utinam
2076 2790 2281 2861 raptus
2319 2800 2495 2853 esses,
2540 2783 2761 2843 utinam

165 2894 374 2965 raptus
417 2892 608 2955 esset:
678 2887 912 2947 numeri
953 2882 1199 2965 pluralis
1252 2886 1476 2945 utinam
1515 2887 1670 2965 rapti
1707 2904 2009 2955 essemuS,
2066 2884 2291 2949 utinam
2336 2884 2489 2961 rapti
2534 2884 2761 2951 essetis,

165 2988 390 3048 utinam
449 2989 602 3067 rapti
661 2994 883 3056 essent;
959 2993 1018 3048 et
1063 2986 1344 3048 ulteriore
1409 2985 1987 3067 plusquamperfeeta
2053 2986 2173 3047 sive
2238 2986 2605 3048 recordativa
2670 2984 2761 3046 vel
2785 3010 2838 3049 «ιτ»

167 3096 374 3151 exacta
435 3091 668 3151 numeri
731 3088 1048 3167 singularis
1115 3091 1337 3150 utinam
1393 3097 1598 3167 raptus
1651 3088 1924 3158 fuissem,
1986 3090 2211 3149 utinam
2268 3095 2475 3166 raptus
2530 3086 2759 3154 fuisses,

165 3192 392 3253 utinam
433 3196 642 3270 raptus
683 3191 922 3260 fuisset;
968 3192 1204 3252 numeri
1241 3182 1488 3269 pluralis
1529 3192 1751 3251 utinam
1789 3190 1941 3270 rapti
1984 3191 2313 3260 fuissemus,
2356 3190 2578 3251 utinam
2610 3189 2765 3269 rapti

165 3293 452 3363 fuissetiS,
501 3278 724 3355 utinam
766 3295 924 3373 rapti
965 3293 1242 3354 fuissent:
1318 3291 1526 3353 eodem
1573 3292 1750 3353 modo
1797 3300 2067 3371 tempore
2110 3292 2311 3353 futuro
2368 3292 2600 3353 numeri
2644 3290 2763 3352 sin-

163 3394 386 3471 gularis
445 3396 668 3457 utinam
710 3396 941 3475 rapiar,
998 3396 1224 3455 utinam
1263 3395 1544 3473 rapiariS,
1599 3396 1821 3455 utinam
1861 3396 2155 3476 rapiatur3
2232 3395 2466 3455 numeri
2516 3391 2763 3472 pluralis

165 3498 392 3558 utinam
429 3498 763 3576 rapiamur,
821 3498 1041 3559 utinam
1083 3496 1424 3576 rapiamini,
1483 3498 1703 3558 utinam
1750 3496 2075 3577 rapiantur.
2166 3495 2343 3557 modo
2389 3496 2761 3556 coniunctim
2786 3514 2839 3558 ao

163 3602 278 3659 sive
323 3602 584 3659 iuno-tivo
633 3607 903 3679 tempore
947 3600 1244 3678 praesenti
1299 3599 1421 3659 sive
1461 3600 1699 3673 instanti
1756 3600 1987 3660 numeri
2033 3596 2349 3677 singularis
2402 3616 2538 3659 eum
2578 3597 2669 3659 vel
2714 3598 2764 3658 si

166 3702 382 3779 rapiar,
425 3717 562 3761 cum
603 3703 614 3779 Ι
650 3699 741 3763 vel
781 3704 834 3762 si
874 3702 1144 3781 rapiaris,
1191 3720 1326 3763 cum
1370 3700 1463 3761 vel
1500 3702 1550 3762 si
1594 3702 1887 3781 rapiatur:
1934 3702 2167 3763 numeri
2214 3699 2462 3779 pluralis
2506 3718 2642 3763 eum
2671 3699 2762 3761 vel

166 3803 209 3862 si
247 3804 590 3883 rapiamur,
651 3820 788 3864 eum
835 3801 928 3864 vel
971 3806 1024 3864 si
1065 3803 1407 3883 rapiamini,
1473 3822 1608 3864 cum
1649 3803 1741 3865 vel
1784 3804 1832 3863 si
1884 3805 2218 3882 rapiantur:
2264 3799 2292 3887 ΙΙ
2332 3804 2541 3865 eodem
2582 3802 2763 3864 modo

167 3911 436 3983 tempore
477 3906 800 3983 praeterito
847 3907 1044 3985 speeie
1087 3904 1434 3984 imperfecta
1480 3906 1602 3967 sive
1641 3906 1837 3966 minus
1880 3924 2059 3987 quam
2088 3905 2349 3984 perfecta
2389 3904 2479 3966 vel
2516 3904 2759 3965 inchoa-

167 4008 272 4068 tiva
331 4007 570 4067 numeri
612 4006 928 4085 singularis
973 4025 1108 4068 eum
1151 4004 1242 4069 vel
1290 4008 1342 4068 si
1382 4024 1655 4087 raperer,
1709 4024 1845 4067 cum
1888 4006 1975 4067 vel
2020 4008 2073 4066 si
2115 4008 2441 4084 rapereriS,
2489 4024 2621 4067 eum
2668 4004 2759 4065 vel
2788 4026 2838 4067 35

166 4127 212 4167 si
247 4104 602 4187 raperetur:
643 4110 876 4171 numeri
917 4107 1162 4189 pluralis
1205 4128 1342 4171 eum
1375 4108 1464 4171 vel
1493 4110 1542 4171 si
1584 4126 1953 4186 raperemur,
2004 4126 2139 4170 eum
2171 4108 2259 4170 vel
2292 4110 2341 4170 si
2384 4108 2760 4188 raperemini,

169 4228 296 4271 eum
341 4209 435 4271 vel
479 4210 532 4270 si
569 4218 954 4291 raperentur:
1021 4212 1230 4274 eodem
1283 4211 1464 4273 modo
1514 4211 1723 4273 eodem
1766 4217 2037 4291 tempore
2094 4211 2291 4291 specie
2335 4210 2597 4291 perfecta
2640 4210 2763 4270 sive

169 4310 436 4374 absoluta
503 4314 738 4374 numeri
779 4311 1096 4391 singularis
1151 4332 1286 4374 cum
1331 4312 1423 4374 vel
1465 4315 1515 4376 si
1571 4319 1779 4392 raptus
1820 4312 1957 4385 sim,
2010 4330 2145 4373 eum
2188 4311 2277 4373 vel
2322 4314 2373 4373 si
2414 4318 2619 4391 raptus
2660 4312 2759 4380 sis,

169 4432 298 4475 eum
346 4413 440 4475 vel
492 4416 544 4474 si
583 4423 790 4493 raptus
833 4416 941 4483 sit:
987 4418 1221 4477 numeri
1259 4412 1510 4494 pluralis
1553 4434 1687 4477 eum
1728 4413 1821 4479 vel
1861 4416 1911 4476 si
1954 4416 2107 4495 rapti
2150 4415 2353 4485 simuS,
2401 4431 2537 4475 eum
2577 4411 2665 4473 vel
2710 4414 2759 4473 si

171 4518 316 4595 rapti
359 4516 508 4585 sitis,
556 4534 692 4578 eum
726 4516 812 4579 vel
847 4518 900 4579 si
935 4518 1088 4599 rapti
1133 4518 1284 4587 sint:
1329 4523 1388 4579 et
1419 4517 1714 4580 ulteriore
1752 4517 2013 4597 perfecta
2052 4518 2175 4578 sive
2216 4516 2485 4579 absoluta
2528 4515 2761 4577 numeri
2786 4530 2839 4571 ω

295 4766 341 4886 16²
349 4764 618 4885 ἔερίιιῧιιί
655 4764 707 4815 Β
739 4767 1012 4832 rapiamini
1049 4766 1095 4816 R
1271 4766 1306 4815 8
1340 4767 1606 4831 rapiuntor
1640 4764 1688 4815 R
1726 4766 1995 4831 rapiuntur
2027 4766 2079 4815 B
2286 4766 2349 4819 31
2390 4766 2501 4816 sive
2538 4765 2759 4815 iunetivo

173 4848 256 4889 om.
399 4872 414 4897 ,
452 4850 487 4884 a
567 4875 580 4887 .
619 4852 650 4885 v
