3434 5442
676 283 756 348 80
1857 285 2086 349 PROBI

810 401 1090 445 ,ineam
2861 401 3037 442 ,τιατ
3105 401 3160 444 v.

673 401 903 534 Ιὶιῑιξήεε,9
919 473 1278 534 definiuntur
1314 478 1375 534 et
1410 479 1605 551 aptota
1650 491 1782 536 esse
1823 445 1942 534 non
1985 474 2397 542 inveniuntur,
2440 473 2588 534 haec
2633 413 2900 551 indigeat
2941 403 3070 534 guis
3113 475 3259 535 casi-

676 575 816 643 bus,
873 593 982 653 per
1026 592 1177 654 quos
1222 583 1547 654 appareant
1593 575 1667 636 ad
1712 592 1888 656 quam
1936 574 2186 636 formam
2239 575 2538 653 pertinere
2591 575 2986 653 reperiantur.
3076 593 3260 655 quare

674 693 1085 756 quaecumque
1136 678 1373 736 nomina
1432 677 1667 753 generis
1713 675 2018 738 masculini
2073 676 2429 737 nominativo
2473 694 2612 736 casu
2657 677 2890 737 numeri
2943 675 3261 754 singularis

674 796 737 838 es
784 776 991 837 litteris
1034 777 1426 848 definiuntur,
1482 784 1730 856 excepto
1787 779 2116 840 accusativo
2166 795 2304 838 casu
2359 778 2590 840 numeri
2645 777 2872 838 scilicet
2922 777 3258 858 singularis,

621 905 647 944 ⁶
674 881 723 940 si
768 867 945 940 alium
998 878 1323 958 quemlibet
1378 897 1577 941 casum
1635 881 1709 940 ad
1757 880 2010 940 sormam
2051 880 2338 942 Anchisae
2393 879 2590 942 facere
2641 880 3054 958 reperiuntur,
3117 886 3263 939 tunc

672 981 817 1042 haec
861 998 968 1058 per
1012 988 1241 1040 ceteros
1282 997 1455 1042 casus
1499 981 1569 1042 ad
1618 999 1830 1042 sonum
1876 981 2165 1042 Anchisae
2209 980 2595 1042 declinantur.
2639 979 2646 1001 ¹
2750 971 2753 974 ’

843 1082 929 1144 De
972 1083 1301 1144 accusativo
1348 1100 1489 1142 casu
1534 1085 1764 1144 numeri
1808 1081 2138 1162 singularis,
2181 1085 2285 1162 qui
2328 1101 2402 1145 en
2449 1081 2654 1143 litteris
2696 1081 2990 1144 definitur.
3031 1079 3044 1088 ’
3078 1101 3260 1162 quae·

672 1202 926 1265 cumque
977 1185 1213 1246 nomina
1272 1186 1508 1262 generis
1564 1182 1874 1246 masculini
1930 1186 2264 1245 accusativo
2332 1203 2474 1245 casu
2528 1185 2762 1244 numeri
2825 1182 3138 1262 singularis
3185 1202 3260 1244 en

670 1283 879 1350 litteris
916 1285 1280 1348 definiuntur
1322 1294 1381 1346 et
1424 1293 1622 1364 aptota
1662 1303 1792 1347 esse
1837 1303 1955 1346 non
2007 1287 2411 1356 inveniuntur,
2459 1286 2608 1347 haec
2649 1286 2914 1364 indigent
2947 1285 3076 1348 aliis
3112 1286 3260 1348 casi-

598 1408 645 1449 10
673 1384 815 1457 bus,
870 1405 979 1467 per
1022 1405 1172 1466 quos
1216 1395 1541 1467 appareant
1576 1388 1649 1449 ad
1706 1405 1880 1467 quam
1925 1389 2175 1451 sormam
2237 1389 2535 1466 pertinere
2589 1389 2982 1467 reperiantur.
3073 1405 3260 1470 quare

672 1507 1083 1570 quaecumque
1144 1491 1381 1550 nomina
1412 1490 1673 1568 ,generis
1723 1488 2028 1553 masculini
2081 1492 2409 1550 accusativo
2465 1507 2605 1551 casu
2655 1490 2888 1551 numeri
2941 1489 3261 1566 singularis

672 1608 745 1652 en
786 1589 997 1652 litteris
1046 1589 1407 1652 deliniuntur
1462 1598 1521 1652 et
1562 1598 1763 1670 aptota
1805 1609 1934 1652 esse
1985 1607 2100 1651 non
2144 1592 2551 1659 inveniuntur,
2609 1597 2855 1670 excepto
2901 1591 3259 1651 nominativo

670 1709 809 1753 casu
864 1693 1095 1754 numeri
1152 1691 1499 1770 singulariS,
1566 1695 1617 1753 si
1671 1691 1848 1754 alium
1901 1690 2224 1772 quemlibet
2277 1709 2478 1754 casum
2531 1693 2605 1753 ad
2659 1693 2908 1753 sormam
2966 1693 3260 1753 Anchisae

668 1795 865 1855 facere
900 1792 913 1876 Ι
951 1795 1360 1872 reperiuntur,
1413 1801 1555 1854 tunc
1598 1793 1746 1856 haec
1799 1812 1909 1873 per
1955 1802 2182 1856 ceteros
2223 1812 2395 1857 casus
2445 1793 2516 1854 ad
2569 1811 2780 1856 sonum
2819 1793 3111 1855 Anchisae
3155 1795 3260 1856 de-

496 1911 511 1930 ‘
594 1917 641 1958 ¹5
668 1893 978 1957 clinantur.

836 1996 922 2060 De
960 1998 1225 2058 vocativo
1265 1969 1403 2058 casu
1462 1998 1693 2058 numeri
1733 1996 2080 2082 ‘singularia
2130 1999 2231 2076 qui
2285 2017 2318 2058 e
2370 1996 2562 2058 littera
2617 1998 2984 2058 terminatur.
3075 2015 3259 2076 quae-

667 2117 922 2178 cumque
960 2099 1199 2158 nomina
1246 2100 1485 2176 generis
1528 2097 1832 2160 masculini
1871 2100 2131 2160 vocativo
2173 2118 2312 2160 casu
2356 2100 2589 2160 numeri
2627 2097 2942 2178 singularis
2985 2119 3019 2160 e
3061 2099 3259 2160 littera

666 2202 1055 2262 terminantur
1098 2207 1150 2260 et
1191 2208 1387 2280 aptota
1420 2219 1550 2262 esse
1590 2219 1708 2261 non
1750 2202 2146 2272 inveniuntur,
2193 2201 2338 2261 haec
2382 2200 2643 2278 indigent
2681 2199 2808 2260 aliis
2847 2201 3099 2270 casibus,
3147 2219 3262 2280 per

667 2319 817 2382 quos
860 2308 1183 2380 appareant
1236 2302 1307 2362 ad
1355 2319 1529 2380 quam
1572 2303 1824 2364 formam
1882 2305 2180 2380 pertinere
2225 2304 2616 2382 reperiantur.
2707 2320 2890 2380 quare
2935 2321 3260 2382 quaecum-

590 2423 643 2464 2⁰
668 2421 784 2482 que
824 2404 1061 2464 nomina
1098 2405 1332 2480 generis
1376 2402 1681 2466 masculini
1720 2405 1982 2464 vocativo
2013 2421 2150 2464 casu
2196 2405 2424 2465 numeri
2469 2402 2782 2480 singularis
2829 2423 2862 2464 e
2902 2402 3094 2465 littera
3136 2412 3261 2466 ter·

668 2506 964 2582 minantur
1028 2510 1085 2566 et
1127 2511 1320 2582 aptota
1369 2523 1499 2566 esse
1552 2523 1672 2565 non
1725 2506 2137 2576 inveniuntur,
2203 2508 2254 2566 si
2309 2503 2488 2566 alium
2556 2505 2878 2583 quemlibet
2933 2523 3138 2566 casum
3184 2505 3260 2566 ad

668 2606 921 2668 formam
959 2605 1247 2668 Anchisae
1284 2604 1479 2668 facere
1521 2607 1918 2685 reperiuntur,
1960 2616 2100 2668 tunc
2130 2606 2277 2668 haec
2320 2625 2427 2686 per
2463 2614 2693 2668 ceteros
2727 2616 2896 2668 casus
2941 2606 3014 2668 ad
3042 2625 3261 2670 sonum

666 2707 955 2770 Anchisae
997 2706 1384 2769 declinantur.

836 2808 1029 2880 Nunc,
1070 2811 1176 2871 etsi
1216 2811 1345 2888 quis
1392 2827 1563 2870 casus
1606 2827 1778 2887 quem
1819 2808 1892 2870 ad
1939 2810 2182 2871 modum
2229 2829 2404 2890 quem
2444 2828 2644 2872 casum
2679 2817 2847 2888 regat
2885 2809 3262 2872 demonstra·

588 2913 874 2982 as-vimuS,
918 2918 1175 2972 attamen
1220 2919 1279 2972 et
1323 2910 1514 2990 aliqua
1562 2912 1800 2972 nomina
1843 2911 2232 2980 sufficiemus,
2281 2931 2350 2974 ex
2392 2911 2606 2991 quibus
2651 2912 2783 2992 quis
2834 2929 3008 2992 quem
3051 2931 3262 2974 casum

642 3003 835 3091 ‚regat
876 3011 1147 3074 facillime
1193 3013 1549 3074 dinoscatur.
1638 3023 1703 3073 ut
1742 3021 1881 3093 puta
1922 3032 2054 3074 cum
2103 3013 2259 3074 dicat
2296 3012 2582 3091 Vergilius

968 3112 1102 3175 ille
1145 3115 1350 3176 inter
1397 3132 1802 3194 navemque
1847 3114 2072 3195 Gyae,

664 3234 825 3278 nunc
862 3219 981 3278 iam
1023 3218 1352 3296 quaeri-tur,
1412 3218 1596 3277 ceteri
1650 3235 1822 3278 casus
1864 3217 2022 3296 Gyae
2077 3217 2148 3278 ad
2196 3235 2371 3297 quam
2426 3217 2676 3276 sormam
2733 3218 3032 3295 pertinere
3080 3236 3262 3296 repe-

666 3319 929 3386 riantur:
980 3326 1039 3378 et
1076 3317 1227 3384 ideo,
1268 3328 1331 3378 ut
1372 3319 1433 3378 in
1466 3317 1881 3396 superioribus
1919 3319 2312 3386 tractavimus,
2356 3319 2442 3378 sic
2478 3325 2536 3378 et
2579 3316 2835 3396 probare
2880 3316 3260 3388 debebimus,

586 3436 638 3476 aa
667 3419 721 3480 id
766 3425 856 3480 est
892 3425 954 3479 ut
992 3418 1169 3480 huius
1195 3414 1223 3504 ΙΙ
1254 3437 1491 3498 quoque
1536 3420 1790 3479 nominis
1835 3437 2008 3480 casus
2049 3419 2590 3497 secundum'supra
2625 3418 2840 3480 dictam
2883 3419 3261 3498 disciplinam

664 3539 845 3600 quem
885 3519 957 3581 ad
1002 3520 1244 3582 modum
1289 3522 1569 3599 cuiusque
1610 3520 1837 3582 formae
1883 3539 2060 3602 quem
2098 3539 2296 3582 casum
2334 3529 2547 3600 regant
2581 3523 3031 3601 prospiciamus.
3094 3539 3263 3582 nunc

664 3639 801 3682 cum
846 3620 999 3684 dicat
1039 3621 1192 3682 idem
1232 3621 1519 3698 Vergilius

972 3721 1259 3784 turham
1303 3724 1503 3783 inter
1549 3707 2080 3803 fremitumque
2123 3724 2340 3803 GyaS,

664 3806 866 3904 utique
908 3824 1031 3884 iam
1068 3825 1223 3904 Gyas
1282 3823 1374 3908 ad·
1414 3825 1662 3886 sormam
1706 3828 1936 3886 Aeneae
1991 3824 2348 3892 declinatur;
2405 3824 2627 3886 scilicet
2671 3826 2978 3902 quoniam,
3033 3827 3122 3885 sic
3171 3829 3261 3886 uti

584 3927 725 3986 asin
770 3924 1179 4004 superioribus
1236 3913 1645 3996 tractavimuS,
1702 3927 1859 4004 quod
1909 3945 2315 4006 quaecumque
2375 3928 2607 3987 nomina
2657 3929 2890 4005 generis
2943 3927 3262 3990 masculini

661 4030 933 4107 genetivo
977 4045 1117 4088 casu
1172 4031 1402 4089 numeri
1456 4027 1770 4107 singularis
1816 4049 1884 4090 ae
1939 4028 2145 4090 litteris
2193 4029 2551 4089 definiuntur
2608 4039 2666 4089 et
2709 4030 3068 4090 nominativo
3111 4048 3262 4090 casu

660 4131 893 4194 numeri
943 4129 1254 4210 singularis
1312 4147 1377 4191 as
1429 4128 1637 4192 litteris
1690 4129 2154 4200 concluduntur,
2221 4129 2368 4190 haec
2419 4131 2491 4191 ad
2543 4131 2797 4192 sormam
2853 4133 3086 4192 Aeneae
3143 4150 3261 4210 per

660 4241 892 4294 ceteros
934 4250 1105 4294 casus
1148 4230 1537 4293 declinantur.
1626 4233 1768 4294 item
1813 4233 2137 4312 quaeritur,
2181 4231 2254 4292 ab
2303 4251 2374 4293 eo
2411 4232 2568 4312 quod
2616 4233 2761 4293 dixit
2801 4231 3096 4312 Vergilius

1775 4335 1965 4413 Gyan
2011 4351 2377 4412 superare
2433 4341 2840 4396 morantem

585 4445 637 4518 ,⁴⁰
662 4438 824 4516 Gyan
886 4435 957 4498 ad
1015 4454 1189 4518 quam
1254 4435 1503 4497 formam
1571 4441 1839 4514 oporteat
1902 4434 2218 4496 declinare.
2313 4438 2512 4517 utique
2577 4436 2652 4497 ad
2695 4438 2957 4506 Aeneae,
3027 4435 3266 4498 scilicet

797 4607 831 4656 5
866 4615 987 4655 tunc
1018 4623 1111 4658 om.
1154 4607 1222 4667 B,
1259 4607 1381 4657 add.
1420 4605 1465 4656 R
1608 4605 1673 4657 13
1710 4607 1903 4655 numeri
1936 4605 2128 4655 scilicet
2164 4603 2446 4672 singularis
2479 4606 2528 4656 B
2665 4609 2732 4656 24
2769 4615 2915 4673 regat
2945 4623 2976 4656 r
3019 4615 3168 4674 reget
3205 4609 3264 4658 Β

661 4677 843 4725 debeat
868 4677 913 4726 R
1006 4677 1073 4727 26
1100 4675 1386 4742 Vergilius]
1412 4677 1541 4730 Aen.
1558 4677 1603 4726 V
1621 4675 1722 4728 169
1818 4675 1887 4726 30
1911 4690 2062 4740 supra
2087 4676 2272 4725 dietam
2301 4677 2344 4726 lt
2381 4691 2536 4742 supra
2559 4674 2730 4732 datam
2763 4677 2809 4726 B
2901 4675 2962 4727 81
3005 4686 3150 4742 regat
3175 4677 3263 4726 Ro

750 4745 815 4796 32
847 4745 981 4794 idem
1004 4743 1286 4813 Vergilius]
1317 4747 1440 4794 Aen.
1461 4746 1505 4792 V
1530 4747 1624 4796 152
1721 4743 1790 4796 38
1816 4743 2100 4812 Vergilius]
2127 4747 2254 4800 Aen.
2274 4747 2316 4795 V
2335 4744 2434 4796 184
2541 4747 2608 4796 40
2635 4755 2861 4812 oporteat
2889 4745 2940 4795 B
2975 4759 3178 4812 oportet
3207 4748 3256 4798 R
