3434 5442
959 339 1378 402 EXPLANAT.
1423 335 1500 401 ΙΝ
1543 333 1906 400 DONATVM
1949 333 2091 396 LlB.
2137 333 2187 395 11
2720 335 2841 398 551

378 451 412 494 r.
439 451 516 494 oe·
542 450 638 496 eoa.
665 448 773 490 nav.

262 531 492 592 iinimm
535 535 636 592 ant
677 529 928 590 activum
972 533 1090 598 est,
1145 535 1213 588 ut
1267 524 1398 605 lego
1412 571 1427 595 ,
1485 531 1589 586 aut
1629 531 1907 586 nentium
1922 569 1937 594 ,
1996 532 2063 586 ιιι
2104 529 2197 585 sto
2212 570 2227 593 ,
2284 529 2386 584 aut
2424 519 2843 592 inchoativum,

263 641 330 694 ut
371 629 632 702 calesco,
703 637 802 691 aut
854 629 1376 710 frequentativum,
1441 633 1510 689 ut
1563 625 1743 688 dicto.
1832 624 2077 687 verbum
2132 631 2327 686 autem
2382 641 2415 684 r
2466 621 2661 684 littera
2714 622 2843 684 lini·

261 742 388 795 turn
435 739 537 795 aut
577 732 870 814 passivum
913 738 1034 803 est,
1079 737 1148 792 ut
1187 729 1383 810 legor,
1428 739 1528 791 aut
1571 728 1903 808 deponens,
1964 734 2030 789 ut
2070 744 2320 808 sequor,
2364 733 2465 786 aut
2506 741 2840 795 commune,

259 843 327 896 nt
371 833 673 904 consolor,
731 841 834 895 aut
885 833 1408 911 frequentativum,
1463 838 1532 892 ut
1583 831 1799 900 iactor,
1857 837 1958 891 aut
2008 825 2413 908 inpersonale,
2472 835 2541 888 ut
2577 826 2840 890 sedetur.

257 938 418 1018 quod
479 944 672 998 antem
725 937 750 996 i
804 932 896 996 vel
949 951 1008 994 m
1065 932 1260 996 littera
1313 934 1518 995 finitur
1573 930 1899 994 neutralem
1954 938 2183 993 tantum
2228 928 2409 991 habet
2449 927 2733 1000 formam,
2778 937 2845 991 ut
2868 943 2894 984 ⁶

257 1039 506 1100 memini
560 1037 784 1100 adsum.
869 1038 1015 1098 item
1070 1033 1226 1117 quod
1282 1043 1307 1096 t
1359 1034 1554 1097 littera
1621 1033 1823 1096 finitur
1876 1039 2106 1095 tantum
2162 1029 2541 1113 inpersonale
2594 1038 2711 1102 est,
2776 1039 2845 1092 ut

255 1139 462 1220 pudet.
522 1139 948 1220 frequentativa
989 1137 1172 1200 verba
1216 1139 1370 1198 scire
1415 1135 1700 1198 debemus
1744 1135 1951 1197 eadem
1996 1134 2181 1196 activa
2226 1150 2385 1204 esse,
2430 1135 2481 1194 si
2524 1132 2601 1194 de
2642 1133 2843 1195 activis

257 1241 511 1304 deducta
555 1243 700 1312 sint:
745 1241 888 1302 item
933 1243 984 1302 si
1027 1239 1102 1301 de
1144 1241 1417 1319 passivis,
1463 1239 1688 1320 passiva
1735 1253 1883 1300 esse.

430 1345 722 1424 Tempora
785 1341 1102 1405 verborum
1165 1341 1278 1402 tria
1343 1347 1508 1412 sunt,
1575 1348 1642 1402 ut
1707 1342 1771 1401 in
1827 1337 2217 1402 declinatione
2278 1347 2667 1402 monstratum
2732 1347 2839 1411 est.

253 1461 540 1524 praesens
571 1449 974 1523 praeteritum
995 1443 1295 1519 futurum,
1383 1443 1765 1522 praeteritum
1806 1451 2043 1521 tempus
2084 1448 2180 1502 ter
2222 1439 2527 1504 dividitur:
2572 1441 2639 1503 flt
2678 1445 2838 1503 enim
2866 1464 2917 1507 ιο

255 1547 642 1628 praeteritum
687 1545 1111 1626 inperfectum,
1159 1554 1224 1607 ut
1253 1543 1553 1624 legebam;
1597 1547 1664 1606 iit
1691 1545 2048 1625 perfectum,
2095 1553 2161 1608 ut
2198 1545 2349 1626 legi;
2394 1544 2461 1605 ιιι
2500 1541 2839 1624 plusquam·

253 1650 587 1729 perfectum
604 1697 621 1722 ‚
677 1655 744 1710 ut
797 1647 1076 1726 legeram.
1165 1649 1228 1708 in
1283 1647 1528 1727 passivis
1594 1665 1737 1708 vero
1806 1645 2001 1708 verbis
2064 1649 2447 1729 praeteritum
2512 1645 2837 1727 perlectum

251 1760 488 1832 tempus
530 1747 686 1813 aliud
716 1749 1008 1829 significat
1045 1747 1321 1818 ulterius,
1369 1757 1435 1810 ut
1475 1748 1662 1811 lectus
1702 1765 1836 1810 sum
1880 1747 2067 1811 lectus
2109 1749 2226 1820 fui;
2270 1749 2411 1811 item
2453 1748 2839 1829 praeteritum

248 1852 892 1934 plusquamperfectum
909 1899 924 1922 ,
983 1849 1170 1912 lectus
1227 1867 1386 1912 eram
1445 1849 1694 1913 fueram.
1782 1849 2045 1912 futurum
2100 1858 2333 1932 tempus
2384 1851 2448 1912 in
2492 1851 2693 1913 activis
2734 1850 2837 1912 ad*-

255 1956 518 2018 iunctivo
562 1962 786 2016 tantum
831 1951 1010 2014 modo
1053 1950 1268 2033 duplex
1313 1959 1421 2023 est,
1465 1959 1534 2014 ιιι
1574 1969 1708 2014 cum
1753 1950 1945 2030 legam
1992 1960 2051 2013 et
2094 1971 2227 2015 cum
2270 1951 2501 2032 legerm
2544 1955 2607 2016 in
2652 1955 2915 2036 passi-15

247 2059 338 2119 vis
391 2056 725 2118 adiunctivo
777 2055 958 2116 modo
1009 2052 1225 2134 triplex
1279 2060 1397 2124 est,
1454 2071 1589 2116 cum
1645 2057 1851 2131 loyor,
1923 2053 2205 2116 ulteriore
2268 2071 2401 2118 cum
2470 2053 2657 2118 lectus
2710 2075 2833 2128 ero,

248 2159 395 2221 item
439 2157 552 2220 alio
593 2155 878 2219 ulteriore
921 2173 1056 2218 cum
1099 2154 1288 2217 lectus
1330 2155 1516 2218 fuero.

423 2260 508 2321 De
552 2275 805 2339 persona
848 2267 910 2321 et
949 2258 1022 2320 de
1067 2258 1484 2337 coniugatione
1526 2259 1721 2338 primo
1766 2255 1920 2320 libro
1964 2257 2325 2341 disputatum
2372 2269 2477 2331 est,
2524 2259 2627 2321 uhi
2670 2260 2837 2324 verbi

249 2361 706 2424 declinatIonem
752 2362 1073 2440 posuimus.
1161 2375 1306 2420 sane
1360 2368 1500 2422 sunt
1552 2360 1839 2441 quaedam
1884 2359 2063 2423 verba
2108 2369 2275 2423 extra
2318 2361 2585 2442 regulam
2630 2365 2835 2426 coniu-

254 2464 560 2544 gationnm
593 2461 998 2544 [accidentia],
1045 2479 1202 2539 quae
1243 2462 1538 2543 posituros
1580 2479 1691 2525 nos
1734 2462 2185 2544 spopondimus,
2233 2471 2293 2525 et
2335 2463 2621 2545 quaedam
2666 2484 2833 2546 quae,
2859 2484 2912 2530 ao
2928 2467 2946 2485 '

249 2566 479 2627 etiamsi
540 2565 1012 2645 coniugationem
1069 2562 1320 2635 habent,
1390 2572 1584 2626 tamen
1650 2564 1749 2626 hic
1805 2564 1969 2626 locus
2030 2567 2265 2644 repetit.
2356 2573 2521 2628 extra
2582 2566 2832 2631 formam

251 2667 735 2748 coniugationum
779 2673 917 2728 sunt
958 2664 1138 2727 verba
1184 2664 1332 2727 haec
1377 2673 1436 2727 et
1478 2666 1652 2728 huius
1693 2666 1887 2738 medi,
1948 2670 2054 2729 ode·
2092 2669 2339 2730 memini
2382 2669 2546 2730 novit
2590 2688 2731 2732 nam
2775 2679 2836 2732 et

245 2770 266 2829 i
313 2759 508 2832 littera
553 2776 613 2830 et
654 2769 846 2849 prima
891 2775 950 2829 et
991 2767 1250 2829 secunda
1292 2784 1548 2847 persona
1577 2767 1893 2847 singularis
1919 2769 2151 2839 finitur,
2196 2779 2287 2842 ιιι,
2334 2787 2467 2832 cum
2498 2771 2617 2832 sint
2658 2789 2831 2852 prae·

244 2871 434 2933 sentis
520 2871 834 2952 temporis,
900 2870 1160 2949 speciem
1235 2870 1542 2949 praeteriti
1626 2869 1878 2950 perfecti
1954 2872 2241 2951 temporis
2323 2872 2693 2952 praeferant,
2768 2881 2828 2936 et

243 2973 542 3054 disparem
609 2974 824 3034 ceteris
889 2970 1343 3034 declinationem
1397 2969 1644 3042 habent,
1726 2989 1975 3052 eamque
2038 2974 2330 3052 integram
2398 2981 2459 3035 et
2518 2974 2832 3056 multiplici
2856 2997 2907 3040 κ

242 3076 527 3137 varietate
571 3073 896 3136 confusam.
971 3089 1102 3134 stan
1145 3081 1204 3134 et
1245 3089 1484 3154 possum
1527 3071 1668 3134 licet
1707 3073 1965 3135 secunda
2012 3091 2265 3154 persona
2308 3093 2375 3137 es
2414 3083 2479 3138 et
2518 3085 2689 3157 potes
2730 3096 2833 3141 eas

239 3177 472 3240 litteras
525 3177 587 3236 in
641 3177 760 3238 fine
815 3173 1102 3244 habeant,
1162 3192 1308 3255 quas
1361 3173 1646 3236 debuerat
1701 3177 2035 3255 coniugatio
2088 3177 2375 3249 secunda,
2420 3185 2619 3240 tamen
2664 3186 2829 3242 extra

243 3279 695 3358 coniugationes
737 3285 890 3348 sunt,
937 3277 1074 3358 quia
1103 3282 1437 3358 correptam
1469 3279 1859 3358 posteriorem
1903 3275 2126 3340 hahent
2170 3286 2231 3340 et
2270 3297 2303 3343 a
2348 3279 2645 3343 secundae
2688 3299 2829 3344 con-

239 3379 558 3461 iugationis
601 3377 794 3441 verbis
836 3381 898 3441 in
942 3385 1064 3440 tota
1109 3377 1504 3441 declinatione
1533 3378 1887 3442 desciscunt.
1948 3380 2123 3442 etiam
2164 3379 2299 3442 fero
2340 3381 2463 3443 fers
2504 3381 2623 3444 fert
2662 3392 2829 3446 extra

240 3483 690 3563 coniugationes
745 3499 876 3542 esse
930 3482 1310 3562 perspicuum
1356 3489 1484 3552 est.⁶
1551 3499 1684 3543 nam
1732 3481 1906 3553 cedo,
1952 3482 2109 3562 quod
2155 3490 2245 3544 est
2286 3483 2359 3546 da
2403 3482 2495 3545 vel
2539 3484 2660 3557 dic,
2706 3503 2827 3549 non
2851 3508 2904 3550 so

239 3583 426 3648 modo
471 3592 634 3645 caret
676 3583 1108 3662 coniugatione,
1153 3582 1260 3644 sed
1299 3583 1430 3644 fere
1475 3601 1585 3645 nec
1627 3583 1869 3646 modum
1912 3601 2025 3646 nec
2068 3601 2385 3664 personam
2430 3584 2607 3650 ullam
2651 3605 2825 3670 prae·

237 3697 334 3749 ter
387 3687 542 3748 hanc
598 3686 838 3764 recipit,
897 3702 1048 3765 quae
1103 3694 1196 3746 est
1255 3685 1512 3747 secunda
1567 3683 1929 3767 imperativi,
1988 3703 2105 3747 non
2149 3687 2593 3768 pronuntiativi.
2682 3707 2825 3770 ergo

237 3797 472 3852 tantum
519 3784 806 3866 singulari
849 3803 1100 3848 numero
1144 3784 1322 3858 cedo,
1369 3795 1430 3848 et
1471 3786 1626 3868 apud
1673 3796 1899 3850 veteres
1928 3788 2149 3851 dictum
2182 3797 2272 3852 est
2311 3788 2621 3870 pluraliter
2650 3799 2822 3854 cette.

239 3890 402 3953 unde
447 3895 721 3971 apparet,
767 3905 943 3968 quam
989 3885 1173 3950 multa
1217 3889 1338 3950 sint
1379 3887 1560 3952 verba
1599 3890 1664 3951 in
1706 3889 1923 3972 quibus
1964 3890 2280 3953 declinatio
2322 3899 2481 3955 stare
2524 3911 2646 3956 non
2687 3913 2825 3974 pos-

237 3995 334 4056 sit.
425 3991 500 4054 de
543 3991 635 4052 his
677 4008 912 4070 quoque
955 4008 1106 4071 quae
1151 3990 1660 4070 coniugationibus
1713 3994 1977 4054 serviunt
2018 4000 2157 4054 sunt
2200 3991 2377 4055 verba
2421 4011 2573 4074 quae
2614 3995 2676 4055 in
2720 3995 2820 4057 de·
2846 4018 2901 4062 aa

237 4095 560 4158 clinatione
606 4110 725 4155 non
772 4098 1065 4154 constent.
1154 4091 1422 4156 neutrale
1465 4093 1652 4156 audeo
1695 4096 2016 4176 praeterito
2072 4095 2338 4176 perlecto
2382 4102 2441 4157 et
2482 4095 2819 4177 plusquam-

233 4196 504 4278 perfecto
545 4203 815 4273 tempore
860 4195 1213 4256 transfertur
1255 4195 1316 4256 in
1361 4194 1614 4258 formam
1667 4198 1933 4277 passivae
1976 4195 2411 4270 declinationis,
2466 4215 2643 4261 ausus
2686 4217 2817 4262 sum

373 4401 407 4451 4
431 4398 670 4450 consulor
689 4412 826 4452 corr.
853 4395 1110 4450 consultor
1125 4398 1174 4448 L
1243 4397 1277 4450 8
1300 4400 1346 4450 si
1379 4415 1407 4448 e
1431 4399 1482 4452 L
1560 4397 1626 4451 10
1647 4402 1975 4467 praeteritum
1999 4400 2225 4452 futurum
2235 4417 2327 4456 om.
2346 4401 2393 4454 L
2470 4401 2535 4455 16
2556 4401 2700 4470 leg-ar
2720 4420 2817 4456 om.

234 4475 284 4524 L
382 4469 447 4522 18
482 4478 532 4520 et
551 4483 643 4524 om,
667 4467 716 4518 L
818 4468 982 4535 primo
1021 4465 1186 4551 libroJ·
1214 4485 1270 4534 p.
1293 4467 1398 4521 513
1421 4471 1502 4525 ed.
1525 4468 1680 4522 Liud.
1791 4471 1855 4524 19
1902 4479 2046 4522 extra
2070 4470 2244 4540 legula
2268 4471 2647 4538 eoiugetionum
2679 4475 2815 4526 acci—

235 4557 410 4608 dentia
445 4556 706 4622 posituros
744 4568 838 4606 noc
871 4554 1300 4620 spopondidimns
1337 4555 1388 4605 L
1501 4557 1572 4606 22
1605 4558 1690 4608 odi
1726 4572 1819 4611 om.
1854 4558 1905 4608 L
2041 4557 2111 4609 23
2144 4573 2365 4624 persona
2397 4559 2571 4610 fluitur
2605 4568 2660 4611 ut
2694 4577 2810 4612 eam

234 4629 304 4680 eit
330 4627 591 4692 praesenti
617 4625 862 4692 temporis
897 4623 950 4672 L
1120 4625 1190 4676 24
1223 4625 1481 4692 praeferat
1513 4635 1564 4676 et
1596 4627 1873 4694 singularis
1910 4626 2165 4694 disparem
2203 4630 2252 4680 L
2388 4629 2458 4680 25
2494 4629 2644 4680 habet
2669 4645 2812 4686 οων.

233 4697 427 4748 habent
467 4694 520 4744 L
687 4695 758 4748 26
791 4693 1058 4746 contusam
1095 4705 1146 4745 et
1181 4709 1364 4762 posnm
1400 4703 1451 4746 et
1475 4697 1596 4747 licet
1630 4698 1681 4748 L
1818 4698 1886 4748 27
1922 4698 2133 4749 deberat
2169 4697 2221 4750 L
2358 4705 2502 4750 extra
2534 4701 2816 4768 coiugatio-

229 4781 350 4818 nem
375 4773 496 4816 sunt
531 4779 662 4829 quae
697 4764 747 4814 L
919 4763 990 4816 30
1027 4779 1128 4815 non
1167 4765 1318 4818 modo
1351 4773 1493 4817 caret
1523 4781 1624 4818 non
1661 4768 1984 4835 coiugatione
2020 4769 2071 4820 L
2209 4767 2279 4821 32
2314 4767 2439 4837 non]
2475 4784 2591 4820 cnm
2622 4771 2674 4821 L

233 4836 300 4890 3⁷
337 4851 498 4887 ausus
533 4841 610 4886 est
643 4851 700 4888 es
735 4849 874 4886 eram
905 4835 955 4885 L
