3434 5442
906 395 1317 480 EXPLANAT.
1362 393 1443 457 IN
1488 391 1844 457 DONATVM
1889 393 2030 456 Lm.
2076 393 2128 454 ΙΙ
2671 398 2796 461 547

320 516 367 558 p.
390 505 456 547 οι.
474 505 551 546 cs·
564 505 662 547 eoa.
681 502 787 546 rav.

218 585 417 644 neutri
472 583 829 644 nominativo
884 581 1045 662 quod
1097 582 1189 644 vel
1246 582 1415 662 quid,
1473 582 1730 660 genitivo
1786 581 1983 651 cuim,
2041 579 2232 642 dativo
2287 580 2412 651 cui,
2470 581 2798 642 accusativo

218 683 379 765 quod
424 684 512 746 vel
558 684 726 765 quid,
772 686 1031 746 vocativo
1074 703 1137 754 o,
1198 683 1449 746 ablativo
1492 701 1524 744 a
1568 701 1687 762 quo
1729 680 1822 742 vel
1863 699 1898 742 a
1942 683 2064 762 qui.
2149 683 2291 742 item
2336 698 2666 762 pronomen
2707 683 2799 743 in-

218 787 451 848 finitum
496 785 732 865 generis
776 783 1085 846 masculini
1127 786 1361 846 numeri
1404 783 1749 862 singularis,
1796 782 1955 863 quod
1999 781 2389 845 declinabitur
2431 784 2545 845 sict
2613 785 2802 845 nomi-

222 889 419 950 nativo
480 897 612 950 uter
626 935 641 958 ,
702 887 957 966 genitivo
1010 888 1228 956 utrius,
1286 885 1479 948 dativo
1532 885 1681 956 utri,
1747 885 2077 946 accusativo
2139 893 2367 956 utrum,
2433 887 2692 947 vocativo
2748 904 2803 955 o,

222 988 477 1051 ablativo
534 988 606 1051 ab
661 998 827 1058 utro;
884 994 945 1049 et
1000 986 1306 1069 pluraliter
1352 987 1709 1050 nominativo
1752 989 1900 1058 utri,
1957 985 2212 1065 genitivo
2267 995 2566 1055 utrorum,
2613 985 2806 1048 dativo
2831 1003 2857 1042 ο

224 1093 405 1162 utris,
450 1093 782 1153 accusativo
810 1100 1002 1162 utrm,
1051 1089 1313 1152 vocativo
1355 1107 1427 1160 o,
1474 1087 1724 1150 ablativo
1753 1087 1829 1150 ab
1861 1089 2034 1150 utris:
2081 1090 2220 1149 item
2265 1089 2502 1167 generis
2542 1088 2810 1150 feminini

226 1193 588 1254 nominativo
631 1200 763 1254 utra
779 1240 793 1262 ‚
852 1193 1110 1272 genitivo
1166 1191 1385 1264 utrius,
1448 1189 1641 1252 dativo
1686 1191 1806 1253 utri
1847 1188 1938 1251 vel
1981 1197 2178 1261 utrae,
2225 1191 2554 1252 accusativo
2595 1199 2808 1260 utram,

226 1295 489 1356 vocativo
532 1313 598 1364 o,
644 1292 895 1355 ablativo
940 1293 1013 1355 al)
1057 1301 1221 1363 utra:
1266 1301 1325 1354 et
1366 1290 1674 1372 pluraliter
1716 1292 2076 1354 nominativo
2104 1299 2272 1352 utrae
2295 1337 2310 1362 ,
2355 1293 2612 1371 genitivo
2651 1300 2812 1354 utra-

224 1415 393 1469 rum,
452 1396 645 1458 dativo
698 1396 876 1464 utris,
937 1397 1267 1457 accusativo
1322 1403 1513 1466 utras,
1570 1395 1834 1456 vocatiro
1889 1412 1953 1465 o,
2011 1392 2262 1455 ablativo
2317 1392 2392 1454 ab
2437 1395 2610 1455 utris:
2671 1395 2809 1454 item

226 1499 468 1577 generis
522 1498 719 1558 neutri
780 1496 1138 1558 nominativo
1192 1505 1387 1558 utrum
1406 1544 1421 1568 ,
1478 1498 1736 1576 genitivo
1779 1497 1996 1567 utrius,
2053 1496 2246 1556 dativo
2287 1496 2437 1566 utri,
2483 1497 2812 1558 accusativo
2840 1509 2890 1550 ιο

227 1609 465 1669 utrum,
524 1601 787 1661 vocativo
828 1617 897 1668 o,
955 1597 1203 1660 ablativo
1248 1596 1323 1659 ab
1366 1607 1533 1666 utro;
1592 1607 1654 1658 et
1694 1597 2000 1678 pluraliter
2045 1597 2400 1658 nominativo
2443 1606 2603 1667 utra,
2650 1597 2814 1676 geni—

228 1704 352 1764 tivo
394 1710 697 1771 utrorum,
756 1699 949 1760 dativo
989 1700 1165 1770 utris,
1226 1701 1554 1762 accusativo
1596 1707 1758 1769 utra,
1815 1700 2075 1760 vocativo
2119 1717 2189 1768 o,
2233 1696 2484 1758 ablativo
2527 1696 2601 1761 ab
2645 1701 2814 1760 utris.

234 1805 326 1865 sic
370 1801 699 1864 declinatur
742 1809 953 1864 neuter
998 1807 1207 1862 neutra
1252 1809 1528 1863 neutrum
1575 1809 1634 1861 et
1676 1798 1833 1862 talia.
1907 1802 2044 1861 item
2091 1817 2420 1881 pronomen
2466 1799 2814 1862 defectivum

234 1905 479 1986 generis
534 1903 885 1983 numerique
941 1903 1299 1973 communis,
1344 1898 1374 1987 ΙΙ
1412 1901 1567 1984 quod
1614 1921 1647 1962 a
1701 1903 1958 1980 genitivo
2002 1901 2332 1964 declinatur
2374 1905 2488 1966 sic:
2563 1903 2818 1982 genitivo

235 2007 365 2068 ‘sui
422 2023 598 2068 causa
654 2003 971 2066 laboravit'
1032 2012 1091 2066 et
1147 2006 1276 2064 ‘sui
1332 2022 1507 2067 causa
1560 2002 2031 2075 laboraverunt',
2090 2004 2280 2066 dativo
2337 2003 2485 2065 ‘sibi
2529 2005 2705 2065 l'ecit’
2763 2013 2822 2065 et
2848 2020 2897 2061 ιε

238 2107 393 2170 ‘sibi
451 2107 775 2176 fecerunt’,
833 2107 1165 2168 accusativo
1220 2111 1317 2166 ‘se
1372 2107 1433 2167 in
1492 2103 1820 2187 periculum
1877 2106 2074 2168 misit’
2130 2115 2190 2168 et
2245 2112 2345 2168 ‘se
2387 2108 2448 2167 in
2494 2107 2820 2188 periculum

238 2211 589 2274 miserunt'.
676 2225 749 2270 ex
804 2207 917 2270 hoc
971 2208 1121 2270 flunt
1193 2208 1507 2270 derivativa
1561 2205 1651 2269 vel
1714 2209 2040 2288 possessiva
2103 2214 2454 2288 pronomina
2513 2225 2655 2270 suus
2719 2226 2822 2269 sua

238 2330 446 2382 snum,
493 2329 647 2391 quae
688 2327 797 2389 per
839 2327 1049 2372 omnes
1092 2327 1263 2371 casus
1302 2327 1412 2390 per
1441 2317 1759 2392 utrumque
1805 2329 2114 2374 numerum
2157 2311 2389 2390 integre
2433 2308 2822 2374 declinantur.

240 2416 387 2477 item
431 2429 761 2494 pronomen
805 2418 1045 2491 gentem
1087 2411 1425 2488 significans
1470 2409 1800 2474 declinatur
1841 2413 1954 2474 sic:
2000 2411 2098 2474 hic
2141 2421 2199 2474 et
2241 2413 2392 2474 haee
2435 2414 2616 2485 cuias,
2661 2413 2825 2492 geni·

242 2519 363 2577 tivo
418 2514 593 2576 huius
647 2515 857 2576 cuiatis
876 2560 893 2585 ,
950 2512 1143 2575 dativo
1198 2513 1336 2576 huic
1396 2513 1603 2585 cuiati‚
1659 2516 1992 2576 accusativo
2045 2515 2205 2576 hunc
2259 2522 2319 2576 et
2359 2513 2513 2576 hanc
2557 2515 2824 2584 cuiatem,
2854 2531 2905 2572 ω

242 2617 510 2679 vocativo
554 2634 591 2676 o
635 2617 826 2687 cuias,
882 2613 1135 2678 ablativo
1179 2614 1253 2676 ab
1298 2616 1411 2678 hoc
1456 2623 1516 2678 et
1558 2615 1630 2678 ab
1674 2615 1786 2678 hac
1830 2617 2054 2686 cuiatez
2110 2626 2171 2678 et
2209 2614 2520 2697 pluraliter
2561 2617 2828 2680 nomina·

244 2721 369 2780 tivo
412 2718 477 2780 hi
520 2727 578 2780 et
623 2718 735 2780 hae
778 2718 1001 2780 cuiates
1043 2726 1105 2780 et
1146 2717 1295 2779 haec
1338 2719 1581 2789 cuiatia,
1640 2719 1895 2798 genitivo
1937 2718 2152 2782 horum
2197 2726 2257 2780 et
2299 2717 2508 2781 harum
2555 2720 2828 2788 cuintum,

254 2820 451 2884 dativo
494 2819 587 2882 his
628 2817 948 2890 ornatibus,
991 2821 1323 2882 accusativo
1365 2819 1475 2882 hos
1516 2827 1577 2881 et
1606 2819 1713 2882 has
1742 2821 1964 2883 cuiates
2005 2830 2068 2884 et
2108 2820 2254 2883 haec
2297 2821 2526 2891 cuiatis,
2571 2823 2832 2881 vocativo

248 2941 287 2982 o
330 2924 553 2984 cuiates
598 2929 661 2984 et
701 2941 738 2984 o
780 2921 1023 2992 eulatia,
1079 2917 1331 2982 ablativo
1387 2920 1463 2982 ab
1506 2921 1601 2982 his
1642 2921 1953 2984 cuiatibus.
2039 2923 2126 2982 sic
2168 2920 2500 2984 declinatur
2543 2929 2834 2984 nostrates

248 3033 313 3086 et
354 3033 639 3088 vestrates
693 3032 753 3086 et
806 3021 960 3084 talla.
1048 3023 1187 3084 item
1245 3038 1579 3101 pronomen
1631 3021 1858 3086 ordinis
1911 3021 2242 3086 declinatur
2295 3025 2407 3085 sic:
2475 3025 2832 3084 nominativo
2859 3041 2910 3082 25

250 3133 497 3207 quotus,
544 3124 801 3205 genitivo
844 3123 1040 3204 quoti,
1088 3122 1279 3184 dativo
1308 3132 1520 3204 quoto,
1566 3126 1896 3186 accusativo
1941 3131 2217 3204 quotum,
2264 3125 2522 3186 vocativo
2565 3143 2630 3196 o,
2675 3123 2834 3185 abla-

254 3229 379 3289 tivo
436 3245 471 3289 a
528 3234 739 3306 quot03
796 3236 855 3286 et
910 3223 1216 3307 pluraliter
1267 3225 1625 3288 nominativo
1676 3227 1872 3306 quoti,
1929 3227 2188 3307 genitivo
2241 3234 2586 3307 quotorum,
2644 3226 2838 3288 dativo

255 3329 484 3410 quotis,
540 3327 871 3390 accusativo
923 3335 1161 3406 quotes,
1231 3328 1489 3389 vocativo
1554 3347 1619 3398 o,
1682 3325 1934 3391 ablativo
1977 3346 2012 3390 a
2068 3329 2291 3409 quotis:
2357 3329 2444 3388 sic
2509 3327 2838 3390 declinatur

256 3431 609 3492 lemininum
654 3438 713 3490 et
758 3435 1033 3490 neutrum
1076 3435 1255 3508 quota
1298 3437 1559 3508 quotum.

429 3531 653 3611 Vbique
711 3531 902 3592 trinus
956 3547 1241 3592 numerus
1292 3531 1535 3609 ponitur
1588 3549 2007 3612 personarum,
2065 3549 2176 3610 ego
2235 3540 2298 3592 tu
2351 3529 2481 3592 ille:
2535 3531 2600 3592 in
2644 3529 2838 3594 verbis
2866 3547 2916 3588 so

260 3633 383 3696 dixi
426 3651 569 3714 ego,
624 3633 821 3694 dixisti
880 3639 971 3704 tu,
1028 3631 1175 3693 dixit
1223 3629 1355 3694 ille:
1422 3634 1485 3694 in
1540 3632 1992 3713 pronominibus
2046 3634 2236 3714 prima
2293 3651 2579 3714 persona,
2635 3633 2698 3694 id
2753 3644 2844 3695 est

260 3752 405 3814 ego,
451 3735 685 3815 generis
729 3742 819 3794 est
858 3735 1083 3802 omnis,
1128 3751 1239 3813 ego
1296 3733 1416 3796 dixi
1459 3735 1789 3807 masculus,
1836 3753 1946 3814 ego
1990 3735 2238 3806 femiam
2285 3746 2348 3798 tu
2393 3735 2538 3798 dicis
2581 3737 2734 3808 viro,
2781 3745 2842 3798 tu

262 3837 411 3898 dicis
468 3837 739 3898 [eminae.
830 3835 944 3897 boc
998 3837 1271 3917 congruit
1325 3844 1537 3900 neutro
1592 3839 1801 3915 generi
1852 3839 1917 3902 in
1957 3837 2052 3900 his
2095 3837 2324 3900 duobus
2367 3839 2656 3918 personis.
2742 3837 2844 3898 ille

263 3940 503 4016 generis
542 3947 634 4000 est
672 3937 1002 4001 masculini.

435 4039 511 4100 lli
553 4057 723 4102 casus
764 4041 1119 4102 conveniunt
1162 4036 1641 4118 pronominibus.
1672 4041 1775 4120 qui
1818 4048 1879 4101 et
1920 4041 2276 4104 nominibus.
2327 4040 2492 4122 [nam
2537 4043 2662 4104 sine
2705 4043 2845 4104 arti·
2871 4059 2922 4102 ³⁵

268 4140 405 4202 culo
447 4143 684 4203 nomina
731 4141 1015 4203 declinari
1060 4157 1179 4200 non
1221 4149 1499 4221 possunt,
1548 4149 1612 4200 ut
1653 4140 1752 4201 hic
1795 4143 2076 4219 magister
2120 4143 2294 4204 huius
2338 4143 2656 4224 magistri]

438 4241 683 4304 Veteres
710 4243 1063 4322 pronomina
1092 4241 1264 4304 aliter
1294 4240 1739 4304 declinaverunt
1779 4241 1974 4304 dativo
2015 4242 2113 4304 illa
2157 4245 2302 4324 ipsa,
2349 4257 2416 4305 ut
2458 4245 2748 4323 genitivus
2792 4255 2851 4306 et

410 4463 443 4516 7
477 4463 561 4514 uel
592 4473 705 4514 utra
739 4461 791 4514 L
968 4464 1035 4517 19
1073 4471 1274 4530 gentem
1314 4463 1569 4531 significat
1608 4465 1651 4516 L
1789 4465 1854 4517 21
1898 4465 2136 4516 uocatlno
2172 4479 2204 4515 o
2238 4466 2427 4516 cuiates
2464 4465 2514 4514 L
2649 4467 2718 4518 32
2755 4483 2852 4534 ego

272 4534 407 4585 dixit
440 4534 701 4584 maculo·
732 4549 829 4600 ego
864 4532 1055 4584 (emina
1084 4543 1141 4585 tn
1172 4533 1257 4584 die
1286 4542 1503 4599 utroque
1530 4535 1689 4596 (corr.
1727 4533 1863 4598 niro)
1895 4545 1952 4584 tu
1975 4535 2106 4586 dicis
2139 4535 2189 4584 L
2327 4535 2398 4586 35
2437 4551 2552 4586 nam
2589 4561 2652 4572 —
2689 4539 2852 4603 magi-

272 4606 365 4654 stri
380 4639 397 4662 .
444 4617 575 4669 que
621 4605 693 4654 ad
726 4603 1061 4670 differentiam
1102 4605 1407 4670 pronominis
1442 4612 1493 4656 et
1532 4607 1742 4655 articuli
1779 4607 2061 4669 pertinent,
2098 4621 2171 4654 ex
2203 4607 2308 4668 fine
2335 4609 2522 4669 capitis
2542 4643 2556 4664 ‚
2593 4607 2678 4657 ubi
2700 4609 2852 4668 ptura

272 4673 479 4724 turbata
510 4687 623 4724 eece
655 4673 893 4739 adpo-et,
914 4674 1010 4725 lum
1044 4678 1361 4737 transposita
1391 4689 1507 4726 esee
1530 4675 1766 4725 videntne·
1903 4675 1971 4727 37
2008 4668 2108 4725 das
2137 4673 2224 4724 illa
2261 4677 2376 4741 ipsa
2409 4677 2429 4725 ῑ
2453 4677 2552 4742 μῦ
2579 4684 2629 4726 et
2661 4675 2762 4727 das
2784 4676 2852 4731 L.

274 4751 568 4809 eon-uptam
602 4744 793 4796 codicia
824 4747 1129 4810 scripturam
1160 4746 1357 4810 reliqui.
1404 4754 1619 4797 ceterum
1654 4746 1758 4796 duo
1791 4745 2022 4808 eaeempla
2055 4747 2242 4796 veteris
2273 4745 2620 4797 declinationis
2647 4749 2696 4796 in
2735 4764 2857 4814 pro-

274 4815 551 4866 numinibus
582 4814 669 4864 ille
704 4823 755 4866 ec
796 4816 909 4880 ipse
940 4819 1173 4879 posuisse
1210 4815 1411 4866 videtur
1436 4817 1820 4879 arm-atione,
1855 4817 2066 4866 altem
2103 4817 2377 4881 εἰωθυῖαν-ὼ
2411 4820 2614 4879 nemen-i,
2651 4825 2710 4867 ut
2739 4819 2858 4868 illae

280 4884 295 4932 i
302 4897 427 4948 psae
464 4884 717 4935 diceretur
748 4893 849 4934 tam
880 4887 1047 4936 dativo
1073 4901 1216 4951 quam
1246 4887 1477 4951 genetivo
1508 4901 1633 4936 em
1654 4886 1883 4950 sennim
1900 4889 2122 4951 ueneris,
2160 4888 2372 4936 alter-um
2403 4887 2624 4950 plur-011⁸
2659 4889 2674 4936 i
2681 4889 2860 4952 psibus

2325 4973 2456 5041 35²
