3434 5442
851 327 948 390 DE
988 325 1288 389 VLTIMIS
1327 325 1680 388 SYLLABIS
1724 327 1751 388 1
1800 327 2002 388 1—111
2047 326 2083 389 3
2249 322 2262 339 '
2634 323 2755 386 221

309 471 321 483 .
622 475 634 487 .
2410 471 2420 480 .
2446 440 2512 484 43.
2534 442 2586 482 44
2610 440 2659 483 L.

195 459 308 577 amp
325 445 548 578 im
581 445 871 583 1duarum,
927 514 1001 576 de
1055 514 1270 592 quibus
1331 517 1594 592 agimus,
1653 513 1897 576 alteram
1952 453 2406 592 praecedentenli
2464 511 2763 592 quaelibet

191 619 350 680 luerit
399 617 584 680 altera
635 623 988 686 consecuta,
1057 624 1122 676 nt
1173 615 1357 676 ‘tum
1411 615 1596 678 luno
1654 618 2177 695 omnipotens'
2241 623 2299 675 et
2358 613 2619 675 ‘altius
2676 613 2760 674 ad

191 721 420 780 vivum
475 719 882 799 persedit’.
970 734 1082 777 nec
1135 718 1411 778 inmerito
1458 719 1625 796 prior
1679 737 1712 778 a
1758 719 2089 796 posteriore
2148 717 2566 795 conprimitur,
2628 716 2761 794 quia

189 821 418 882 facultas
447 817 474 905 ΙΙ
503 820 798 882 obruendi
833 819 1290 899 praecedentem
1333 839 1364 880 a
1403 827 1572 898 tergo
1612 819 2025 880 insidiantibus
2063 818 2393 879 exhibetur.
2453 820 2775 895 praeterea

189 925 290 982 vim
343 931 736 1003 naturamque
783 923 806 981 i
853 920 1080 981 litterae
1137 919 1357 982 vocalis
1410 920 1751 999 plenissime
1810 920 2095 982 debemus
2152 937 2541 997 cognoscere,
2602 918 2759 997 qnod
2814 942 2839 982 ε)

187 1025 426 1086 duarum
469 1025 766 1086 interdum
811 1023 942 1084 loco
984 1024 1437 1084 consonantium
1476 1030 1754 1102 ponatur.
1842 1022 1997 1082 hanc
2040 1023 2195 1083 enim
2250 1041 2321 1082 ex
2364 1038 2475 1081 suo
2510 1037 2761 1081 numero

189 1125 404 1188 vocales
449 1124 744 1204 duplicem
791 1124 1047 1186 litteram
1093 1126 1360 1194 mittunt,
1419 1132 1488 1187 ut
1539 1133 1736 1186 cetera
1782 1124 2067 1185 elementa
2128 1123 2455 1184 litterarum
2504 1123 2766 1199 singulas

187 1227 440 1306 duplices
492 1229 762 1297 mittunt,
823 1227 900 1288 de
949 1225 1164 1306 quibus
1226 1245 1336 1288 suo
1395 1225 1829 1305 disputabimus
1886 1225 2038 1286 loco.
2128 1224 2227 1286 illa
2282 1242 2426 1301 ergo
2476 1227 2705 1284 ratione
2747 1224 2764 1283 i

187 1328 368 1390 littera
409 1328 710 1409 duplicem
739 1346 952 1390 sonum
992 1328 1277 1406 designat,
1321 1345 1438 1389 una
1477 1331 1741 1407 quamvis
1776 1329 1964 1406 figura
1998 1325 2248 1408 [forma]
2286 1328 2377 1396 sit,
2424 1328 2473 1386 si
2506 1325 2764 1404 undique

189 1432 354 1492 luerit
391 1433 586 1492 cincta
637 1428 954 1497 vocalibus,
995 1438 1060 1491 ut
1105 1432 1550 1492 ‘acerrimus
1593 1431 1801 1491 Aiax'
1852 1437 1913 1490 et
2792 1449 2843 1489 w

481 1534 598 1594 aio
639 1539 744 1602 te,
791 1531 1142 1600 Aeacida,
1189 1531 1558 1592 Romanos
1605 1534 1904 1593 vincere
1948 1549 2187 1610 posse.

339 1635 430 1696 De
471 1633 940 1696 semivocalibus,
1029 1633 1412 1695 semivocales
1465 1633 1694 1694 litterae
1751 1641 1977 1713 septem
2032 1642 2198 1702 sunt,
2254 1633 2282 1692 f
2316 1632 2337 1692 l
2380 1651 2439 1692 m
2478 1650 2517 1692 n
2563 1649 2597 1691 r
2638 1649 2667 1691 s
2708 1649 2764 1690 x.

189 1737 385 1798 harum
445 1744 654 1798 natura
713 1733 1004 1814 generalis
1067 1754 1136 1796 ea
1190 1743 1305 1802 est,
1377 1743 1440 1797 ut
1488 1754 1696 1796 omnes
1753 1737 2203 1797 consonantium
2260 1732 2393 1795 loco
2450 1741 2766 1813 ponantur.
2814 1733 2823 1741 ’

191 1857 312 1899 nam
356 1846 416 1900 et
459 1836 842 1900 semivocales
879 1843 1078 1898 mutae
1127 1845 1520 1898 consonantes
1567 1835 1957 1915 appellantur.
2031 1855 2236 1898 verum
2270 1843 2481 1913 ‚tamen
2524 1837 2767 1896 istarum

190 1947 477 2020 quattuor,
523 1937 546 1998 l
586 1958 645 1999 m
687 1957 725 1999 n
761 1958 812 2008 r,
857 1937 1114 2018 liquidae
1157 1945 1311 2006 sunt,
1359 1940 1407 1998 si
1451 1939 1910 2001 consonantibus
1956 1939 2110 2009 aliis,
2152 1941 2213 1998 in
2255 1957 2374 2000 una
2418 1945 2615 1999 tamen
2663 1937 2766 2000 sed
2796 1956 2846 1997 ιε,

193 2044 542 2120 posteriores
572 2041 874 2102 dumtaxat
907 2039 1147 2119 syllaba,
1193 2039 1642 2120 postponantur.
1699 2041 1922 2102 idcirco
1956 2040 2148 2102 dictae
2176 2041 2448 2121 liquidae,
2491 2041 2770 2118 quoniam

191 2145 538 2222 postpositae
577 2142 928 2220 {propriam
991 2143 1101 2202 vim
1167 2148 1632 2222 potestatemque
1698 2143 2061 2221 deperdunt,
2126 2143 2267 2204 dum
2324 2160 2529 2205 earum
2591 2159 2771 2202 sonus

191 2246 452 2324 liquescit
494 2253 555 2306 et
595 2252 902 2312 tenuatur,
967 2251 1026 2305 et
1069 2262 1229 2304 nunc
1271 2243 1514 2305 brevem
1558 2263 1714 2305 nunc
1757 2243 1995 2323 longam
2050 2262 2545 2322 communemque
2598 2241 2770 2322 sylla-

191 2347 314 2407 bam
359 2346 502 2428 [per
537 2343 920 2426 positionem]
973 2363 1104 2407 eam
1158 2363 1312 2425 quae
1366 2349 1762 2425 praecesserit
1814 2364 1925 2426 pro
1980 2346 2225 2408 arbitrio
2280 2345 2595 2408 scribentis
2647 2345 2771 2408 effi-

191 2451 356 2518 ciunt,
397 2451 456 2509 si
497 2455 690 2509 tamen
731 2464 1064 2508 consonans
1107 2465 1224 2509 una
1260 2449 1653 2525 praecesserit
1693 2447 1994 2528 liquidam,
2041 2457 2107 2510 ut
2144 2448 2478 2510 ‘Phoebe
2523 2449 2769 2527 gravis
2796 2468 2849 2508 20

189 2553 400 2612 Troia
419 2556 492 2612 e’
541 2559 600 2612 et

485 2651 904 2714 Evandrum
949 2651 1428 2731 Evandrique
1472 2653 1727 2713 domus
1767 2661 1837 2713 et
1875 2657 2165 2714 moenia
2205 2659 2464 2730 replet.

193 2773 314 2816 nam
360 2757 414 2816 si
452 2754 604 2816 duae
649 2753 930 2829 liquidam
978 2757 1414 2832 praecesserint
1456 2763 1682 2824 mutae,
1728 2757 2065 2816 necessario
2108 2756 2207 2817 fiet
2252 2754 2612 2834 praecedens
2656 2751 2771 2832 syl-

193 2856 310 2917 laba
351 2857 650 2937 positione
693 2855 888 2932 longa.
947 2862 1110 2915 recte
1154 2857 1334 2932 igitur
1378 2855 1635 2935 liquidae
1678 2857 1887 2925 dictae,
1933 2856 2090 2936 quod
2138 2856 2249 2917 sibi
2296 2857 2607 2917 inhaerere
2651 2873 2772 2915 non

193 2967 448 3038 possunt,
495 2957 758 3035 exeeptis
801 2955 1034 3017 duobus
1079 2956 1436 3028 nominibus,
1481 2965 1546 3019 ut
1581 2957 1923 3020 Mnestheus
1966 2966 2025 3018 et
2055 2957 2366 3037 MnasyloS.
2457 2975 2493 3016 x
2538 2975 2773 3037 quoque
2800 2975 2851 3015 25

193 3060 500 3139 specialem
546 3062 665 3119 vim
702 3065 882 3125 tenet,
927 3057 1120 3137 quod,
1167 3061 1430 3138 quamvis
1473 3078 1588 3119 una
1636 3078 1971 3121 consonans
2010 3062 2113 3130 sit,
2162 3067 2359 3121 tamen
2402 3077 2513 3138 pro
2548 3057 2776 3136 ‘duplici

193 3181 420 3241 semper
471 3160 628 3222 cedit
685 3169 746 3222 et
797 3158 922 3221 sola
980 3160 1118 3220 facit
1173 3162 1465 3239 positione
1519 3161 1789 3239 longam,
1838 3165 1961 3224 sive
2017 3162 2077 3222 in
2123 3163 2502 3242 praecedenti
2556 3157 2775 3240 syllaba

193 3267 259 3325 sit
299 3265 426 3324 sive
471 3264 534 3322 in
581 3261 1000 3342 consequenti:
1064 3263 1122 3322 in
1167 3264 1576 3341 praecedenti,
1633 3271 1701 3325 ut
1753 3265 1927 3324 ‘nox
1976 3269 2203 3332 erat’3
2260 3265 2320 3324 in
2372 3263 2775 3338 consequenti,

193 3375 252 3425 ut
287 3368 536 3427 ‘axem
594 3381 850 3426 umero
907 3369 1272 3443 torquet'.
1364 3365 1517 3426 hanc
1563 3383 1706 3443 ergo
1752 3365 2131 3426 semivocales
2175 3365 2427 3427 litteram
2483 3363 2775 3442 duplicem

193 3469 444 3528 mittunt.
473 3465 502 3548 ΙΙ
2224 3459 2233 3468 “
2803 3485 2854 3526 so

349 3571 550 3630 Mutae
593 3566 824 3628 litterae
865 3585 1074 3627 novem
1127 3575 1298 3636 sunt,
1344 3567 1383 3628 b
1429 3587 1462 3628 c
1505 3569 1540 3630 d
1589 3587 1627 3648 g
1671 3571 1711 3631 h
1756 3569 1796 3630 k
1839 3588 1876 3649 q
1920 3589 1959 3650 p
1998 3579 2037 3632 t.
2128 3571 2239 3630 hae
2292 3587 2497 3630 omnes
2542 3573 2779 3646 praeter

191 3691 220 3732 c
269 3673 328 3732 in
389 3673 664 3733 oratione
713 3669 942 3747 positae
996 3668 1294 3748 simplices
1349 3679 1514 3740 sunt,
1573 3673 1853 3749 quoniam
1910 3692 1943 3732 c
1998 3671 2195 3733 littera
2252 3669 2469 3750 duplex
2522 3672 2584 3730 in
2640 3668 2782 3730 solis

195 3774 492 3834 dumtaxat
537 3769 992 3851 pronominibus
1049 3771 1342 3832 invenitur
1394 3779 1450 3832 et
1497 3791 1610 3834 una
1667 3791 1778 3852 pro
1824 3773 2055 3836 duabus
2098 3772 2562 3834 consonantibus
2606 3771 2779 3840 cedit,

193 3876 470 3953 quoniam
513 3890 782 3934 crassum
825 3889 1038 3933 sonum
1080 3873 1274 3934 reddit
1317 3893 1386 3936 ac
1425 3874 1752 3954 duplicem,
1812 3882 1879 3935 ut
1931 3875 2105 3936 ehoc
2148 3875 2336 3937 illud
2385 3875 2779 3951 germana'

323 4105 356 4157 2
397 4104 564 4155 altera
598 4110 874 4154 consecuta
911 4102 1176 4155 Parsa-Mus
1211 4103 1420 4154 alteram
1457 4113 1730 4156 consecuta
1763 4106 1816 4156 B
2007 4101 2135 4170 tum]
2181 4105 2340 4170 Ver-9.
2380 4105 2510 4154 Aen.
2556 4103 2642 4152 1111
2678 4097 2783 4154 693

323 4173 508 4239 altius]
553 4176 712 4239 Ver-9.
747 4187 924 4239 aem-9.
965 4175 1034 4224 lll
1070 4176 1174 4224 442
1364 4175 1399 4226 6
1433 4177 1648 4226 duarum
1687 4189 1723 4232 5
1759 4179 1977 4228 duorum
2010 4177 2061 4226 B
2268 4176 2301 4226 8
2337 4173 2713 4238 disputabimus
2746 4186 2781 4228 5

199 4245 572 4312 disputauimus
608 4243 661 4293 B
799 4243 864 4294 10
901 4241 1204 4307 acerrimus]
1247 4245 1406 4309 Very.
1447 4247 1578 4297 Aen.
1619 4247 1662 4295 lI
1694 4247 1799 4297 414
1954 4247 2015 4296 11
2052 4244 2160 4310 aio]
2196 4245 2330 4299 Enn.
2371 4245 2543 4295 annal.
2584 4241 2783 4292 vt186

200 4318 273 4365 ed.
313 4315 470 4365 Vm.
684 4311 748 4363 13
785 4321 1154 4363 consonantum
1186 4311 1239 4361 B
1451 4315 1514 4364 15
1553 4315 1649 4364 alis
1687 4317 1735 4366 B
1907 4315 1971 4366 16
2008 4317 2289 4382 posteriore
2328 4315 2375 4364 B
2417 4313 2785 4362 Lindemannus

202 4387 446 4450 posterior
481 4397 518 4440 5
657 4389 1035 4447 postponantur
1069 4382 1444 4433 Linclemannus
1478 4393 1818 4450 postponatur
1851 4385 1937 4440 Βς
2077 4385 2147 4436 20
2180 4379 2399 4448 Phoebe]
2451 4383 2609 4447 Ver-9.
2646 4382 2779 4435 Aen.

205 4456 264 4503 Vl
293 4455 360 4506 56
505 4455 574 4504 22
608 4451 920 4516 Evandrum]
966 4454 1124 4516 Ver-9.
1165 4451 1298 4504 Aen.
1342 4453 1413 4504 Xl
1455 4455 1556 4506 140
1695 4462 1745 4504 et
1780 4455 1982 4504 moenia
2022 4455 2183 4518 replet
2218 4470 2311 4504 om.
2350 4454 2403 4502 B
2540 4451 2608 4501 25
2638 4465 2783 4501 mna-

205 4524 331 4587 sslas
366 4539 403 4581 5
579 4523 646 4570 27
691 4535 896 4587 semper
929 4523 1062 4572 cedit
1097 4521 1387 4574 Freundius
1422 4525 1595 4575 annal.
1631 4525 1806 4586 philol.
1842 4538 1951 4574 nov.
1992 4524 2037 4571 V
2072 4523 2146 4588 (a.
2187 4519 2341 4584 1832)
2381 4537 2437 4585 p.
2474 4517 2545 4572 96
2582 4535 2786 4587 semper

209 4594 462 4659 praecedit
492 4593 544 4643 B
611 4606 818 4657 semper
852 4591 1082 4656 procedit
1117 4594 1330 4643 coniecit
1362 4595 1420 4643 C.
1457 4595 1522 4644 L.
1561 4594 1899 4644 Selmeidme
1929 4609 2135 4657 yramm.
2177 4595 2301 4642 Lat.
2341 4594 2361 4641 1
2396 4609 2452 4656 p.
2484 4589 2586 4641 371

207 4665 268 4714 28
296 4667 362 4713 sit
397 4677 432 4719 ς
473 4661 528 4711 fit
561 4659 614 4710 B
771 4659 896 4726 nox]
941 4663 1098 4726 Vere.
1135 4661 1271 4712 Aen.
1312 4662 1374 4712 l11
1403 4664 1518 4714 147.
1559 4663 1672 4713 Vlll
1702 4663 1771 4714 26
1805 4671 1857 4712 et
1884 4665 2091 4727 saepius
2299 4661 2368 4712 29
2404 4660 2576 4726 axem]
2627 4663 2784 4725 Ver-9.

211 4737 332 4785 Aen.
365 4731 588 4782 1111482
762 4730 831 4782 32
875 4732 926 4779 in
963 4733 1190 4781 oratione
1220 4733 1421 4796 positae
1455 4733 1721 4798 simplices
1759 4747 1793 4788 5
1830 4733 1883 4782 in
1920 4734 2166 4782 rationem
2201 4733 2325 4800 poni
2363 4735 2407 4783 si
2445 4733 2705 4798 simplices
2738 4731 2787 4780 B

339 4803 408 4856 34
445 4797 561 4866 hoc]
609 4801 772 4865 Vera.
810 4801 943 4851 Aen.
983 4801 1077 4851 1111
1112 4799 1218 4852 675
