3434 5442
933 359 1349 423 EXPLANAT.
1393 359 1471 422 IN
1517 357 1877 422 DONATVM
1922 357 2062 420 LlB.
2111 358 2133 419 l
2710 363 2831 428 533

352 469 384 512 f.
411 469 490 512 ss*
517 469 613 511 eod.
643 468 748 512 nav.
2403 477 2447 519 p.
2475 465 2568 509 5³⁴.
2594 465 2646 510 3³
2668 465 2731 508 v.

415 549 550 612 Non
593 567 780 621 secus,
828 556 1004 629 atque
1045 549 1110 609 in
1149 545 1364 610 litteris
1393 547 1603 617 evenit,
1649 545 1823 609 nobis
1852 545 1927 608 de
1968 552 2215 608 accentu
2246 544 2621 608 tractandum
2660 552 2753 608 est
2791 567 2831 604 a

243 649 526 724 altitudo,
575 647 589 736 1
637 669 788 732 quae
833 659 1031 712 tamen
1075 649 1298 730 liquido
1345 650 1623 729 cognosci
1666 665 1787 710 non
1832 654 2053 729 potest,
2100 646 2217 708 nisi
2257 644 2641 727 longitudinis
2684 667 2833 729 quo-

242 771 364 833 que
407 755 558 815 ratio
601 752 906 815 habeatur.
992 754 1056 813 in
1101 753 1226 814 eius
1271 752 1428 813 enim
1471 748 1664 831 aliqua
1705 757 1877 831 parte
1921 767 2051 814 esse
2094 747 2273 811 debet
2314 748 2375 809 id
2419 750 2576 830 quod
2621 749 2831 812 altissi-

239 871 407 916 mum
455 862 562 916 est.
652 855 932 936 denique,
979 871 1114 915 cum
1158 852 1404 915 verbum
1451 854 1817 923 enuntietur,
1864 849 2061 932 aliqua
2100 853 2163 912 in
2210 869 2281 912 eo
2324 850 2543 932 syllaba
2588 870 2829 914 necesse

241 964 338 1016 est
379 973 678 1018 summum
729 955 891 1025 illud,
928 957 1090 1018 vocis
1133 954 1428 1034 fastigium
1473 954 1797 1034 possideam
1852 952 1953 1015 sed
2012 970 2163 1034 quae
2206 954 2575 1034 potissimum
2619 956 2697 1017 sit
2738 973 2825 1026 ea,
2852 969 2879 1010 ι

239 1059 567 1120 monstrari
609 1076 731 1120 non
773 1066 969 1139 potest
1009 1057 1122 1118 nisi
1165 1075 1274 1138 per
1317 1065 1652 1138 temporum
1695 1054 2125 1137 syllabarumve
2154 1073 2501 1126 numerum,
2545 1059 2647 1137 qui
2690 1075 2828 1137 pro·

238 1161 374 1240 prie
419 1157 802 1239 longitudinis
845 1169 952 1221 est.
1042 1166 1432 1240 quapropter,
1496 1159 1604 1220 etsi
1647 1158 1912 1220 metricis
1953 1157 2185 1219 videtur
2230 1155 2614 1239 [syllabarum
2660 1167 2827 1222 natu-

236 1261 405 1344 ram]
453 1261 529 1324 ad
571 1261 898 1344 rythmicos
937 1259 1096 1324 solos
1125 1261 1428 1342 pertinere
1472 1269 1807 1342 temporum
1839 1259 2215 1322 dinumerare
2243 1259 2576 1333 intervalla.
2608 1269 2825 1330 tamen,

233 1366 378 1445 quia
427 1362 628 1428 titulus
670 1364 960 1444 propositi
1003 1370 1316 1444 utramque
1359 1362 1580 1444 flagitat
1635 1364 2065 1442 cognitionem,
2128 1361 2346 1443 nequid
2404 1361 2563 1444 quod
2617 1363 2691 1426 ad
2736 1363 2824 1424 di-

235 1465 498 1527 scendos
541 1472 822 1528 accentus
863 1467 1123 1546 pertinet
1165 1465 1372 1528 deesse
1413 1465 1680 1528 videatur
1697 1511 1714 1536 ,
1772 1465 1846 1526 de
1888 1463 2053 1528 verbi
2096 1463 2461 1544 longitudine
2502 1465 2819 1527 dicendum
2848 1478 2897 1522 w

233 1575 360 1638 est,
407 1587 478 1630 ea
520 1566 643 1630 sola
689 1567 1080 1648 adtingentes,
1125 1585 1276 1648 (piae
1319 1569 1488 1649 operi
1531 1568 1865 1630 necessaria
1906 1566 2283 1631 videbuntur.
2340 1565 2647 1646 longitudo
2690 1585 2821 1630 ver-

231 1668 452 1731 borum
509 1668 736 1732 duabus
791 1671 854 1730 in
908 1669 1088 1732 rebus
1143 1677 1257 1743 est,
1314 1679 1584 1750 tempore
1638 1676 1698 1732 et
1758 1667 2011 1750 syllabis,
2102 1677 2339 1750 tempus
2380 1667 2455 1730 ad
2486 1668 2821 1749 rythmicos

230 1773 526 1852 pertinet,
573 1769 830 1853 syllabae
873 1771 946 1833 ad
990 1774 1288 1836 metricos.
1375 1774 1533 1834 inter
1576 1771 1899 1852 rythmicos
1944 1779 2003 1833 et
2048 1773 2325 1834 metricos
2369 1770 2656 1834 dissensio
2698 1789 2815 1832 non

229 1872 398 1935 nulla
443 1879 560 1945 est,
607 1874 764 1953 quod
807 1873 1084 1953 rythmIci
1127 1875 1186 1935 in
1233 1891 1406 1935 versu
1471 1871 1835 1953 longitudine
1878 1875 2037 1936 vocis
2083 1883 2347 1954 tempora
2390 1874 2715 1935 metiuntur
2759 1883 2821 1936 et

229 1975 410 2037 huius
453 1991 776 2037 mensurae
831 1974 1134 2038 modulum
1193 1975 1414 2037 faciunt
1455 1982 1688 2056 tempus
1731 1974 2168 2047 brevissimum,
2214 1977 2276 2036 in
2321 1992 2439 2056 quo
2483 1993 2619 2036 cum
2662 1994 2811 2056 quae
2839 1986 2887 2028 ¹⁵

225 2075 457 2156 syllaba
513 2077 814 2139 enuntiata
869 2077 972 2148 sit,
1031 2075 1272 2138 brevem
1327 2078 1552 2148 vocari;
1610 2079 1844 2139 metrici
1903 2084 2096 2139 autem
2150 2095 2427 2140 versuum
2471 2094 2809 2139 mensuram

225 2177 472 2260 syllabis
526 2177 1020 2258 conprehendunt
1077 2185 1137 2240 et
1190 2177 1364 2240 huius
1420 2177 1721 2241 modulum
1780 2177 2063 2260 syllabam
2120 2177 2357 2241 brevem
2425 2177 2808 2249 arbitrantur,

227 2289 467 2361 tempus
511 2288 709 2342 autem
753 2279 1164 2342 brevissimum
1208 2279 1494 2360 intellegi,
1555 2280 1712 2361 quod
1769 2282 2230 2342 enuntiationem
2274 2279 2655 2342 brevissimae
2696 2279 2809 2361 syl-

225 2380 403 2444 labae
447 2381 776 2444 cohaerens
819 2382 1247 2463 adaequaverit.
1309 2383 1510 2463 itaque
1535 2382 1813 2462 rythmici
1842 2381 2207 2464 temporibus
2248 2380 2531 2464 syllabas,
2578 2383 2812 2444 metrici

227 2475 502 2564 tempbra
557 2483 796 2564 syllabis
838 2485 1067 2546 finiunt.
1157 2502 1350 2564 neque
1396 2485 1552 2546 enim
1597 2485 1811 2552 refert,
1871 2492 2101 2566 tempus
2141 2485 2204 2545 in
2250 2482 2469 2566 syllaba
2514 2502 2671 2556 esse,
2730 2502 2806 2544 an
2832 2499 2883 2540 2⁰

223 2587 288 2646 in
337 2597 606 2667 tempore
663 2583 949 2664 syllabam
1003 2585 1294 2658 dicamus,
1353 2585 1494 2648 dum
1547 2586 1727 2648 modo
1792 2587 2059 2650 discendi
2111 2604 2284 2650 causa
2328 2603 2675 2648 concessum
2722 2595 2810 2648 est

224 2705 360 2748 eam
417 2706 672 2763 moram,
741 2679 855 2767 qua
911 2687 1106 2749 brevis
1161 2686 1384 2768 syllaba
1442 2687 1684 2761 dicitur,
1744 2706 1927 2750 unum
1986 2697 2047 2751 et
2098 2687 2509 2750 brevissimum
2576 2695 2809 2768 tempus

223 2808 477 2860 vocare:
525 2809 638 2871 qua
684 2807 825 2850 vero
869 2787 1044 2869 longa
1087 2790 1423 2870 profertur,
1479 2790 1595 2852 duo
1638 2799 1908 2871 tempora
1954 2791 2287 2872 appellare,
2333 2792 2459 2871 ipsa
2502 2791 2659 2870 cogit
2704 2807 2806 2850 na·

223 2899 394 2964 tura,
443 2910 576 2955 eum
621 2891 938 2972 loquimur.
1001 2890 1242 2955 brevem
1285 2888 1736 2974 μονόχρονον,
1783 2891 2019 2973 longam
2062 2890 2383 2975 δίχρονον
2424 2889 2805 2972 appellamus,

221 2994 344 3055 (luo
409 2993 566 3055 enim
632 2991 811 3074 longa
871 2991 1092 3074 syllaba
1156 2993 1337 3056 habet
1399 3002 1699 3075 tempora,
1770 2996 2077 3074 positionis
2142 3002 2202 3056 et
2265 3001 2540 3063 naturae;
2607 2992 2802 3055 brevis
2829 3009 2879 3052 2³

221 3104 470 3158 naturae
535 3094 715 3158 habet
776 3102 1002 3160 tantum
1069 3097 1246 3159 modo
1314 3094 1658 3178 [Terentius
1722 3095 2016 3176 rhythmis
2070 3095 2279 3160 scribit
2338 3093 2671 3160 comoedias
2714 3095 2806 3158 vel

215 3193 512 3282 Plautus}

1236 3367 1336 3430 DE
1377 3367 1787 3431 POSITVRIS.

389 3520 692 3582 Posituras
759 3527 992 3602 oportet
1057 3539 1333 3584 vocemus
1395 3539 1540 3601 quas
1595 3521 1807 3586 Graeci
1861 3517 2089 3596 θέσεις
2144 3521 2469 3604 appellant,
2537 3543 2685 3605 quae
2739 3526 2801 3585 in

215 3622 472 3702 legendo
530 3621 674 3685 dant
728 3623 957 3703 copiam
1011 3625 1277 3704 spiritus„
1335 3641 1411 3685 ne
1468 3624 1909 3686 continuatione
1965 3624 2216 3688 deficiat.
2302 3625 2414 3688 hae
2468 3635 2591 3688 tres
2646 3635 2798 3699 sunt,
2826 3638 2878 3680 ³0

215 3743 468 3805 quarum
529 3725 834 3788 diversitas
887 3723 1080 3786 tribus
1133 3727 1368 3806 punctis
1425 3724 1656 3788 diverso
1700 3725 1833 3788 loco
1876 3729 2082 3808 positis
2127 3727 2564 3791 demonstratur
2605 3730 2669 3790 in
2714 3728 2799 3791 di·

215 3828 552 3889 stinctione.
641 3825 743 3888 ubi
789 3827 944 3888 enim
987 3826 1201 3907 plenus
1245 3834 1334 3890 est
1376 3845 1610 3899 sensus,
1670 3828 1785 3890 hoc
1827 3836 1918 3890 est
1960 3828 2063 3891 ubi
2106 3829 2171 3890 fit
2214 3829 2472 3892 clausula
2528 3829 2801 3893 dictionis

213 4083 528 4137 altitudinem
557 4083 897 4150 quaerendam
929 4097 1071 4149 esse,
1107 4090 1346 4134 accentus
1382 4089 1544 4134 autem
1570 4087 1835 4148 propriam
1868 4099 1982 4138 esse
2012 4087 2320 4138 altitudinem
2344 4086 2543 4138 m‘denn·
2572 4087 2801 4139 domninae

207 4155 598 4222 grammaticus.-
642 4153 714 4216 οἵ.
750 4153 1008 4206 Priscian.
1045 4155 1110 4204 de
1155 4160 1348 4206 aecem.
1392 4167 1448 4216 ρ.
1489 4153 1645 4208 1285.
1686 4164 1965 4217 praeterea
2010 4158 2157 4208 etiam
2204 4157 2267 4207 de
2304 4157 2483 4208 ordine
2514 4164 2799 4208 accentum

212 4227 455 4289 sortasse
487 4223 694 4276 uber-ius
727 4227 1008 4288 est-posim
1039 4229 1156 4273 erat
1289 4223 1326 4273 4
1361 4222 1412 4272 in
1449 4223 1559 4273 eius
1597 4223 1778 4275 sillaba
1811 4223 1853 4275 0
1992 4229 2025 4278 5
2060 4227 2185 4278 illud
2224 4224 2266 4276 0
2297 4227 2439 4277 illum
2473 4227 2523 4277 L
2661 4227 2692 4276 7
2722 4235 2799 4278 est

217 4311 314 4348 om.
358 4292 402 4345 0
541 4295 636 4345 etsi
670 4292 736 4343 ad
772 4294 1010 4345 metricos
1050 4292 1252 4344 videtur
1291 4291 1602 4358 syllabarum
1645 4303 1844 4361 natura,
1881 4297 1948 4348 ad
1984 4295 2299 4364 rhythmicos
2336 4297 2502 4348 solam
2538 4298 2793 4362 pertinere

217 4365 434 4417 coniecit
467 4366 634 4416 editor
667 4363 722 4414 V
719 4363 1070 4415 indoboneneia
1208 4361 1242 4414 8
1272 4363 1605 4415 denumerare
1633 4363 1729 4416 LO
1865 4367 1900 4418 9
1934 4376 2201 4432 utramque
2232 4365 2294 4418 10
2330 4375 2597 4429 utrumque
2632 4369 2681 4418 L

211 4435 578 4502 eognotionem
614 4433 666 4484 L
806 4433 872 4485 ad
907 4433 1182 4484 discendus
1209 4431 1304 4486 Lo
1443 4431 1511 4486 10
1542 4433 1727 4486 adesse
1758 4435 1801 4487 Ο
1940 4435 2006 4489 13
2040 4438 2288 4488 dissentio
2320 4435 2363 4487 0
2508 4437 2573 4488 15
2605 4437 2660 4487 in
2695 4453 2795 4500 quo

214 4520 334 4556 cum
373 4519 506 4568 quae
554 4504 752 4570 syllaba
790 4505 1052 4554 enuntiata
1103 4505 1170 4554 sit
1214 4504 1429 4556 Weilius
1463 4505 1634 4557 amm!-
1662 4521 1777 4560 που.
1811 4505 1991 4571 philol.
2026 4515 2067 4561 t.
2100 4506 2261 4558 Lxx!
2298 4508 2373 4573 (α.
2414 4506 2571 4571 1855)
2598 4521 2653 4570 ρ.
2692 4507 2795 4558 402

214 4595 266 4642 in
317 4605 636 4655 quocumque
679 4589 878 4656 syllaba
921 4592 1177 4642 enuntiata
1223 4588 1480 4656 (syllabae
1517 4593 1749 4644 nuntiata
1783 4589 1861 4659 L)
1890 4594 1958 4645 sit
1994 4591 2087 4644 LO
2266 4593 2328 4644 17
2374 4603 2425 4644 et
2466 4593 2619 4646 huius
2663 4611 2693 4645 υ
2740 4602 2794 4647 ut

211 4663 370 4713 huius
407 4661 457 4710 L
491 4659 646 4714 huius
679 4660 722 4712 0
861 4661 932 4715 18
969 4661 1368 4714 enuntiationem
1413 4661 1629 4715 Weilius
1662 4666 1699 4720 1.
1738 4679 1784 4715 c.
1824 4663 2167 4715 enuntiatione
2202 4661 2297 4714 LO
2436 4666 2503 4716 22
2543 4679 2643 4728 qua
2679 4666 2793 4716 bre-

213 4732 432 4783 uissima
470 4731 652 4782 sillaba
687 4729 732 4781 0
871 4733 938 4784 23
975 4733 1178 4798 cogitur
1213 4738 1394 4783 natura
1431 4729 1474 4781 0
1613 4735 1681 4786 24
1713 4749 2059 4786 monocronon
2096 4733 2301 4802 longam
2339 4734 2579 4786 dier-onon
2616 4734 2793 4800 (dino-

211 4815 400 4924 gronon
439 4799 522 4939 gJJ
546 4800 690 4922 LOfl
747 4803 870 4920 ι25
914 4811 1144 4868 tempora
1183 4801 1254 4854 Ov
1289 4809 1490 4869 tempus
1529 4803 1578 4852 L
1750 4806 1821 4858 29
1862 4805 2005 4873 greci
2042 4805 2269 4856 thensiaa
2305 4805 2568 4871 appellant
2606 4807 2653 4858 L

249 4874 282 4924 2
317 4872 406 4922 ubi
483 4879 502 4920 t
563 4879 618 4921 ut
693 4881 710 4920 t
