3434 5442
722 332 837 393 142
1887 330 2111 393 PROBI

814 460 855 501 p.
880 448 1041 491 zoae-1
1070 448 1123 488 n.
2155 442 2166 454 ·
2850 460 2904 506 ›²-
2930 446 3080 490 κιαι
3107 448 3155 490 ν.

710 518 1135 597 coniugationis
1178 518 1565 601 produssctae,
1624 538 1778 599 quae
1831 520 1892 579 in
1939 520 2124 599 prima
2169 535 2420 598 persona
2455 498 2625 581 'modi
2669 518 2957 579 indicativi
2997 524 3243 599 temporis

710 622 1037 699 praesentis
1079 622 1313 681 numeri
1356 620 1670 703 singularis
1712 626 1848 683 ante
1889 639 1924 681 o
1969 620 2239 682 ultimum
2287 640 2320 682 e
2363 620 2613 683 litteram
2665 618 2884 681 habent
2933 624 3242 700 oppositam,

710 728 773 781 ut
815 728 955 801 puta
996 722 1174 783 redeo
1218 722 1469 783 rediens.
1557 724 1643 785 sic
1692 730 1752 783 et
1797 730 1992 783 cetera
2046 722 2174 783 talia
2233 724 2536 803 participia
2588 729 2730 784 tunc
2784 740 3024 784 necesse
3067 732 3146 783 est
3191 735 3246 785 ut

707 822 962 885 habeant
1006 833 1148 886 ante·
1182 840 1286 885 ens
1321 824 1545 887 litteras
1586 827 1605 886 i
1653 824 1906 886 litteram
1947 826 2351 897 constitutam,
2405 824 2640 905 quando
2696 823 2769 886 ab
2813 823 2928 885 hac
2964 823 3242 886 verborum

655 951 681 991 5
706 941 885 1005 supra
928 927 1148 1006 scripta
1190 926 1558 989 descendunt
1600 926 1924 1007 disciplina.

875 1028 1022 1091 ltem
1064 1030 1387 1108 quaeritur,
1438 1048 1551 1110 qua
1596 1030 1669 1091 de
1712 1048 1886 1091 causa
1931 1027 2140 1091 nolens
2181 1036 2400 1091 et·non
2449 1028 2675 1091 nollens
2713 998 2968 1091 dicatur.
3053 1027 3154 1089 hac
3185 1030 3245 1090 de

706 1148 913 1199 causa,
980 1134 1257 1211 quoniam
1319 1134 1526 1194 tertiae
1582 1140 1890 1210 correptae
1939 1132 2361 1209 coniugationis
2417 1132 2592 1193 verba
2658 1130 2816 1191 modi
2864 1130 3144 1191 indicativi
3187 1151 3244 1193 ex
3354 1194 3357 1207 ,

706 1235 895 1313 prima
956 1252 1205 1313 persona
1258 1236 1493 1295 numeri
1526 1233 1862 1313 singularis
1903 1253 1940 1295 ο
1975 1234 2242 1295 ultimum
2293 1236 2350 1294 in
2395 1252 2500 1295 ens
2553 1232 2777 1295 litteras
2827 1239 3164 1295 convertunt
3197 1240 3246 1293 et

705 1336 996 1415 participii
1036 1338 1367 1414 praesentis
1412 1337 1695 1415 temporis
1740 1338 2162 1398 nominativum
2201 1354 2402 1397 casum
2455 1337 2690 1398 numeri
2729 1334 3042 1413 singularis
3079 1342 3246 1395 ouen-

630 1458 681 1501 ιο
706 1436 871 1507 dunt,
916 1446 979 1498 ut
1010 1446 1153 1517 puta
1193 1456 1385 1519 coquo
1430 1456 1709 1519 coquens·
1773 1456 1932 1499 nunc
1975 1458 2106 1499 cum
2153 1445 2210 1499 et
2253 1438 2368 1499 hoc
2409 1439 2780 1517 participium
2825 1454 2858 1497 a
2897 1435 3034 1497 nolo
3073 1437 3246 1497 venire

704 1540 1055 1618 reperiatur,
1100 1546 1161 1601 et.
1200 1540 1333 1601 ideo
1370 1540 1593 1610 nolens,
1640 1558 1762 1601 non
1803 1539 2034 1602 nollens
2073 1542 2270 1603 facere
2314 1542 2748 1620 pronuntiatur.

822 1688 831 1695 .
876 1642 1025 1703 Sunt
1056 1645 1379 1721 praesentis
1420 1644 1701 1722 temporis
1745 1644 2076 1722 participia,
2133 1652 2284 1722 quae
2327 1647 2386 1703 in
2437 1642 2678 1703 dubium
2721 1642 2958 1704 veniant
2991 1640 3002 1723 Ι
3041 1641 3242 1709 exinde,

708 1744 863 1824 quod
922 1752 981 1806 et
1029 1746 1276 1823 figuram
1334 1748 1637 1807 nominum
1694 1746 2037 1815 ostendunt,
2105 1753 2169 1807 ut
2225 1753 2364 1823 puta
2423 1762 2626 1805 amans
2681 1744 2914 1822 sapiens
2969 1752 3028 1805 et
3079 1752 3248 1805 cetera

708 1846 860 1925 talia,
925 1846 1025 1908 sed
1059 1865 1175 1926 qua
1213 1844 1439 1909 r'atione
1482 1849 1643 1910 haec·
1672 1847 1930 1925 intellegi
1971 1850 2212 1926 possint,
2252 1847 2488 1926 quando
2531 1849 2648 1908 sint
2675 1848 2910 1909 nomina
2961 1852 3017 1907 et
3045 1846 3248 1925 qnando

632 1966 681 2008 ts
706 1949 1029 2027 participia,
1075 1947 1331 2011 breviter
1370 1949 1728 2012 subiciamus
1771 1957 2104 2029 praecepta.
2163 1949 2376 2029 quibus
2405 1950 2518 2009 hoc
2547 1966 2876 2019 monemus
2923 1957 3006 2018 ut,
3045 1949 3250 2027 quando

705 2050 853 2111 haec
897 2052 1323 2130 comparativus
1363 2052 1453 2115 vel
1498 2052 1882 2132 superlativos
1921 2052 2139 2131 gradus
2181 2053 2300 2113 sive
2345 2050 2614 2113 adverbia
2660 2052 2854 2113 iacere
2897 2058 3140 2129 possunt
3179 2050 3250 2110 vel

704 2154 971 2231 genetivo
1019 2155 1176 2215 casui
1221 2156 1572 2233 iunguntur,
1620 2156 1856 2215 nomina
1897 2172 2026 2216 esse
2063 2153 2507 2233 intellegantur,
2550 2161 2612 2213 ut
2655 2161 2794 2232 puta
2834 2171 3038 2213 amans
3077 2170 3250 2214 arnan·

704 2256 977 2327 tissimus,
1022 2258 1257 2335 sapiens
1300 2258 1622 2335 sapienter,
1670 2257 1890 2319 docens
1927 2256 2185 2327 doctior,
2233 2256 2463 2317 alieni
2507 2256 2902 2335 adpetenS,
2947 2256 3262 2332 fugitans.

702 2355 962 2420 litium.
1052 2360 1139 2418 sic
1176 2365 1235 2419 et
1270 2366 1465 2421 cetera
1510 2358 1675 2429 talia,
1737 2359 1972 2440 quando
2017 2344 2133 2419 sint
2173 2361 2438 2428 nomina,
2493 2358 2641 2418 haec
2685 2374 2865 2437 supra
2911 2358 3062 2417 dicta
3103 2374 3251 2434 prae·

626 2476 679 2519 2⁰
704 2468 871 2538 cepta
910 2460 1249 2523 discernunt
1284 2478 1315 2521 a
1360 2463 1804 2540 participiorum
1847 2462 2068 2539 figura;
2125 2459 2348 2522 scilicet
2399 2461 2676 2540 quoniam
2721 2462 2919 2521 omnia
2975 2460 3250 2537 participia

704 2577 899 2638 neque
944 2563 1370 2641 comparativus
1413 2572 1513 2624 aut
1554 2563 1940 2646 superlativas
1981 2564 2229 2643 gradus,
2289 2562 2390 2624 sed
2437 2581 2546 2622 nec
2583 2561 2862 2623 adverbia
2907 2562 3102 2623 facere
3135 2578 3253 2639 pos·
3355 2644 3357 2647 Α

702 2671 837 2724 sunt
880 2673 940 2725 et
982 2667 1328 2735 accusativo,
1372 2683 1489 2725 non
1534 2668 1804 2743 genetivo
1845 2667 2003 2727 casui
2049 2667 2212 2743 iungi
2257 2666 2653 2744 reperiuntur.

794 2811 799 2817 .
870 2765 1015 2827 Item
1067 2774 1205 2828 sunt
1258 2768 1541 2846 temporis
1592 2770 1896 2847 praeteriti
1952 2768 2318 2847 participia„
2347 2786 2500 2847 quae
2557 2774 2615 2827 et
2671 2767 2974 2827 nominum
3027 2766 3252 2844 figuram

700 2867 1041 2937 ostendunt,
1086 2877 1151 2929 ut
1190 2876 1331 2949 puta
1372 2870 1527 2931 visus
1566 2870 1798 2932 auditus
1851 2872 2064 2931 missus
2101 2876 2158 2930 et
2196 2877 2392 2929 cetera
2437 2867 2593 2929 talia.
2685 2885 2844 2929 nuuc
2887 2886 3004 2946 qua
3051 2870 3255 2928 ratione

624 2968 957 3049 uintellegi
1024 2972 1278 3049 possint,
1329 2972 1569 3050 ,quando
1634 2973 1750 3033 sint
1811 2974 2045 3033 nomina
2111 2978 2170 3033 et
2217 2970 2452 3050 quando
2511 2971 2849 3050 participia,
2917 2969 3254 3032 subiciamus

700 3080 1031 3151 praecepta.
1120 3073 1332 3152 quibus
1380 3075 1494 3134 hoc
1535 3092 1873 3143 monemus„
1921 3080 1986 3134 ut
2025 3081 2166 3133 tunc
2221 3073 2370 3135 haec
2411 3070 2666 3148 intellegi
2713 3070 2968 3134 debeant
3017 3072 3250 3135 nomina.

700 3174 932 3253 quando
962 3174 1033 3235 ad
1068 3174 1399 3255 exemplum
1438 3174 1653 3237 fluctus
1689 3194 1798 3255 per
1838 3164 2008 3237 casus
2047 3177 2425 3254 reperiuntur
2471 3194 2600 3237 esse
2645 3173 2952 3243 declinata,
3000 3176 3252 3255 quoniam

698 3278 893 3337 omnia
935 3278 1237 3356 participia
1284 3280 1583 3355 praeteriti
1628 3279 1913 3356 temporis
1955 3277 2026 3339 ad
2069 3278 2224 3339 docti
2262 3278 2510 3337 formam
2557 3294 2798 3337 necesse
2837 3283 2924 3337 est
2965 3294 3074 3355 per
3105 3292 3254 3336 casus

698 3394 826 3439 esse
862 3378 1312 3457 pronuntianda.
1346 3376 1372 3462 ΙΙ
1404 3382 1541 3441 item
1600 3388 1738 3442 sunt
1790 3379 1982 3460 aliqua
2037 3380 2339 3458 praeteriti
2389 3380 2672 3459 temporis
2727 3380 3064 3457 participia,
3121 3396 3254 3457 quae

620 3494 675 3539 ao
700 3487 757 3540 et
800 3482 1101 3541 nominum
1156 3482 1636 3558 significationem
1683 3484 2050 3551 contineant,
2107 3488 2173 3543 ut
2215 3490 2352 3560 puta
2399 3487 2642 3558 rogatus
2683 3480 2932 3541 donatus
2977 3486 3036 3541 et
3077 3488 3254 3541 cetera

698 3580 851 3642 talia.
941 3583 1044 3644 sed
1095 3582 1242 3644 haec
1282 3585 1330 3644 si
1386 3591 1668 3663 perpetua
1713 3586 1829 3644 sint
1878 3585 2182 3645 hominum
2230 3581 2538 3649 vocabula.
2597 3584 2834 3643 nomina
2879 3592 3016 3643 sunt
3073 3580 3254 3661 appel-

630 3738 640 3749 ,
696 3680 897 3753 landa:
942 3687 1033 3745 sin
1076 3704 1216 3746 vero
1260 3685 1331 3747 ad
1378 3694 1610 3764 tempus
1652 3694 1790 3745 sunt
1825 3688 2080 3765 propriis
2121 3684 2458 3747 nominibus
2491 3672 2748 3752 adiecta,
2791 3686 3094 3763 participia
3135 3690 3256 3743 sunt

696 3786 1147 3861 pronuntianda.
1238 3788 1375 3848 item
1418 3794 1559 3847 sunt
1599 3788 1911 3857 vocabula,
1959 3806 2110 3866 quae
2154 3796 2364 3866 putent
2403 3786 2580 3867 aliqui
2626 3786 2781 3867 quod
2826 3788 3084 3866 speciem
3135 3801 3255 3863 par·

696 3889 1025 3968 ticipiorum
1068 3890 1371 3968 praeteriti
1408 3892 1691 3968 temporis
1737 3890 2016 3959 habeant,
2071 3898 2135 3951 ut
2179 3899 2318 3968 puta
2363 3891 2655 3950 tunicatus
2699 3888 2962 3967 galeatus
3009 3894 3254 3949 comatus

616 4000 669 4043 ⁸⁶
698 3996 758 4051 et
798 3999 991 4053 cetera
1038 3990 1190 4052 talia.
1278 3992 1381 4053 sed
1428 3992 1574 4053 llaec
1618 4010 1750 4053 cum
1797 4010 1906 4053 nec
1953 3992 2118 4053 verbi
2153 3999 2382 4069 partem
2428 3991 2682 4054 habeant
2721 4008 2832 4051 nec
2875 3990 3090 4069 aliquid
3133 4004 3254 4067 par-

692 4093 1029 4174 ticipiorum
1066 4095 1326 4173 capiant,
1376 4097 1576 4173 utique
1618 4096 1734 4155 iam
1781 4093 1924 4155 nulli
1965 4094 2210 4155 dubium
2249 4101 2368 4164 est,
2415 4094 2572 4173 quod
2618 4094 2834 4154 frustra
2873 4094 3254 4172 suspicionem

691 4197 1133 4275 participiorum
1180 4197 1514 4264 incurrant;
1560 4207 1619 4257 et
1662 4196 1794 4258 ideo
1837 4197 1984 4258 haec
2029 4197 2266 4257 nomina
2309 4204 2448 4257 sunt
2491 4196 2942 4275 pronuntianda.

864 4298 1007 4360 item
1058 4308 1197 4360 sunt
1250 4300 1516 4367 nomina,
1574 4318 1728 4379 quae
1783 4300 2176 4377 suspicionem
2237 4299 2678 4377 participiorum
2728 4297 2910 4358 futuri
2965 4294 3253 4375 temporis,

692 4418 841 4480 quae
886 4402 946 4461 in
993 4419 1097 4461 rus
1149 4400 1429 4481 syllabam
1478 4407 1720 4470 exeunt,
1773 4402 2109 4471 incurrant,
2167 4408 2232 4462 ut
2272 4409 2410 4478 puta
2453 4400 2676 4461 hilarus
2723 4398 2920 4460 clarus
2963 4406 3024 4460 et
3068 4402 3254 4459 cetera

835 4538 859 4586 1
897 4552 1025 4600 quae
1062 4554 1121 4587 ru
1156 4554 1307 4601 quem
1338 4538 1385 4587 R
1522 4536 1555 4589 3
1594 4537 1715 4588 talia
1753 4536 1798 4587 R
1835 4540 1938 4588 alia
1973 4538 2023 4587 B
2195 4538 2228 4587 4
2267 4536 2484 4587 habeant
2519 4552 2579 4587 ru
2613 4536 2800 4587 habeut
2837 4536 2882 4586 R
3023 4546 3138 4586 ante
3169 4546 3254 4582 ens

691 4606 884 4658 litteras
916 4608 959 4657 R
994 4616 1109 4658 ante
1140 4608 1471 4657 nouissimam
1503 4607 1752 4672 syllabam
1784 4607 1834 4656 B
1976 4607 2041 4658 10
2077 4622 2208 4657 nunc
2247 4622 2358 4657 cum
2391 4624 2448 4658 ru
2483 4622 2618 4657 nunc
2651 4606 2784 4659 hunc
2813 4607 2857 4657 R
2999 4606 3063 4657 13
3096 4614 3254 4655 osten-

692 4678 817 4725 dunt
853 4676 902 4726 B
938 4679 1203 4727 ostendant
1245 4678 1287 4727 R
1432 4676 1497 4727 18
1530 4678 1683 4727 alieni
1720 4674 1990 4743 adpetens]
2027 4678 2154 4727 San.
2195 4678 2342 4729 Catil.
2379 4678 2413 4727 5
2553 4676 2782 4744 fugitans
2823 4674 3006 4741 litium]
3061 4676 3252 4725 Terent.
3321 4698 3334 4711 ·

692 4747 893 4797 Phor-m.
934 4748 1021 4796 llll
1060 4750 1109 4808 3,
1156 4748 1217 4798 18
1358 4751 1425 4797 24
1459 4748 1730 4798 ostendunt
1768 4748 1863 4799 RB
1897 4748 2164 4799 ostendant
2198 4764 2230 4797 r
2366 4746 2434 4797 32
2471 4758 2588 4798 sunt
2625 4748 2844 4813 propriis
2881 4746 2976 4797 RB
3011 4747 3112 4796 siut
3147 4760 3254 4809 pro-

692 4818 821 4883 priis
846 4834 877 4867 r
1018 4816 1084 4869 33
1122 4826 1296 4883 putent
1334 4836 1391 4867 νυ
1430 4825 1609 4883 putant
1644 4818 1689 4867 13
1833 4818 1900 4869 36
1937 4818 2124 4867 frustra
2159 4835 2187 4867 υ
2223 4832 2382 4882 supra
2421 4818 2464 4866 lt
