3434 5442
650 347 686 409 3
706 349 773 410 16
1616 343 1872 407 NOTAE
1917 343 2287 406 ΡΑΡΙΑΝΑΕ

651 539 863 614 sylloge
896 541 1029 596 satis
1073 538 1310 594 ostendit
1356 547 1467 593 tum
1514 538 1740 593 maxime
1782 536 1931 610 quod
1960 538 2014 592 in
2047 534 2152 591 line
2195 537 2312 592 eius
2340 536 2544 608 legitur
2573 536 2924 611 praefationis
2947 533 3280 592 Probianae

654 621 724 698 (p.
758 621 876 700 271)
923 625 1247 698 principium
1298 621 1401 698 (est
1430 624 1599 677 etiam
1642 625 1800 677 circa
1835 651 1909 662 —
1943 623 2138 678 nullus
2177 615 2364 696 esset).
2423 620 2646 678 Collatis
2691 629 2874 678 autem
2915 637 3054 678 cum
3103 619 3280 676 Probi

649 708 1094 766 commentariolo
1156 724 1313 781 quem
1374 707 1635 763 habemus
1695 708 1965 781 excerptis
2005 705 2432 763 Einsidlensibus
2491 723 2599 762 non
2651 707 2830 762 solum
2889 705 3280 762 emendantur

655 793 779 849 inde
839 793 944 850 loci
1005 792 1221 866 quidam
1281 794 1557 866 corrupti,
1618 808 1943 866 quamquam
2003 791 2323 865 plerumque
2380 799 2632 865 excerpta
2691 808 2812 847 cum
2875 799 3036 847 textu
3103 807 3276 864 quem

650 878 908 934 habemus
950 879 1276 934 conveniunt
1322 879 1482 932 etiam
1528 879 1580 932 in
1625 878 1915 950 scripturis
1957 875 2141 937 salsis.
2187 876 2280 932 sed
2323 876 2472 950 quod
2513 876 2676 949 longe
2719 876 2942 932 maioris
2990 879 3272 932 momenti

650 972 761 1025 est,
816 965 1263 1018 commentarium
1308 961 1459 1016 illum
1502 961 1661 1017 hodie
1703 979 1732 1018 a
1765 961 1870 1017 linc
1911 960 2159 1018 mutilum
2203 963 2457 1036 apparuit
2499 961 2566 1019 ab
2599 960 2950 1018 Einsidlensis
2999 960 3272 1017 latemuli

650 1051 921 1121 scriptore
972 1047 1270 1103 adhibitum
1318 1063 1439 1102 esse
1480 1049 1754 1120 integrum
1805 1063 1905 1102 nec
1943 1063 2115 1120 pauca
2170 1063 2291 1102 eum
2324 1045 2447 1101 inde
2477 1046 2842 1120 excerpsisse.
2895 1062 3048 1120 quae
3105 1046 3272 1100 hodie

648 1133 789 1206 apud
824 1132 1056 1188 Probum
1087 1131 1465 1188 desiderantur
1507 1134 1809 1206 composita
1856 1149 2019 1205 supra
2058 1149 2111 1205 p.
2143 1135 2260 1184 275.
2293 1133 2408 1184 276.
2471 1130 2713 1204 Contigit
2744 1133 2914 1204 igitur
2955 1131 3116 1188 bona
3151 1131 3268 1186 l'or-

650 1227 796 1278 tuna,
830 1224 889 1273 ut
920 1217 971 1272 id
1005 1216 1151 1290 quod
1182 1219 1323 1272 nacti
1357 1233 1543 1272 sumus
1574 1215 1794 1290 Papiani
1827 1216 2075 1272 laterculi
2107 1215 2410 1289 exemplum
2459 1233 2579 1271 cum
2613 1233 2676 1272 eo
2711 1216 2854 1289 quod
2887 1215 3268 1272 Einsidlensis

647 1300 889 1359 adhibuit
931 1303 1003 1358 ita
1033 1303 1339 1375 conspiret,
1390 1308 1451 1356 ut
1480 1303 1824 1375 paucissimis
1867 1301 2000 1357 locis
2045 1300 2136 1372 (cf.
2169 1302 2479 1358 notationes
2509 1301 2688 1356 iudea:
2718 1307 2867 1362 esto,
2911 1299 3268 1356 kalumniae

646 1403 856 1448 causa,
906 1388 1065 1442 urbis
1094 1385 1331 1458 Romae)
1365 1387 1603 1459 exceptis
1634 1396 1786 1442 certo
1819 1385 2048 1442 consilio
2081 1385 2215 1441 fines
2259 1400 2450 1456 regere
2491 1387 2830 1460 potuerimus
2859 1387 3012 1440 inter
3045 1385 3266 1441 Einsid·

645 1470 817 1526 lensis
862 1473 1171 1527 notationes
1204 1469 1465 1545 Papianas
1506 1470 1930 1544 Probianasque.
1962 1501 2048 1523 ψ-
2091 1470 2441 1526 Exhibuimus
2493 1470 2814 1526 laterculum
2847 1470 3262 1526 Einsidlensem

647 1563 813 1630 prout
842 1558 896 1612 in
928 1555 1114 1612 codiee
1145 1558 1419 1630 reperitur
1449 1573 1570 1611 eum
1605 1557 1718 1611 suis
1750 1556 2154 1630 appendicibus,
2185 1557 2294 1611 nisi
2327 1555 2470 1629 quod
2503 1557 2828 1630 principium
2861 1556 3014 1628 quod
3051 1557 3110 1610 in
3139 1555 3263 1610 Ein-

646 1641 867 1697 sidlensi
898 1640 1081 1696 deiic'it
1111 1641 1326 1697 additur
1357 1656 1419 1695 ex
1449 1640 1589 1696 libro
1621 1639 1865 1696 Parisino
1897 1650 1952 1695 ct
1982 1641 2048 1697 ad
2078 1657 2155 1702 ea,
2187 1657 2327 1714 quae
2359 1639 2713 1697 Einsidlensis
2743 1639 2906 1696 hahet
2937 1643 3262 1696 communia

648 1741 769 1782 cum
799 1725 1075 1787 Parisino,
1111 1725 1301 1787 huius,
1335 1742 1496 1800 quem
1527 1725 1848 1800 plerumque
1880 1725 2204 1782 Einsidlensi
2245 1724 2582 1781 emendatius
2626 1727 2889 1798 scriptum
2921 1741 3056 1782 esse
3109 1741 3262 1799 repe·

647 1812 846 1872 rimus,
896 1813 1038 1866 varia
1084 1810 1245 1866 lectio
1288 1809 1733 1884 orthographicis
1774 1812 1994 1866 omissis
2037 1810 2194 1884 plena
2239 1809 2446 1866 accedit
2495 1812 2651 1866 uncis
2694 1809 2974 1883 quadratis
3023 1811 3265 1866 eircum-

647 1897 849 1969 scripta
881 1904 935 1951 et
964 1903 1153 1952 notata
1176 1903 1303 1951 nota
1326 1895 1391 1950 P.
1440 1895 1587 1964 Quae
1618 1895 1972 1952 Einsidlensis
2005 1894 2157 1951 solus
2189 1894 2366 1956 habet,
2399 1910 2463 1949 ex
2492 1893 2672 1951 Probo
2705 1894 3038 1969 deprompta
3075 1897 3260 1950 omnia

650 1982 887 2053 exceptis
919 1981 1288 2054 paucissimis,
1334 1995 1473 2053 quae
1504 1988 1597 2036 aut
1627 1996 1689 2035 ex
1722 1980 2143 2053 interpolatione
2173 1987 2524 2036 accesserunt
2567 1987 2660 2035 aut
2689 1978 2833 2053 apud
2861 1979 3094 2054 Papiam
3129 1998 3260 2036 casu

648 2064 961 2120 exciderunt
994 2061 1065 2139 (D
1094 2066 1262 2118 6—8.
1296 2067 1379 2120 66.
1398 2067 1479 2119 68.
1499 2068 1582 2120 70.
1616 2065 1672 2119 F
1694 2069 1777 2119 25.
1813 2065 1850 2120 Ι
1878 2067 1955 2118 16.
1975 2068 2058 2120 38.
2093 2064 2136 2120 0
2169 2067 2217 2118 3.
2231 2067 2280 2119 6.
2299 2068 2381 2117 25.
2417 2063 2460 2119 S
2488 2066 2770 2118 22.50.60.
2811 2063 2860 2118 Τ
2887 2067 2970 2119 17.
3023 2064 3082 2119 V
3111 2068 3157 2118 1.
3177 2069 3260 2117 32.

648 2150 711 2204 Χ
738 2147 825 2225 2..)
860 2167 923 2206 ea
952 2149 1367 2222 distinguuntur
1418 2150 1617 2206 litteris
1660 2149 1968 2223 quadratis,
2014 2150 2287 2225 adscripta
2332 2151 2385 2204 in
2417 2150 2484 2204 iis
2513 2165 2654 2222 quae
2693 2151 2746 2205 in
2776 2148 2942 2205 Probi
2973 2166 3264 2206 commen·

610 2249 623 2259 ·
650 2236 787 2289 tario
820 2234 993 2290 adhuc
1036 2241 1335 2308 supersunt
1366 2233 1473 2290 loci
1504 2234 1846 2290 indicatione.
1905 2235 2142 2308 Denique
2175 2251 2361 2290 earum
2393 2233 2802 2291 adnotationum
2823 2275 2835 2295 ,
2867 2251 3010 2308 quas
3045 2243 3107 2290 et
3139 2233 3264 2289 Ein-

648 2319 899 2374 sidlensis
940 2319 1081 2376 liber
1110 2327 1165 2374 et
1194 2319 1469 2375 Parisinus
1515 2319 1746 2380 habent,
1793 2336 1930 2393 quae
1974 2319 2201 2375 redeunt
2245 2321 2298 2376 in
2342 2319 2491 2375 notis
2525 2319 2792 2375 Vaticanis
2837 2313 3029 2393 (supra
3065 2336 3122 2374 n.
3159 2319 3260 2389 vt).

648 2419 743 2458 cae
774 2405 957 2459 curavi
988 2410 1049 2459 ut
1078 2403 1343 2460 asterisco
1374 2404 1873 2478 distinguerentur:
1921 2421 2060 2478 quae
2087 2404 2286 2460 adsunt
2316 2405 2370 2459 in
2403 2403 2522 2460 solo
2553 2402 2812 2460 Vaticano
2856 2403 3110 2460 secundo
3146 2399 3260 2478 (R).

652 2489 943 2558 signantur
974 2489 1250 2545 asteriscis
1282 2487 1515 2544 duobus.

1631 2705 1763 2711 --.-.-
1786 2705 1843 2710 n-<
1862 2703 2131 2711 ———-——

1530 2906 1806 2968 INCIPIT
1855 2907 2098 2969 NOTAS
2147 2908 2360 2970 IVRIS.

688 3083 713 3132 1
778 3084 828 3132 Α
1108 3077 1247 3138 abet
1935 3103 1944 3112 ·
1979 3085 2042 3136 18
2071 3066 2216 3136 *Αδι
2433 3079 2668 3140 adiutor

686 3186 717 3234 2
746 3181 871 3234 *Ac
1112 3179 1263 3240 actio
1982 3188 2042 3238 19
2070 3167 2315 3260 *Abi-p·
2435 3181 2666 3241 adiutor
2697 3181 3002 3259 provincie

686 3285 717 3337 3
779 3287 903 3336 Αετ
1109 3287 1273 3340 actor
1977 3289 2043 3340 20
2071 3286 2200 3350 *Ac
2433 3283 2554 3359 agit

684 3389 717 3437 4
778 3389 959 3438 Ac·N
1113 3385 1345 3443 actione
1975 3390 2037 3442 21
2103 3391 2232 3451 Αςῐ
2437 3386 2629 3461 agitur

684 3490 717 3539 5
746 3483 919 3540 *ia-N
1113 3486 1409 3546 actionum
1977 3495 2043 3544 22
2103 3473 2231 3542 AIA
2439 3485 2548 3546 alia

686 3589 719 3640 6
747 3586 945 3686 *AL-N·
980 3593 1073 3642 m·
1112 3587 1405 3646 actionem
1440 3586 1679 3646 mandat
1977 3595 2042 3645 23
2104 3576 2230 3644 AIA
2262 3576 2329 3655 Ie
2434 3587 2543 3648 3113
2575 3587 2708 3665 lege

686 3693 715 3741 7
746 3688 911 3743 *Ace
1112 3695 1353 3764 accepta
1976 3697 2042 3748 24
2071 3675 2228 3746 *sm
2437 3692 2660 3751 amicus

684 3793 718 3842 8
779 3793 861 3842 Αῐ
890 3793 925 3842 c
1108 3794 1235 3847 acta
1284 3805 1459 3848 causa
1977 3799 2042 3849 25
2057 3775 2248 3848 ”sm
2283 3803 2345 3848 N
2437 3793 2661 3852 amicus
2695 3801 2896 3852 noster

686 3894 719 3944 9
780 3894 863 3943 Ατ
886 3893 976 3966 pc
1109 3896 1272 3948 actor
1304 3891 1639 3968 provinciae
1977 3900 2043 3950 26
2072 3877 2227 3950 *sm
2263 3904 2324 3949 N
2435 3895 2866 3954 amantissimus
2907 3901 3122 3954 noster

656 3995 719 4046 10
779 3997 861 4046 Αῐ
884 3996 984 4069 PR
1013 3997 1055 4046 a
1108 3999 1271 4051 actor
1328 3993 1665 4070 provinciae
1710 3993 1924 4054 Roma-
1978 4003 2040 4052 27
2105 4002 2172 4050 Α·
2439 4014 2630 4057 annus

1265 4111 1477 4154 norum
1978 4103 2044 4154 28
2106 4103 2296 4154 ΑΝΝ
2439 4115 2626 4158 annos

657 4197 713 4249 11
781 4201 861 4250 Αἵ
876 4201 983 4250 ot·
1006 4202 1142 4252 ΝΑ·
1162 4202 1325 4255 actor
1358 4196 1603 4256 civitatis
1634 4195 1900 4257 Romane
1979 4207 2046 4256 29
2105 4206 2173 4254 Α·
2201 4206 2303 4276 Η)
2435 4217 2592 4259 311110
2631 4205 2898 4276 tempore

656 4299 717 4350 12
779 4303 829 4351 Α
856 4303 896 4352 S
1108 4296 1180 4356 ad
1212 4298 1335 4357 suis
1978 4307 2045 4357 30
2104 4286 2206 4357 ᾸῙᾸ
2437 4300 2773 4361 anteaudita

654 4401 718 4452 13
780 4404 849 4452 Α·
882 4405 945 4454 S·
980 4386 1019 4455 I·
1112 4399 1182 4457 ad
1216 4417 1318 4460 sua
1359 4398 1490 4477 lege
1979 4409 2039 4459 31
2103 4388 2205 4460 ss
2236 4410 2272 4458 c
2437 4401 2767 4463 anteaudita
2809 4420 2984 4463 causa

657 4503 719 4552 14
781 4506 848 4554 Α·
874 4505 937 4556 Ξ·
965 4489 1004 4556 I·
1033 4508 1081 4579 f·
1116 4499 1186 4560 ad
1218 4519 1320 4562 sua
1354 4501 1485 4579 lege
1523 4502 1655 4562 l'ecit
1980 4510 2046 4561 32
2074 4506 2205 4583 *ΑΡ
2441 4504 2596 4584 apud

656 4604 718 4654 15
748 4587 872 4656 *Ab
904 4587 923 4656 I
1114 4603 1187 4662 ad
1222 4601 1417 4663 locum
1977 4611 2043 4663 33
2104 4612 2201 4685 ΑΡ
2236 4617 2298 4662 Ν
2441 4604 2594 4685 apud
2629 4623 2738 4666 nos

656 4703 720 4754 16
748 4687 872 4757 *Αὸ
908 4709 938 4778 f
1110 4703 1179 4762 ad
1218 4705 1393 4764 finem
1977 4715 2044 4763 34
2073 4693 2254 4786 *Αῐῖῥ
2437 4707 2694 4787 appellat

657 4805 719 4854 17
749 4791 873 4858 *Ab
906 4788 997 4880 (Ῑὲ
1112 4805 1184 4864 ad
1210 4814 1519 4884 questores
1977 4815 2042 4866 35
2104 4795 2249 4890 Αρἶ)
2307 4821 2368 4866 N
2419 4808 2732 4889 =appettato
2765 4827 2986 4872 nomen
