3434 5442
756 315 876 379 158
1935 314 2162 377 PROBI

854 444 900 485 p.
928 431 1090 474 ωηο
1120 431 1168 471 a.
2915 444 2960 483 ρ.
2989 430 3154 473 aeas-1
3185 430 3240 471 v,

754 505 989 581 generis
1030 502 1121 563 vel
1164 500 1457 581 qualitatis
1502 503 1978 580 pronuntiantur.
2012 498 2039 587 11
2069 521 2210 565 sane
2254 503 2370 562 hoc
2413 520 2756 572 monemus,
2817 502 2978 582 quod
3033 502 3214 564 verba
3254 504 3329 562 in-

756 604 1016 665 choativa
1058 604 1286 683 species
1326 604 1619 683 perfectas
1674 603 1776 681 vel
1808 623 1959 684 quae
2011 612 2228 682 regunt
2270 606 2500 684 species
2541 604 2870 686 perfectae,
2917 606 3065 665 item
3107 612 3330 683 praete·

752 707 929 766 ritum
976 713 1211 783 tempus
1254 705 1415 766 modi
1472 704 1861 786 inpersonalis
1914 704 2004 767 vel
2055 724 2207 785 quae
2250 708 2404 785 regit
2444 708 2828 784 praeteritum
2889 712 3123 785 tempus
3181 706 3329 767 modi

750 807 1141 885 inpersonalis
1182 825 1301 867 non
1346 809 1659 886 recipiunt.

700 938 725 977 5
922 909 1007 970 De
1048 926 1270 987 genere
1316 910 1433 971 sive
1478 908 1754 989 qualitate
1793 910 2233 988 frequentativa.
2292 912 2531 986 generis
2569 910 2692 971 sive
2735 909 3030 989 qualitatis
3059 910 3330 989 frequen·

748 1012 959 1073 tativae
997 1018 1135 1072 sunt
1176 1011 1386 1082 verba,
1434 1030 1583 1091 quae
1628 1031 1661 1071 a
1699 1012 1938 1089 propria
1984 1010 2148 1071 verbi
2203 1012 2632 1087 significatione
2691 1010 3030 1072 derivantur
3089 1020 3151 1072 et
3193 1012 3330 1072 indi-

750 1116 940 1174 cativo
986 1115 1107 1174 sive
1148 1115 1585 1192 pronuntiativo
1628 1112 1805 1173 modo
1862 1113 2145 1191 temporis
2189 1116 2514 1192 praesentis
2555 1114 2674 1174 sive
2719 1115 2989 1174 instantis
3032 1132 3104 1175 ex
3152 1115 3329 1192 prima

748 1232 1005 1292 persona
1050 1217 1286 1276 numeri
1330 1214 1643 1292 singularis
1689 1232 1812 1275 non
1841 1232 1944 1275 sco
1983 1214 2210 1285 litt-eris,
2253 1216 2356 1276 sed
2399 1214 2528 1276 aliis
2556 1214 2922 1295 quibuslibet
2957 1216 3328 1285 definiuntur,

750 1321 816 1375 ut
858 1324 1001 1394 puta
1046 1337 1079 1378 a
1122 1319 1275 1378 iacto
1318 1317 1514 1377 iactito
1534 1362 1549 1387 ‚
1589 1316 1663 1377 ab
1706 1316 1906 1377 scribo
1945 1318 2238 1397 scriptito,
2288 1336 2322 1378 a
2359 1336 2536 1379 curro
2582 1319 2830 1387 cursito,
2890 1338 2925 1379 a
2963 1316 3096 1379 volo
3143 1317 3329 1388 volito,

674 1442 723 1482 ιο
750 1436 782 1477 a
828 1419 981 1479 facio
1024 1418 1252 1481 facesso
1296 1426 1353 1479 et
1397 1419 1613 1479 factito.
1704 1420 1794 1479 sic
1837 1426 1898 1479 et
1935 1417 2042 1479 alia
2089 1417 2295 1489 verba,
2351 1436 2501 1497 quae
2545 1438 2578 1479 a
2622 1421 2864 1497 propria
2905 1419 3072 1481 verbi
3115 1420 3329 1497 signifi-

750 1520 979 1583 catione
1016 1522 1354 1582 derivantur
1398 1530 1455 1581 et
1497 1520 1808 1581 indicatIvo
1851 1521 1972 1581 sive
2017 1522 2452 1598 pronuntiative
2497 1521 2676 1582 modo
2719 1523 3004 1600 temporis
3053 1540 3330 1601 praesen-

748 1623 822 1681 tis
864 1623 984 1683 sive
1035 1624 1300 1683 instantis
1344 1640 1412 1683 ex
1460 1623 1651 1700 prima
1692 1640 1950 1700 persona
1991 1622 2224 1683 numeri
2263 1622 2578 1700 singularis
2621 1640 2740 1683 non
2781 1642 2885 1683 sco
2938 1623 3186 1694 litteris,
3235 1624 3330 1683 sed

749 1722 878 1784 aliis
919 1723 1279 1803 quibuslibet
1322 1724 1697 1793 definiuntur,
1747 1724 1894 1785 haec
1929 1725 2352 1802 frequentativa
2393 1724 2572 1785 verba
2619 1742 2749 1785 esse
2792 1727 3273 1803 pronuntiantur.
3319 1722 3328 1805 Ι

921 1825 1005 1886 De
1050 1843 1269 1904 genere
1324 1827 1447 1887 sive
1492 1826 1770 1904 qualitate
1814 1826 2117 1888 defectiva.
2207 1828 2444 1904 generis
2493 1827 2614 1887 sive
2671 1826 2964 1905 qualitatis
3015 1827 3331 1889 defectivae

674 1954 722 1993 ¹5
749 1932 885 1988 sunt
924 1926 1132 1996 verba,
1192 1936 1255 1989 ut
1298 1934 1439 2005 puta
1484 1928 1580 1988 odi
1623 1927 1808 2006 pudet
1845 1946 2006 1999 sum;
2089 1934 2145 1990 et
2189 1936 2385 1990 cetera
2430 1928 2594 1997 talia,
2657 1947 2808 2007 quae
2851 1930 2914 1991 in
2959 1947 3332 2007 quocumque

748 2028 923 2089 modo
960 2030 1079 2089 sive
1118 2031 1317 2107 specie
1356 2029 1445 2091 vel
1489 2048 1746 2107 persona
1802 2018 1914 2091 nec
1955 2048 2077 2089 non
2116 2032 2178 2091 in
2221 2028 2483 2109 qualibet
2527 2029 2934 2092 declinationis
2973 2038 3148 2109 parte
3191 2031 3330 2092 defi-

746 2132 926 2202 ciunt,
972 2130 1256 2192 defectiva
1298 2131 1477 2192 verba
1523 2150 1651 2192 esse
1696 2134 2170 2209 pronuntiantur.

916 2233 1001 2294 De
1058 2234 1488 2312 coniugatione.
1582 2234 2026 2312 coniugationes
2093 2232 2410 2295 verborum
2467 2234 2690 2295 scilicet
2743 2242 2882 2295 sunt
2933 2241 3082 2307 tres,
3145 2235 3332 2314 prima

742 2336 1001 2397 secunda
1044 2337 1236 2396 tertia.
1324 2335 1429 2396 has
1472 2338 1685 2398 Graeci
1722 2336 2023 2415 synzygias
2063 2334 2376 2414 appellant.

668 2460 719 2499 πο
917 2437 1001 2499 De
1045 2438 1233 2516 prima
1280 2439 1713 2516 coniugatione.
1803 2438 1863 2497 in
1911 2436 2279 2498 neutralibus
2317 2438 2522 2499 activis
2560 2437 2906 2499 inchoativis
2953 2446 3011 2499 et
3053 2440 3334 2519 frequen-

746 2539 931 2599 tativis
992 2537 1219 2607 verbis,
1280 2558 1431 2618 quae
1490 2540 1709 2601 scilicet
1773 2538 2087 2599 indicativo
2145 2542 2266 2607 sive
2323 2540 2760 2618 pronuntiativo
2811 2540 2990 2601 modo
3045 2544 3338 2619 temporis

744 2642 1071 2719 praesentis
1114 2642 1233 2702 sive
1286 2643 1555 2702 instantis
1610 2660 1680 2702 ex
1727 2642 1914 2719 prima
1971 2658 2223 2719 persona
2281 2643 2518 2702 numeri
2559 2640 2873 2719 singularis
2915 2660 2952 2701 o
2994 2640 3190 2704 littera
3233 2644 3336 2705 de-

740 2742 1055 2812 finiuntur,
1098 2748 1240 2803 tunc
1284 2744 1475 2823 prima
1522 2744 1858 2821 coniugatio
1901 2760 2030 2804 esse
2071 2745 2404 2821 reperitur,
2457 2743 2694 2823 quando
2747 2746 2806 2803 in
2837 2740 2866 2826 ΙΙ
2895 2743 3104 2806 eodem
3151 2764 3336 2825 supra

742 2844 899 2905 dicto
962 2845 1140 2906 modo
1206 2864 1386 2925 supra
1432 2846 1592 2907 dicto
1650 2853 1919 2923 tempore
1977 2846 2042 2904 in
2101 2845 2360 2906 secunda
2401 2862 2652 2923 persona
2715 2847 2951 2906 numeri
3017 2846 3337 2926 singularis

664 2966 714 3005 25
743 2954 879 3007 ante
925 2945 1189 3008 ultimam
1247 2955 1667 3009 consonantem
1721 2966 1754 3007 a
1801 2946 2056 3007 litteram
2103 2946 2280 3007 verba
2331 2946 2554 3008 habent
2603 2949 3012 3017 constitutam,
3072 2957 3140 3010 ut
3193 2958 3336 3027 puta

744 3047 979 3128 vapulas
1021 3048 1239 3111 clamas
1282 3048 1550 3111 clamitas
1606 3056 1667 3111 et
1708 3056 1906 3111 cetera
1951 3048 2106 3110 talia.
2195 3056 2256 3109 at
2310 3066 2452 3110 vero
2495 3049 2556 3109 in
2601 3050 2846 3127 passivis
2895 3048 3338 3127 deponentibus

740 3156 797 3211 et
840 3150 1253 3213 communibus
1290 3150 1484 3213 verbis
1525 3159 1667 3212 tunc
1705 3153 1894 3228 prima
1937 3152 2270 3229 coniugatio
2317 3168 2446 3211 esse
2489 3153 2940 3228 pronuntiatur,
2989 3153 3232 3229 quando
3273 3156 3336 3212 in

739 3253 949 3314 eodem
1005 3270 1185 3333 supra
1250 3254 1407 3314 dicto
1473 3254 1653 3313 modo
1716 3272 1897 3331 supra
1945 3254 2100 3314 dicto
2157 3260 2428 3330 tempore
2489 3254 2550 3312 in
2611 3270 2790 3331 supra
2857 3254 3011 3315 dicta
3073 3272 3332 3332 persona

738 3372 916 3434 supra
960 3356 1102 3417 dicti
1149 3358 1386 3416 numeri
1442 3363 1578 3416 ante
1618 3354 1884 3415 ultimam
1936 3354 2219 3435 syllabam
2261 3372 2294 3414 a
2344 3353 2601 3415 litteram
2646 3354 2826 3416 verba
2871 3354 3094 3417 habent
3145 3374 3336 3434 oppo-

660 3474 712 3517 ao
738 3458 929 3527 sitam,
971 3465 1038 3518 ut
1074 3464 1217 3535 puta
1262 3456 1533 3519 clamaris
1577 3458 1915 3519 recordaris
1956 3459 2288 3518 criminaris
2332 3462 2392 3518 et
2436 3464 2631 3517 cetera
2675 3456 2830 3517 talia.

907 3558 992 3620 De
1044 3560 1300 3619 secunda
1358 3560 1786 3634 coniugatione.
1877 3560 1936 3619 in
1990 3558 2358 3621 neutralibus
2423 3559 2624 3619 activis
2689 3559 3034 3620 inchoativis
3091 3568 3154 3621 et
3212 3559 3338 3621 fre-

738 3662 1087 3739 quentativis
1140 3659 1365 3728 verbis,
1420 3678 1571 3740 quae
1628 3660 1851 3721 scilicet
1903 3662 2217 3722 indicativo
2273 3662 2394 3722 sive
2450 3661 2884 3738 pronuntiativo
2947 3661 3128 3721 modo
3177 3669 3338 3723 tem-

735 3763 901 3840 poris
964 3762 1293 3840 praesentis
1360 3764 1481 3823 sive
1546 3763 1818 3823 instantis
1888 3782 1959 3824 ex
2028 3764 2218 3842 prima
2278 3780 2536 3840 persona
2608 3764 2840 3823 numeri
2913 3762 3234 3841 singularis
3297 3783 3340 3824 o

734 3862 925 3923 littera
990 3864 1379 3935 definiuntur,
1448 3872 1591 3925 tunc
1650 3865 1909 3927 secunda
1979 3866 2314 3942 coniugatio
2373 3882 2504 3926 esse
2564 3865 2890 3941 reperitur,
2959 3865 3203 3944 quando
3269 3867 3342 3926 in

656 3974 707 4016 ³⁵
734 3965 941 4026 eodem
989 3984 1167 4046 supra
1212 3966 1369 4027 dicto
1408 3968 1585 4028 modo
1640 3984 1823 4046 supra
1867 3968 2022 4028 dicto
2068 3977 2336 4046 tempore
2377 3968 2439 4025 in
2487 3967 2744 4027 secunda
2789 3984 3046 4046 persona
3089 3968 3344 4029 numeri

733 4068 1047 4146 singularis
1105 4075 1241 4130 ante
1292 4068 1557 4130 ultimam
1618 4076 2041 4131 consonantem
2104 4088 2138 4131 e
2189 4068 2444 4131 litteram
2505 4068 2685 4129 verba
2749 4066 2971 4129 habent
3035 4072 3342 4131 constitu-

732 4178 884 4242 tam,
938 4176 1005 4231 ut
1058 4178 1197 4249 puta
1254 4172 1424 4232 sedes
1476 4171 1638 4232 rides
1690 4178 1751 4233 et
1805 4178 2000 4233 cetera
2053 4170 2206 4232 talia.
2307 4177 2369 4231 at
2415 4188 2556 4233 vero
2608 4172 2668 4230 in
2725 4171 2970 4249 passivis
3019 4170 3344 4250 deponen-

730 4271 889 4333 tibus
952 4282 1009 4334 et
1066 4272 1482 4335 communibus
1536 4272 1733 4334 verbis
1799 4280 1938 4334 tunc
1993 4274 2252 4335 secunda
2309 4274 2642 4351 coniugatio
2695 4292 2826 4335 oese
2881 4276 3340 4351 pronuntiatur,

731 4374 967 4451 quando
1040 4376 1097 4435 in
1168 4375 1375 4436 eodem
1446 4394 1625 4454 supra
1698 4375 1854 4435 dicto
1923 4376 2100 4437 modo
2179 4392 2360 4453 supra
2433 4374 2588 4435 dicto
2659 4382 2930 4454 tempore
3007 4376 3066 4436 in
3139 4394 3342 4455 supra

654 4490 704 4533 ao
732 4475 885 4536 dicta
939 4493 1193 4555 persona
1249 4495 1429 4556 supra
1486 4477 1627 4537 dicti
1670 4479 1902 4538 numeri
1959 4485 2094 4537 ante
2149 4476 2412 4537 ultimam
2469 4475 2750 4555 syllabam
2794 4496 2827 4538 e
2871 4477 3128 4539 litteram
3179 4496 3342 4557 pro-

870 4653 937 4703 10
973 4655 1171 4707 facesso
1207 4657 1254 4707 R
1288 4655 1477 4707 facisso
1515 4656 1566 4704 B
1707 4656 1772 4707 16
1811 4656 2050 4706 deficiunt
2079 4657 2161 4705 Br
2199 4656 2446 4706 definiunt
2482 4656 2528 4707 R
2671 4657 2738 4708 20
2773 4655 3084 4706 inchoativis
3117 4673 3207 4708 om.
3249 4658 3340 4722 B,

727 4722 849 4773 add.
890 4724 965 4773 R.-
1000 4726 1051 4773 in
1088 4726 1259 4776 codioe
1295 4728 1687 4789 superscriptum
1730 4742 1842 4777 esse
1877 4728 2170 4777 adnotatum
2206 4734 2283 4776 est
2313 4729 2365 4775 in
2399 4726 2696 4791 apographo
2905 4725 2970 4777 31
3021 4730 3207 4777 actiuis
3244 4730 3342 4778 in—

728 4792 978 4844 choatiuis
1018 4800 1066 4843 et
1104 4794 1491 4859 frequentatiuis
1526 4798 1575 4847 R
1606 4803 1655 4845 et
1689 4797 1874 4846 actiuis
1909 4796 1962 4847 B
2099 4797 2170 4849 40
2203 4797 2504 4861 productam
2538 4811 2632 4846 om.
2671 4796 2736 4859 R,
2769 4796 2894 4847 add.
2933 4796 2988 4847 B
