3434 5442
954 313 1350 375 INSTITVTA
1388 312 1670 375 ARTIVM
1716 312 2053 375 860-862
2678 316 2799 378 189

341 461 352 472 .
381 430 472 475 ³²⁴.
494 432 546 471 πε»
577 430 628 474 a.
2394 458 2403 469 .
2431 430 2611 473 ⁴³1-ae
2644 430 2698 473 v.

211 444 424 577 gulgris
463 502 690 561 utinam
731 501 1040 578 potuerim,
1087 502 1310 561 utinam
1353 503 1634 580 potueris,
1681 504 1905 563 utinam
1934 504 2224 579 potuerit;
2272 444 2507 563 nuineri
2552 500 2801 580 pluralis

212 604 428 663 utinam
489 604 890 681 potuerimuS,
957 605 1182 663 utinam
1247 604 1583 681 potueritiS,
1655 603 1879 664 utinam
1945 605 2275 680 potuerint:
2352 588 2563 665 eodem
2622 603 2797 663 modo

210 704 416 765 eodem
463 710 732 782 tempore
784 706 982 783 specie
1026 704 1602 783 plusquamperfecta
1661 706 1899 766 numeri
1940 704 2257 783 singularis
2309 707 2531 765 utinam
2576 706 2801 783 potuis·

175 825 346 875 -sem,
395 808 622 867 utinam
668 808 992 885 potuisses,
1039 808 1266 867 utinam
1304 808 1622 885 potuisset;
1681 807 1913 868 numeri
1956 804 2202 884 pluralis
2244 808 2469 867 utinam
2511 806 2799 885 potuisse·

205 926 360 979 mm,
409 910 634 968 utinam
669 909 1036 986 potuissetis,
1083 909 1304 969 utinam
1353 910 1710 986 potuissent:
1747 904 1774 992 Η
1804 908 2011 969 eodem
2056 908 2233 969 modo
2290 916 2555 987 tempore
2598 908 2799 969 futuro
2850 932 2877 973 5

205 1013 440 1071 numeri
490 1008 806 1087 singularis
859 1013 1084 1071 utinam
1131 1010 1383 1087 possim,
1447 1010 1666 1069 utinam
1720 1012 1942 1089 possis,
2000 1010 2225 1071 utinam
2282 1011 2493 1090 possit;
2568 1010 2800 1071 numeri

205 1110 450 1190 pluralis
487 1112 714 1172 utinam·
740 1114 1048 1189 possimus,
1097 1113 1316 1172 utinam
1344 1113 1598 1190 possitis,
1649 1114 1869 1173 utinam
1902 1112 2147 1190 possint.
2226 1113 2402 1173 modo
2432 1114 2801 1174 coniunctivo

205 1223 474 1292 tempore
514 1215 812 1291 praesenti
851 1216 1084 1275 numeri
1129 1212 1444 1291 singularis
1487 1232 1622 1274 cum
1663 1212 1753 1274 vel
1798 1214 1847 1273 si
1890 1215 2131 1291 possim,
2182 1232 2317 1273 cum
2366 1214 2455 1275 vel
2498 1218 2549 1275 si
2588 1216 2796 1294 possiS,

205 1334 336 1376 cum
385 1314 478 1375 vel
526 1314 577 1374 si
619 1316 830 1393 possit;
895 1317 1130 1377 numeri
1173 1313 1420 1393 pluralis
1481 1334 1616 1376 cum
1663 1314 1753 1375 vel
1792 1318 1841 1376 si
1880 1318 2202 1393 possimuS‚
2265 1334 2397 1377 cum
2435 1315 2524 1377 vel
2568 1318 2619 1377 si
2663 1334 2798 1395 pos-

204 1418 338 1487 sitis
391 1435 532 1477 cum
559 1415 651 1477 vel
687 1419 737 1477 si
779 1419 1032 1495 possint:
1082 1417 1289 1477 eodem
1334 1417 1512 1478 modo
1543 1423 1811 1495 tempore
1854 1419 2173 1496 praeterito
2218 1420 2415 1497 specie
2450 1417 2795 1496 imperfecta
2827 1443 2879 1484 ιο

203 1521 440 1581 numeri
482 1518 797 1597 singularis
841 1537 976 1579 cum
1024 1517 1114 1579 vel
1159 1520 1210 1579 si
1251 1536 1510 1597 possem,
1559 1538 1693 1580 cum
1740 1518 1831 1579 vel
1876 1521 1925 1580 si
1974 1538 2209 1600 posseS,
2257 1538 2393 1581 cum
2438 1519 2528 1581 vel
2570 1520 2619 1580 si
2664 1538 2797 1597 pos-

133 1701 138 1705 ,
206 1630 318 1691 set:
363 1623 608 1683 numeri
649 1620 895 1701 pluralis
940 1639 1074 1682 cum
1117 1618 1206 1681 vel
1251 1622 1300 1679 si
1337 1639 1662 1699 possemuS,
1715 1640 1850 1681 cum
1896 1621 1985 1681 vel
2026 1623 2075 1681 si
2120 1625 2389 1699 possetis,
2438 1640 2574 1682 cum
2614 1620 2707 1682 vei
2750 1622 2801 1680 si

203 1730 476 1803 possent:
556 1723 764 1785 eodem
820 1724 997 1783 modo
1057 1722 1266 1785 eodem
1310 1730 1582 1800 tempore
1640 1724 1839 1801 specie
1895 1722 2155 1801 perfecta
2204 1725 2442 1786 numeri
2484 1722 2799 1801 singularis

205 1844 334 1885 cum
377 1823 475 1885 vel
521 1827 570 1887 si
619 1827 948 1903 potuerim,
1015 1842 1150 1885 cum
1193 1823 1286 1885 vel
1329 1826 1378 1883 si
1427 1826 1721 1902 potueriS‚
1787 1843 1920 1885 cum
1967 1824 2059 1885 vel
2102 1826 2151 1885 si
2208 1827 2496 1904 potuerit;
2562 1826 2799 1885 numeri

203 1926 450 2005 pluralis
493 1945 630 1987 cum
669 1924 762 1987 vel
790 1928 840 1987 si
879 1928 1266 2005 potuerimus
1316 1944 1450 1987 cum
1485 1924 1576 1988 vel
1612 1930 1660 1987 si
1707 1928 2033 2005 potueritis,
2082 1946 2219 1988 cum
2255 1927 2344 1988 vel
2372 1928 2420 1987 si
2464 1928 2795 2005 potuerint:
2826 1952 2879 1993 15

205 2030 414 2091 eodem
475 2028 653 2089 modo
717 2028 924 2090 eodem
985 2035 1254 2106 tempore
1312 2030 1514 2107 specie
1572 2026 2148 2107 plusquamperfecta
2210 2030 2439 2090 numeri
2486 2028 2801 2107 singularis

206 2150 332 2193 cum
378 2130 475 2192 vel
513 2132 563 2191 si
605 2132 958 2209 potuissem,
1007 2148 1144 2191 cum
1192 2130 1280 2191 vel
1316 2132 1364 2192 si
1405 2131 1729 2209 potuisseS‚
1778 2148 1912 2191 cum
1953 2130 2045 2191 vel
2089 2133 2138 2190 si
2184 2134 2503 2209 potuisset;
2562 2132 2799 2193 numeri

205 2232 448 2311 pluralis
494 2251 632 2293 cum
677 2231 766 2293 vel
807 2234 863 2293 si
897 2234 1314 2311 potuissemuS,
1363 2252 1498 2294 cum
1538 2232 1630 2293 vel
1675 2234 1727 2293 si
1767 2234 2120 2310 potuissetis
2170 2252 2304 2293 cum
2350 2232 2441 2293 vel
2479 2235 2529 2293 si
2573 2234 2799 2310 potuis·

203 2344 358 2395 sent:
431 2335 642 2395 eodem
690 2334 868 2395 modo
913 2341 1184 2414 tempore
1227 2334 1426 2395 futuro
1485 2335 1718 2395 numeri
1762 2333 2075 2412 singularis
2120 2353 2253 2395 cum
2306 2334 2391 2395 vel
2431 2338 2483 2396 si
2527 2342 2797 2413 potuero,

204 2456 334 2499 cum
375 2437 470 2497 vel
511 2438 566 2497 si
603 2438 898 2515 potueriS,
947 2454 1084 2497 cum
1127 2434 1215 2496 vel
1259 2437 1309 2497 si
1354 2438 1642 2515 potuerit;
1712 2438 1946 2497 numeri
1988 2436 2235 2515 pluralis
2281 2455 2417 2497 cum
2460 2436 2551 2498 vel
2594 2438 2644 2497 si
2687 2455 2794 2516 po·
2822 2460 2875 2500 2⁰

201 2541 510 2610 tuerimuS,
556 2556 688 2599 cum
733 2536 824 2599 vel
863 2537 912 2597 si
957 2539 1288 2617 potueritis,
1337 2556 1472 2598 cum
1519 2538 1608 2600 vel
1654 2540 1702 2599 si
1747 2540 2070 2618 potuerint.
2160 2538 2233 2601 ab
2280 2540 2396 2601 hoc
2442 2539 2623 2601 verbo
2662 2558 2797 2618 par-

203 2642 468 2720 ticipium
532 2641 600 2701 fit
640 2640 968 2719 praesentis
1023 2640 1307 2718 temporis
1363 2647 1595 2719 potens.
1685 2658 1847 2701 nunc
1902 2641 2016 2702 hoc
2060 2659 2401 2711 monemus,
2470 2642 2631 2719 quod
2684 2642 2801 2701 hoc

203 2743 452 2804 verbum
492 2748 554 2803 et
595 2760 730 2802 cum
775 2742 1202 2819 compositione
1247 2761 1352 2805 sua
1397 2742 1472 2803 ad
1516 2759 1697 2820 supra
1734 2744 2015 2821 scriptam
2060 2744 2311 2807 sormam
2350 2742 2699 2805 declinatur.

369 2845 532 2905 Fero
579 2843 824 2905 verbum
876 2843 1246 2911 defectivum
1277 2844 1588 2905 indicativo
1637 2844 1817 2905 modo
1870 2844 2089 2905 dictum
2136 2846 2419 2924 temporis
2469 2847 2798 2924 praesentis

203 2950 436 3009 numeri
475 2933 803 3024 singularis
831 2941 1076 3029 fiflgurae
1114 2946 1394 3025 simplicis
1429 2965 1723 3025 personae
1768 2948 2011 3025 primae,
2064 2946 2220 3025 quod
2266 2946 2654 3009 declinabitur
2690 2948 2792 3007 sic.
2822 2968 2875 3010 as

203 3050 376 3112 modo
427 3049 740 3110 indicativo
783 3054 1050 3126 tempore
1094 3050 1391 3126 praesenti
1427 3049 1660 3109 numeri
1697 3048 2013 3125 singularis
2053 3048 2180 3109 fero
2222 3050 2343 3111 fers
2385 3048 2517 3119 fert,
2564 3050 2797 3109 numeri

202 3150 448 3229 pluralis
491 3150 739 3211 ferimus
781 3150 970 3210 feritis
1013 3150 1241 3211 ferunt:
1287 3150 1498 3211 eodem
1543 3150 1721 3211 modo
1768 3158 2035 3231 tempore
2082 3153 2401 3230 praeterito
2445 3152 2643 3229 specie
2686 3153 2797 3211 im-

201 3255 466 3333 perfecta
507 3243 1090 3327 numeri'singularis
1134 3251 1398 3314 ferebam
1439 3252 1674 3313 ferebas
1713 3252 1957 3322 ferebat,
2004 3254 2237 3314 numeri
2281 3251 2525 3332 pluralis
2564 3251 2799 3315 fereba-

203 3374 333 3415 mus
365 3353 652 3415 l'erebatis
683 3352 984 3415 ferebant:
1031 3354 1242 3415 eodem
1271 3355 1451 3417 modo
1495 3355 1706 3417 eodem
1737 3363 2007 3434 tempore
2050 3356 2245 3434 specie
2275 3357 2537 3434 perfecta
2566 3355 2797 3415 numeri

202 3456 520 3537 singularis
547 3454 657 3517 tuli
685 3454 872 3517 tulisti
903 3454 1050 3526 tulit,
1094 3459 1329 3518 numeri
1361 3455 1606 3535 pluralis
1647 3455 1890 3519 tulimus
1928 3456 2137 3518 tulistis
2168 3456 2433 3519 tulerunt
2458 3456 2551 3519 vel
2578 3457 2795 3518 tulere:
2823 3478 2875 3519 ao

201 3560 410 3620 eodem
469 3557 649 3619 modo
709 3558 920 3619 eodem
972 3566 1241 3639 tempore
1301 3561 1498 3637 specie
1537 3558 2134 3639 ‘plusquamperfecta
2200 3564 2433 3623 numeri
2485 3560 2801 3638 singularis

203 3661 456 3723 tuleram
501 3659 724 3722 tuleras
754 3660 986 3731 tulerat,
1033 3663 1269 3723 numeri
1296 3660 1540 3740 pluralis
1583 3661 1905 3724 tuleramus
1948 3662 2215 3734 tuleratis
2256 3662 2543 3724 tulerant:
2588 3662 2801 3723 eodem

203 3764 376 3825 modo
425 3770 696 3841 tempore
741 3763 942 3824 futuro
988 3764 1108 3825 sive
1155 3763 1505 3842 promissivo
1551 3764 1729 3825 modo
1778 3767 2014 3825 numeri
2054 3764 2369 3844 singularis
2412 3766 2600 3827 seram
2646 3767 2801 3827 seres

203 3867 380 3936 feret,
453 3867 689 3927 numeri
733 3863 976 3943 pluralis
1025 3866 1290 3927 feremus
1343 3866 1544 3925 feretis
1601 3866 1811 3927 serent.
1842 3864 1869 3949 ΙΙ
1900 3867 2078 3927 modo
2128 3869 2473 3946 imperativo
2531 3876 2799 3946 tempore

202 3970 506 4045 praesenti
563 3967 635 4028 ad
675 3965 996 4029 secundam
1047 3975 1105 4029 et
1153 3969 1388 4029 tertiam
1438 3985 1755 4045 personam
1797 3974 2025 4029 tantum
2076 3972 2310 4030 numeri
2350 3969 2663 4048 singularis
2708 3969 2799 4030 fer
2824 3986 2876 4028 ³³

201 4070 388 4141 serat,
443 4071 682 4131 numeri
729 4068 972 4149 pluralis
1027 4069 1178 4131 ferte
1222 4070 1446 4133 serant:
1517 4067 1726 4129 eodem
1770 4069 1947 4129 modo
2004 4081 2271 4149 tempore
2322 4072 2521 4132 tuturo
2566 4071 2801 4131 numeri

203 4172 518 4249 singularis
563 4172 716 4233 ferto
749 4172 922 4240 ferto,
971 4174 1206 4233 numeri
1233 4170 1476 4251 pluralis
1505 4172 1720 4232 fertote
1753 4170 2008 4233 serunto.
2070 4172 2249 4233 modo
2276 4173 2505 4237 infinito
2534 4173 2801 4233 numeris

205 4285 262 4333 et
311 4275 585 4354 personis
641 4274 902 4335 confusis
961 4282 1228 4353 tempore
1283 4274 1578 4353 praesenti
1635 4272 1827 4345 ferre,
1884 4282 2153 4353 tempore
2201 4274 2521 4353 praeterito
2579 4272 2796 4343 tulisse,

205 4383 474 4454 tempore
517 4376 718 4437 futuro
775 4375 962 4437 latum
1003 4378 1112 4437 ire.
1201 4376 1380 4437 modo
1426 4377 1680 4453 optativo
1740 4385 2007 4455 tempore
2046 4378 2344 4455 praesenti
2404 4376 2638 4437 numeri
2678 4376 2799 4437 sin-

205 4478 426 4555 gularis
469 4479 698 4539 utinam
731 4479 952 4547 feram,
1001 4480 1226 4541 utinam
1271 4479 1460 4550 ferae,
1503 4480 1731 4538 utinam
1774 4478 1955 4548 feram
2012 4481 2248 4539 numeri
2290 4476 2536 4557 pluralis
2576 4478 2797 4539 utinam
2825 4494 2879 4535 ιο

345 4724 412 4777 23
449 4733 498 4775 et
528 4740 643 4776 curn
679 4741 710 4775 r
745 4734 823 4775 est
855 4741 968 4776 cum
998 4727 1043 4778 R
1081 4736 1130 4777 et
1156 4726 1208 4777 B
1392 4726 1678 4777 declinatur
1712 4742 1745 4775 r
1778 4726 2099 4776 declinantur
2128 4725 2232 4778 RB
2444 4728 2511 4777 27
2554 4726 2717 4777 feritis
2754 4728 2800 4778 R

209 4794 356 4845 fertis
393 4795 568 4851 Maius
602 4804 652 4847 et
675 4814 704 4847 v
