3434 5442
932 298 1330 361 lNSTlTvTA
1374 298 1657 361 ARTIVM
1699 297 2035 361 713—728
2653 296 2769 357 153

292 428 329 468 p.
353 416 439 456 m.
459 415 513 457 so
540 416 595 457 n.
2349 426 2392 468 p.
2419 413 2510 454 379.
2531 413 2584 453 so
2616 413 2670 453 v.

208 496 361 563 tango
400 488 623 547 tactim.
712 487 799 547 sic
838 492 897 547 et
930 485 1042 547 alia
1081 485 1355 547 adverbia
1400 506 1470 547 ex
1507 486 1705 547 verbis
1753 486 1954 548 venire
1993 488 2390 564 reperiuntur.
2481 485 2585 546 sed
2625 484 2772 545 haec

208 591 353 669 quae'
387 591 503 649 siut
552 588 766 658 verba,
825 607 975 668 quae
1030 589 1115 647 sic
1170 606 1241 648 ex
1300 606 1363 649 se
1421 588 1696 649 adverbia
1751 588 1997 658 faciant,
2053 590 2112 649 in
2168 590 2330 648 sonis
2384 574 2772 667 conpetenter

208 692 579 753 tractabimus.
670 707 831 751 nune
886 692 1167 771 quoniam
1229 708 1407 771 quem
1463 690 1535 750 ad
1592 691 1834 752 modum
1897 689 1968 751 ab
2029 690 2152 751 aliis
2205 691 2444 751 veniant
2495 688 2770 751 adverbia

206 795 729 863 demonstravitum,
774 800 832 853 et
870 793 1003 854 ideo
1048 794 1163 852 iam
1210 799 1269 853 et
1314 811 1491 873 quem
1538 792 1609 853 ad
1652 792 1896 853 modum
1943 812 2014 853 ex
2057 812 2122 855 se
2165 794 2309 854 fiant
2349 792 2684 854 doceamus,

350 896 433 957 De
472 893 769 957 adverbiis
814 914 963 975 quae
1004 913 1075 955 ex
1120 912 1185 954 se
1220 895 1387 955 flunt.
1480 913 1553 956 ex
1597 912 1662 955 se
1710 896 1860 955 fiunt
1897 894 2202 965 adverbia,
2264 896 2536 975 quotiens
2593 894 2771 971 origi·
2823 920 2848 957 ε,

200 1018 319 1060 nem
362 996 589 1059 scilicet
633 995 874 1057 alterius
908 998 1095 1075 partis
1139 998 1421 1057 orationis
1464 995 1687 1057 habere
1733 1014 1853 1056 non
1899 998 2308 1074 reperiuntur,
2357 1002 2420 1055 ut
2456 1002 2596 1072 puta
2641 1012 2774 1056 rur·

201 1120 313 1161 sum
343 1100 625 1161 deorsum
670 1098 1089 1178 pedetemptim
1128 1099 1363 1176 penitus
1410 1099 1567 1160 unde
1607 1096 1768 1159 illico
1814 1117 1952 1158 mox
1992 1106 2050 1159 et
2079 1106 2274 1159 cetera
2307 1097 2456 1158 talia.
2519 1115 2773 1178 quorum

199 1202 461 1282 quoniam
511 1200 755 1280 longum
808 1209 897 1261 est
952 1218 1309 1279 percurrere
1361 1197 1675 1268 voeabula,
1747 1210 1806 1260 et
1864 1200 1996 1261 ideo
2053 1200 2170 1260 boc
2226 1200 2654 1277 praecipimus,
2713 1204 2779 1259 ut

197 1320 591 1384 quaecumque
646 1320 787 1382 pars
838 1304 1119 1363 orationis
1174 1320 1367 1381 neque
1419 1320 1527 1379 per
1583 1320 1756 1363 casus
1814 1320 2009 1382 neque
2064 1320 2172 1380 per
2229 1301 2436 1361 modos
2491 1299 2774 1361 declinari

198 1413 391 1483 potest,
434 1406 541 1467 sed
586 1423 699 1466 nec
740 1404 813 1465 ad
858 1406 1325 1483 praepositiones
1368 1403 1455 1464 vel
1496 1405 1944 1464 coniunctiones
1993 1405 2112 1465 sive
2151 1404 2592 1463 interiectiones
2637 1398 2852 1481 per-10

200 1509 347 1576 tinet,
388 1506 736 1569 adverbium
782 1513 1085 1568 remaneat
1126 1522 1369 1567 necesse
1414 1514 1519 1566 est.

348 1610 502 1671 Sunt
544 1608 848 1677 adverbia,
898 1624 1051 1685 quae
1094 1614 1151 1668 et
1197 1607 1442 1669 aliarum
1478 1606 1736 1686 partium
1782 1608 2063 1669 orationis
2104 1606 2362 1668 babeant
2395 1607 2774 1685 significatio-

198 1730 345 1779 nem,
402 1719 470 1771 ut
521 1719 665 1789 puta
722 1728 841 1790 quo
897 1728 1131 1790 quoque
1185 1726 1399 1787 magne
1450 1710 1679 1771 doctius
1733 1716 2019 1789 quantum
2071 1712 2188 1770 cito
2243 1716 2301 1769 et
2353 1716 2546 1770 cetera
2604 1708 2772 1776 talia3

200 1820 249 1872 et
282 1814 415 1875 ideo
468 1812 589 1874 hoc
647 1830 989 1880 monemus,
1046 1813 1206 1891 quod
1261 1818 1404 1874 tunc
1462 1812 1611 1873 haec
1661 1812 2120 1890 pronuntiantur
2176 1811 2481 1882 adverbia,
2537 1811 2774 1892 quando

200 1933 369 1993 neque
419 1915 497 1975 ad
553 1931 753 1975 casum
818 1932 991 1975 suum
1057 1932 1253 1995 neque
1314 1916 1385 1977 ad
1443 1932 1630 1993 genus
1694 1932 1890 1994 neque
1963 1932 2106 1974 cum·
2153 1915 2586 1993 praepositione
2634 1932 2852 1991 pro-15

200 2017 469 2087 seruntur,
516 2023 755 2095 utputa
794 2018 947 2095 ‘quo
978 2017 1099 2076 is‘3'
1148 2023 1251 2076 ‘tu
1288 2034 1525 2097 quoque
1570 2017 1762 2085 ieris'‚
1808 2018 2055 2092 ‘magne
2096 2016 2290 2084 dixit',
2340 2016 2606 2077 ‘doctius
2638 2032 2774 2093 pro-

198 2119 521 2188 nuntiavit',
572 2123 891 2197 ‘quantum
928 2118 1264 2196 temporis'‚
1309 2118 1460 2179 ‘eito
1508 2120 1717 2179 venit’.
1759 2116 1772 2199 Ι
1809 2118 1894 2178 sic
1936 2123 1995 2179 et
2035 2125 2232 2179 cetera
2268 2116 2436 2185 talia,
2483 2135 2664 2195 quae,
2711 2124 2777 2176 ιιι

200 2220 463 2289 diximus,
512 2238 709 2300 neque
753 2220 825 2281 ad
864 2238 1065 2281 casum
1110 2238 1283 2281 suum
1327 2238 1520 2299 neque
1564 2219 1635 2279 ad
1674 2237 1864 2297 genus
1923 2238 2116 2299 neque
2161 2238 2294 2280 cum
2341 2220 2774 2297 praepositione

199 2322 595 2400 proferuntur,
666 2320 945 2383 adverbia
1012 2322 1452 2400 pronuntianda
1520 2330 1671 2382 sunt.
1763 2326 1822 2380 at
1881 2339 2019 2381 vero
2081 2322 2316 2401 quando
2381 2320 2531 2383 haec
2597 2338 2775 2399 supra

198 2426 395 2502 scripta
436 2420 741 2507 vocaflbula
788 2425 859 2487 ad
904 2442 1102 2486 casum
1142 2440 1313 2484 suum
1353 2423 1443 2485 vel
1484 2424 1555 2485 ad
1590 2440 1780 2501 genus
1821 2425 1940 2484 sive
1981 2442 2116 2485 cum
2160 2425 2594 2502 praepositione
2634 2440 2772 2500 pro·
2801 2440 2855 2480 πο

198 2526 483 2596 ieruntur,
534 2527 595 2588 id
640 2527 801 2605 quod
840 2526 1175 2603 significant
1218 2523 1560 2604 appellanda
1606 2534 1771 2595 sunt,
1825 2534 1891 2587 ut
1935 2533 2076 2605 puta
2126 2526 2200 2587 de
2244 2544 2392 2604 quo,
2439 2544 2472 2585 a
2519 2542 2774 2603 quoque,

200 2628 415 2707 ‘magne
446 2628 649 2699 Mars’‚
686 2628 939 2689 ‘doctius
970 2628 1272 2696 officium'‚
1315 2631 1619 2706 ‘quantum
1650 2629 1886 2697 virum’‚
1923 2629 2066 2689 ‘cito
2099 2630 2314 2689 venio’.
2376 2630 2462 2687 sic
2491 2633 2550 2688 et
2581 2632 2779 2687 cetera

200 2730 345 2800 tatia,
390 2748 575 2809 quae,
622 2737 689 2791 ut
731 2730 1012 2800 diximuS‚
1060 2730 1132 2792 ad
1178 2748 1379 2790 casum
1424 2747 1596 2790 suum
1641 2728 1732 2790 vel
1775 2729 1848 2791 ad
1891 2748 2079 2807 genus
2133 2732 2252 2792 sive
2298 2749 2431 2791 cum
2474 2732 2776 2808 praeposi·

198 2834 339 2893 tione
382 2833 799 2911 proferuntur,
844 2832 899 2891 id
944 2832 1101 2911 quod
1144 2832 1475 2909 significant
1518 2831 1862 2911 appellanda
1910 2842 2066 2893 sunt.

350 2934 661 2995 Adverbiis
704 2934 918 2995 accidit
962 2936 1322 3013 comparatio
1368 2934 1551 3010 figura
1594 2940 1828 3013 tempus
1873 2934 2234 3011 significatio.
2801 2946 2852 2988 25

350 3037 433 3097 De
480 3038 943 3114 comparatione.
1034 3038 1395 3113 comparatio
1440 3034 1735 3097 adverbiis
1779 3054 1887 3113 per
1922 3036 2140 3114 gradus
2184 3036 2579 3096 conlationum
2623 3036 2775 3095 acci-

200 3139 275 3198 dit
313 3140 394 3200 sic
438 3141 523 3199 uti
564 3144 623 3198 et
666 3138 1026 3199 nominibus.
1113 3138 1332 3216 gradus
1370 3137 1786 3199 adverbiorum
1843 3146 1980 3199 sunt
2023 3149 2176 3207 tres,
2232 3140 2316 3198 sio
2356 3140 2444 3198 uti
2487 3145 2545 3197 et
2588 3138 2779 3197 nomi-

200 3258 346 3310 num,
390 3241 709 3319 positivus,
758 3241 857 3318 qui
903 3246 962 3301 et
1004 3237 1337 3310 absolutuS,
1376 3242 1838 3317 comparativus,
1891 3239 2297 3317 superlativus.
2390 3238 2462 3299 de
2507 3241 2779 3319 positivo.

200 3344 463 3419 positivus
524 3344 645 3403 sive
703 3340 1005 3403 absolutus
1050 3343 1269 3421 gradus
1330 3342 1744 3403 adverbiorum
1809 3340 2038 3403 duabus
2095 3341 2186 3401 bis
2239 3341 2446 3403 formis
2504 3341 2782 3404 definitur

200 3450 429 3511 tantum,
478 3464 513 3504 e
558 3452 621 3505 et
654 3462 741 3513 er,
787 3450 855 3505 ut
894 3450 1035 3522 puta
1080 3444 1251 3506 docte
1296 3445 1621 3523 prudenter
1666 3450 1726 3505 et
1766 3451 1962 3505 cetera
1991 3444 2148 3505 talia.
2239 3442 2312 3504 de
2355 3446 2774 3524 comparativo.
2805 3456 2858 3497 ³⁰

201 3548 621 3624 eomparativus
656 3545 878 3623 gradus
924 3545 1339 3607 adverbiorum
1385 3564 1501 3607 una
1548 3546 1658 3606 hae
1706 3547 1894 3607 forma
1941 3548 2214 3609 definitur
2253 3554 2514 3617 tantum,
2561 3547 2668 3615 ius,
2717 3536 2784 3607 ut

200 3655 323 3724 puta
354 3648 591 3709 doctius
636 3654 695 3709 et
736 3656 931 3708 cetera
967 3647 1123 3709 talia.
1210 3648 1283 3708 de
1322 3647 1698 3726 superlativo.
1789 3648 2178 3726 superlativus
2219 3647 2438 3725 gradus
2475 3648 2779 3709 adverbio-

200 3766 317 3809 rum
352 3768 471 3811 una
517 3750 633 3811 bae
676 3751 867 3811 forma
911 3749 1189 3809 definitur
1228 3756 1475 3819 tantum,
1524 3769 1574 3820 e,
1618 3756 1683 3810 ut
1724 3762 1862 3828 puta
1901 3751 2238 3811 doctissime
2283 3758 2342 3810 et
2379 3756 2577 3811 cetera
2619 3750 2778 3812 talia.

200 3868 323 3913 sane
362 3852 731 3931 comparatio
790 3850 903 3912 illis
947 3852 1243 3912 adverbiis
1297 3852 1539 3922 accidit,
1598 3870 1750 3930 quae
1793 3872 1824 3913 a
1872 3850 2214 3913 nominibus
2265 3854 2508 3912 veniunt
2560 3852 2784 3914 scilicet

201 3952 573 4030 appellativis;
647 3960 705 4014 et
760 3959 897 4013 tune
946 3952 1095 4013 haee
1152 3953 1425 4015 adverbia
1484 3955 1916 4033 comparativos
1969 3951 2060 4014 vel
2114 3952 2504 4031 superlativos
2557 3954 2778 4031 gradus
2807 3962 2859 4003 ³⁵

200 4057 505 4134 recipiunt.
574 4056 814 4134 quando
856 4062 913 4117 et
957 4057 1083 4134 ipsa
1124 4058 1360 4139 nomina
1419 4057 1576 4118 unde
1634 4056 1908 4115 oriuntur
1966 4058 2398 4133 comparativos
2439 4054 2531 4115 vel
2573 4074 2782 4135 super·

200 4155 389 4217 lativos
430 4157 657 4236 gradus
700 4159 973 4236 recipere
1019 4166 1297 4235 possunt,
1357 4158 1581 4219 scilicet
1620 4159 1930 4235 quoniam,
1986 4158 2072 4218 sic
2116 4159 2200 4216 uti
2244 4158 2304 4216 in
2344 4159 2784 4236 comparatione

201 4262 491 4319 nominum
544 4260 887 4330 docuimuS,
952 4278 1070 4319 non
1125 4260 1319 4320 omnia
1381 4262 1618 4320 nomina
1675 4258 1900 4320 seilicet
1957 4256 2299 4337 appellativa
2355 4262 2783 4338 comparativos

200 4370 251 4419 et
284 4360 679 4440 superlativos
722 4361 939 4438 gradus
978 4364 1249 4440 recipere
1294 4369 1576 4441 possunt;
1642 4368 1700 4422 et
1755 4361 1888 4422 ideo
1941 4361 2056 4420 hoc
2105 4378 2445 4429 monemus,
2492 4368 2588 4431 ut,
2635 4379 2784 4441 quos

328 4566 351 4615 1
391 4572 553 4631 tango
592 4566 768 4615 tactim
808 4565 853 4615 R
890 4572 1064 4630 tamgo
1099 4567 1314 4631 tamgim
1344 4567 1397 4617 B
1526 4566 1559 4617 3
1598 4567 1928 4617 tractabimus
1963 4582 1995 4615 r
2031 4564 2364 4614 tractauimus
2397 4564 2498 4616 RB
2601 4566 2636 4617 6
2673 4582 2785 4616 rur-

202 4648 301 4682 sum
334 4636 577 4683 deorsum
608 4635 653 4684 R
694 4649 899 4684 sursum
933 4649 1171 4686 suorsum
1206 4636 1259 4685 B
1428 4637 1487 4687 ll
1527 4637 1828 4687 adueruium
1860 4637 1906 4687 R
1939 4635 2198 4685 aduerbiis
2234 4634 2288 4684 B
2428 4636 2492 4685 17
2534 4638 2676 4685 uenit
2707 4637 2784 4686 sio

203 4712 247 4751 et
278 4712 441 4753 cetera
476 4723 505 4755 υ
542 4705 685 4754 uenit
720 4706 801 4754 sio
834 4713 1003 4755 cetera
1036 4722 1067 4753 r
1112 4708 1301 4757 uenisti
1338 4717 1506 4757 cetera
1536 4708 1583 4758 R
1758 4708 1826 4757 22
1865 4707 2016 4755 uenio
2051 4706 2100 4755 R
2131 4706 2308 4756 uenito
2341 4722 2373 4755 r
2408 4712 2561 4755 uento
2595 4705 2648 4755 B

202 4772 261 4823 39
296 4782 345 4823 et
370 4774 717 4840 superlativus
747 4790 839 4826 om·
876 4774 941 4835 R,
976 4775 1099 4825 add.
1132 4775 1183 4823 B
