3434 5442
671 331 795 394 526
1802 325 2108 408 [sensu]

775 434 807 477 s.
837 435 886 475 57
914 435 1009 475 coa.
1038 433 1142 476 μιν.
2840 449 2888 490 p.
2914 437 3007 480 ωε.
3034 437 3085 478 τι
3113 435 3169 478 v,

668 501 944 594 primitur
986 523 1086 576 aut
1127 513 1475 575 sublimatur
1517 516 1580 575 in
1603 520 1879 592 acutum.
1970 513 2295 576 crassitudo
2339 521 2537 576 autem
2577 517 2641 577 in
2684 517 2897 596 spiritu
2940 525 3047 588 est,
3090 516 3242 578 unde

671 618 844 678 etiam
901 615 1116 676 Graeci
1169 616 1622 697 adspirationem
1678 614 2007 696 appellant:
2050 613 2079 700 ss
2128 635 2266 678 nam
2320 635 2529 679 omnes
2568 635 2743 680 voces
2785 626 2886 680 aut
2930 619 3239 700 aspirando

669 718 922 780 facimus
965 718 1332 799 pinguiores,
1379 725 1480 780 aut
1521 719 1650 780 sine
1693 719 1954 799 aspiratu
1996 719 2435 799 pronuntiando
2478 709 2797 783 tenuiores.

836 819 1004 892 Quod
1069 820 1142 880 ad
1187 821 1426 882 Latinos
1489 827 1767 882 accentus
1837 822 2071 892 attinet,
2138 823 2261 884 sive
2322 823 2563 884 stativos
2618 840 2721 884 seu
2778 821 3238 894 commutabiles,

591 941 617 980 ⁵
671 923 814 983 satis
859 921 1100 982 dictum.
1190 941 1348 984 nunc
1394 930 1458 984 ut
1501 923 1844 984 divisionem
1890 923 2332 1003 tripertivimus,
2380 934 2649 1005 superest
2690 924 3027 996 ostendere,
3074 943 3241 1006 quem

665 1042 836 1086 usum
881 1023 1192 1104 prosodiae
1247 1026 1402 1085 circa
1447 1025 1670 1087 Graeca
1730 1025 1968 1086 nomina
2024 1023 2245 1086 hahere
2302 1025 2639 1089 debeamus.
2724 1028 2785 1087 in
2838 1045 2955 1108 qua
2998 1045 3070 1088 re
3112 1045 3241 1088 cum

665 1125 989 1206 plurimum
1035 1133 1298 1198 erretur,
1358 1127 1448 1188 via
1491 1136 1690 1188 tamen
1738 1136 1827 1188 est
1879 1126 2193 1188 amovendi
2235 1129 2460 1190 erroris
2502 1128 2876 1200 brevissima,
2934 1130 3053 1190 nisi
3094 1129 3241 1189 sorte

667 1231 797 1309 quis
843 1247 916 1290 eo
961 1228 1266 1290 demersus
1308 1230 1620 1306 inperitiae
1665 1236 1780 1300 est,
1827 1236 1893 1290 ut
1933 1229 1997 1289 in
2023 1228 2249 1290 Graeca
2280 1229 2617 1314 nostrasque
2658 1229 2859 1310 lingua
2904 1233 3029 1292 toni
3074 1229 3240 1290 simul

665 1339 726 1391 et
788 1329 1038 1392 clinatus
1103 1329 1423 1391 discrimen
1487 1332 1741 1410 ignoret.
1832 1350 1967 1392 nam
2032 1349 2169 1392 cum
2224 1333 2431 1411 primis
2484 1332 2546 1393 id
2600 1334 2876 1394 convenit
2928 1333 3239 1412 dispicere,

589 1447 638 1488 ιο
663 1433 936 1496 Latinum
991 1451 1220 1494 merum
1276 1433 1351 1494 sit
1407 1451 1650 1502 nomen,
1707 1452 1785 1495 an
1828 1451 2060 1495 merum
2106 1434 2431 1504 Graecum,
2478 1450 2553 1494 an
2596 1436 2771 1496 etiam
2814 1436 2971 1496 inter
3016 1443 3239 1496 utrum-

663 1554 778 1616 que
823 1553 1154 1596 commune.
1216 1553 1468 1615 quorum
1515 1535 1588 1596 de
1632 1534 1880 1614 singulis
1923 1553 2031 1596 suo
2075 1536 2283 1598 ordine
2326 1534 2769 1616 explicabimus.
2828 1555 2991 1598 mera
3040 1535 3239 1598 Latina

665 1637 1009 1718 appellanda
1053 1644 1192 1698 sunt
1245 1635 1459 1716 quibus
1505 1655 1615 1697 nec
1659 1638 1828 1716 origo
1872 1653 1985 1698 nec
2030 1637 2343 1700 declinatio
2402 1657 2435 1700 a
2480 1639 2724 1702 Graecia
2768 1646 2859 1700 est
2900 1656 3017 1699 nec
3060 1637 3237 1699 ullum

663 1740 810 1802 adeo
855 1759 989 1804 cum
1033 1740 1368 1819 peregrinis
1412 1741 1864 1810 commercium,
1910 1749 1977 1801 ut
2005 1740 2146 1802 Cato
2186 1739 2397 1820 aquila.
2458 1758 2608 1820 quae
2650 1759 2767 1820 quo
2810 1748 3063 1802 accentu
3107 1741 3239 1802 effe-

663 1842 847 1903 renda
891 1843 1041 1912 sint,
1101 1843 1410 1921 superiora
1453 1841 1784 1911 declarant,
1841 1841 2283 1921 cavendumque
2341 1843 2457 1904 hoc
2498 1861 2712 1914 unum,
2758 1859 3013 1924 nequem
3064 1843 3239 1904 Grae-

585 1957 638 2000 ιε
669 1962 874 2005 corum
922 1944 1228 2005 nominum
1272 1941 1594 2004 similitudo
1637 1962 1670 2004 a
1713 1945 2097 2023 praescriptis
2140 1943 2360 2022 regulis
2404 1943 2683 2015 deducat,
2739 1952 2807 2006 ut
2858 1945 3049 2024 siquis
3092 1943 3241 2004 dicat

663 2045 924 2125 cuspidis
979 2063 1198 2107 acuens
1254 2047 1516 2125 quamvis
1571 2044 1813 2106 brevem
1871 2044 2318 2126 paenultimam,
2376 2064 2449 2107 eo
2504 2046 2568 2106 in
2622 2044 2893 2108 fraudem
2946 2045 3235 2116 inductus,

663 2147 818 2228 quod
875 2147 1246 2226 quorundam
1315 2146 1502 2208 simile
1561 2156 1650 2208 est
1721 2147 2115 2220 Graecorum,
2174 2157 2239 2209 ut
2294 2146 2596 2227 Phyllidos
2646 2147 2919 2216 Aulides,
2984 2151 3239 2228 quaein

659 2249 1020 2330 paenultima
1076 2249 1244 2312 brevi
1297 2261 1618 2320 acuuntur,
1690 2268 1824 2309 cum
1880 2251 2078 2330 potius
2150 2248 2410 2329 cuspidis
2466 2251 2633 2329 quasi
2688 2249 2929 2311 cassidis
2981 2249 3238 2329 Tigridis

658 2337 828 2414 isidis
883 2351 1150 2413 Thetidis
1203 2349 1583 2430 Thy‘mbridis
1639 2350 1961 2432 Daphnidis
2014 2352 2205 2431 prima
2260 2359 2431 2414 acuta
2476 2350 2897 2431 proferendum
2942 2352 3053 2422 sit,
3110 2352 3238 2432 quia

585 2468 636 2512 πο
661 2453 858 2516 brevis
903 2462 993 2516 est
1035 2453 1394 2535 paenultima
1424 2453 1669 2514 Graeca.
1742 2453 1967 2515 Graeca
2012 2464 2207 2514 autem
2252 2471 2415 2514 mera
2460 2461 2599 2515 sunt
2640 2472 2791 2534 quae
2836 2462 2896 2514 et
2938 2471 2971 2514 e
3016 2452 3238 2514 Graeco

658 2557 822 2618 fonte
867 2562 1108 2618 manant
1151 2565 1210 2616 et
1251 2557 1332 2618 ita
1373 2573 1484 2635 per
1529 2573 1700 2618 casus
1728 2573 2127 2635 numerosque
2156 2554 2450 2617 clinantur
2496 2554 2639 2636 [hoc
2684 2561 2773 2616 est
2816 2553 3237 2636 declinantur}

659 2667 726 2721 ut
768 2676 1090 2737 numquam
1145 2657 1219 2718 ab
1265 2657 1492 2737 origine
1553 2675 1658 2719 sua
1703 2675 1815 2718 nec
1858 2657 2089 2718 litterae
2134 2656 2369 2737 quidem
2417 2659 2593 2719 unius
2636 2658 3103 2719 commutatione
3143 2657 3239 2718 de-

661 2761 893 2822 cedant.
982 2760 1130 2821 haec
1173 2761 1237 2820 in
1281 2758 1642 2822 carminibus
1686 2769 1995 2840 poetarum
2040 2760 2255 2840 passim
2301 2760 2711 2840 reperiuntur,
2755 2765 2822 2820 ut
2865 2761 2928 2820 in
2971 2759 3070 2820 his
3098 2759 3237 2820 Ver-

593 2923 610 2940 ,
659 2862 814 2942 gilii,
863 2868 1208 2943 ‘quorum
1267 2860 1462 2923 alter
1526 2863 1905 2923 Acarnan’
1972 2870 2032 2922 et
2098 2861 2493 2922 ‘fatidicae
2560 2860 2883 2922 Mantus’
2945 2881 3003 2922 v.
3094 2879 3239 2941 quae

583 2978 635 3020 25
663 2966 862 3026 omnia
905 2973 970 3026 ut
1015 2983 1048 3024 a
1095 2965 1318 3026 Graeca
1364 2962 1755 3024 declinatione
1800 2972 2024 3025 mutata
2068 2981 2187 3023 non
2230 2973 2403 3034 sunt,
2448 2965 2529 3025 ita
2572 2983 2607 3025 a
2650 2963 2876 3024 Graeco
2920 2971 3067 3024 tono
3114 2979 3237 3022 cor·

661 3069 856 3147 rumpi
913 3085 1033 3128 non
1089 3065 1325 3127 debent.
1416 3085 1598 3145 quare
1651 3067 1923 3126 Acarnan
1980 3066 2213 3126 Mantus
2268 3065 2455 3145 Orphi
2520 3064 2670 3126 flexa
2724 3063 2934 3126 ultima
2990 3063 3237 3144 legenda

659 3178 826 3239 sunt,
893 3167 1086 3230 Pallas
1144 3175 1338 3229 autem
1407 3175 1466 3229 et
1507 3166 1733 3229 Allecto
1779 3167 1983 3229 eadem
2045 3166 2251 3229 ultima
2294 3175 2493 3238 acuta,
2560 3185 2813 3248 quorum
2859 3176 3139 3228 neutrum
3180 3167 3235 3226 in

658 3271 882 3332 Latinis
935 3272 1064 3331 fieri
1119 3269 1268 3330 solet
1324 3268 1681 3331 nominibus,
1770 3271 1915 3330 item
1972 3288 2109 3331 cum
2166 3269 2415 3348 legimus
2472 3275 2647 3330 ‘nec
2714 3267 2937 3346 longe
2993 3268 3236 3330 Cissea

660 3373 955 3435 durum'
1003 3381 1063 3434 et
1107 3371 1665 3452 ‘liquidumque
1709 3389 1843 3451 per
1888 3389 2058 3434 aera
2102 3371 2396 3450 lapsae’
2430 3370 2929 3452 et‘Epytiden
2972 3375 3233 3438 vocat',

581 3492 636 3533 ³0
663 3475 863 3536 Cisse'a
906 3473 1058 3534 ae'ra
1089 3472 1402 3551 Epytiden,
1437 3474 1700 3552 quamvis
1732 3480 1937 3534 contra
1968 3473 2233 3552 regulam
2264 3473 2551 3544 Latinam,
2598 3484 2813 3540 tamen.
2846 3471 2987 3552 quia
3016 3471 3232 3534 Graeca

659 3585 814 3648 sunt,
859 3575 1218 3658 paenultima
1263 3583 1432 3637 acuta
1476 3577 1864 3655 pronuntiare
1909 3575 2213 3638 dehemus,
2303 3577 2388 3636 sic
2432 3583 2494 3637 et
2539 3576 2600 3636 in
2643 3575 2769 3646 his,

801 3767 827 3816 1
867 3767 1048 3830 spiritu
1085 3767 1104 3814 l
1137 3765 1331 3830 spirata
1367 3761 1460 3813 LO
1636 3765 1670 3813 2
1702 3763 1931 3826 fortasse
1968 3763 2231 3830 appellant
2256 3759 2501 3814 δασεῖαν
2541 3773 2593 3814 et
2624 3754 2805 3828 ψιλήν
2978 3771 3068 3812 aut
3102 3761 3235 3826 aspi-

659 3837 818 3886 rando
847 3853 876 3886 v
906 3845 992 3884 aut
1017 3833 1292 3901 aspiranda
1320 3832 1415 3883 LO
1554 3831 1586 3882 3
1623 3834 1891 3899 pinguires
1929 3833 1975 3882 L
2116 3835 2369 3884 tenuiores
2406 3855 2473 3868 -—
2506 3833 2687 3883 attinet
2718 3845 2812 3882 on.
2848 3829 2893 3881 0
3034 3833 3071 3881 4
3104 3845 3233 3880 com-

659 3905 922 3956 motabiles
951 3904 1001 3952 L
1171 3905 1204 3955 5
1233 3914 1291 3954 ut
1327 3918 1418 3954 om.
1457 3902 1499 3953 0
1671 3904 1706 3956 6
1743 3904 1987 3954 debemus
2021 3903 2080 3964 0,
2116 3918 2251 3954 corr.
2290 3901 2568 3953 debeamus
2607 3901 2655 3950 L
2818 3900 2855 3952 8
2884 3916 2947 3952 eo
2974 3901 3234 3952 demensus

660 3977 928 4041 inperitiae
953 3976 1020 4026 sit
1053 3984 1110 4024 ut
1143 3976 1197 4024 in
1233 3989 1422 4039 graeca
1457 3981 1731 4037 nostraque
1770 3975 1945 4038 lingua
1970 3991 1999 4025 υ
2036 3973 2215 4022 eodem
2250 3986 2432 4022 uersus
2470 3972 2707 4038 inperitia
2738 3971 3029 4038 (inpertitia
3064 3969 3131 4034 0)
3164 3979 3237 4020 est

657 4055 716 4096 ut
746 4047 798 4095 in
835 4060 1074 4112 graecam
1102 4053 1424 4108 nostramque
1462 4045 1689 4109 linguam
1712 4042 1805 4093 LO
1909 4042 1943 4094 9
1970 4043 2270 4110 cumprimis
2294 4042 2347 4092 id
2368 4056 2397 4092 υ
2426 4043 2767 4108 campi-imisit
2786 4040 2879 4092 LO
2992 4041 3235 4106 dispicere

657 4115 728 4167 Ov
765 4117 1030 4180 despicere
1067 4117 1116 4165 L
1258 4113 1322 4164 10
1361 4125 1630 4176 utrumque
1665 4129 1803 4164 corr.
1835 4121 2100 4177 utramque
2137 4114 2187 4164 L
2221 4121 2485 4175 utramque
2514 4111 2591 4163 0.-
2628 4113 2859 4177 fortaaee
2894 4112 3027 4162 inter
3054 4121 3233 4160 utram—

659 4201 758 4250 que
795 4187 1024 4252 linguam
1167 4186 1232 4236 12
1267 4197 1361 4234 nec
1398 4185 1552 4235 ullum
1585 4183 1648 4236 10
1681 4199 1795 4233 cum
1832 4183 1991 4265 ullum
2025 4184 2071 4233 L
2249 4183 2315 4264 ἰᾷ
2348 4195 2567 4246 nequem
2592 4199 2623 4232 e
2657 4197 2963 4266 graecorum
2992 4183 3043 4232 L
3078 4195 3235 4262 neque

657 4252 2071 4392 ¹”⁶‘⁸13‘‡535121¹22”.1?s„2d1.¹2“issb‘ssffiffiffinillhssw
2114 4250 2535 4374 ⁶53¹¹1¹35rssffi
2568 4252 2869 4374 ὲὲεέῗω*
2906 4249 3236 4372 (ἒῒὶῗξέ

659 4425 708 4464 et
742 4415 814 4463 ita
848 4431 877 4463 υ
914 4413 1083 4463 maiiet
1109 4415 1180 4463 ita
1208 4413 1258 4462 L
1291 4419 1498 4461 manant
1525 4412 1596 4461 ita
1633 4411 1674 4461 0
1818 4409 2072 4460 &linantur
2108 4410 2156 4460 L
2202 4410 2395 4459 oliuant
2424 4407 2467 4458 Ο
2635 4410 2703 4459 22
2732 4408 2942 4472 quidem
2968 4423 2997 4458 υ
3034 4407 3233 4472 quidam

660 4483 755 4535 LO
895 4485 962 4534 24
1001 4480 1236 4549 quorum]
1287 4483 1444 4546 Vera.
1487 4481 1618 4531 Aen.
1650 4483 1696 4532 V
1732 4479 1835 4532 298
1981 4480 2191 4531 fatidice
2226 4479 2495 4530 mantheus
2532 4475 2692 4544 (om-r.
2733 4477 2901 4544 —thus)
2950 4477 2995 4527 L
3034 4477 3235 4528 fatidice

658 4553 910 4604 mantheis
942 4552 1008 4604 0:
1054 4556 1213 4618 Very.
1253 4553 1381 4606 Aen.
1419 4551 1465 4600 X
1507 4550 1624 4606 199.
1661 4554 1889 4602 lacunam
1924 4552 2158 4610 indicavi,
2183 4566 2282 4616 qua
2316 4551 2517 4614 reliqua
2552 4551 2785 4611 eoeempta
2810 4549 3047 4614 Ver-quii,
3080 4548 3231 4598 bucol.

657 4627 710 4689 4,
747 4626 812 4675 57
851 4623 1010 4690 Orphi
1047 4623 1306 4690 Calliopea
1343 4623 1621 4680 (Pr-iadau.
1656 4638 1716 4686 p.
1757 4622 1875 4672 7³2.
1914 4621 2076 4686 736),
2114 4619 2274 4674 bucol.
2314 4621 2383 4682 2,
2425 4618 2491 4670 61
2530 4619 2698 4670 Pallas
2734 4633 2864 4684 quas
2896 4617 3123 4668 condidit
3154 4631 3231 4666 ar-

659 4709 763 4756 ces,
803 4695 934 4744 Aen.
975 4694 1201 4746 V11324
1236 4693 1510 4745 luctificam
1539 4692 1733 4742 Allecto
1768 4691 1995 4757 (Olearia.
2035 4707 2094 4756 p.
2127 4693 2216 4743 47.
2253 4689 2353 4753 93)
2386 4691 2687 4741 exciderunt
2896 4687 2966 4740 26
2998 4687 3233 4738 mantuus

665 4764 754 4814 LO
892 4764 961 4814 28
996 4777 1088 4812 neo
1123 4761 1296 4830 longe]
1349 4765 1507 4826 Vera.
1547 4763 1680 4816 Aen.
1720 4761 1771 4811 X
1806 4762 1910 4814 317
2050 4761 2119 4813 29
2154 4755 2524 4826 liquidumque]
2566 4761 2725 4824 Vero.
2764 4759 2898 4809 Aen.
2928 4759 2994 4808 vl
3030 4759 3135 4810 202

657 4834 898 4900 epitydeu
933 4831 1058 4882 LO:
1103 4834 1260 4897 Verq.
1301 4835 1432 4885 Aen.
1465 4833 1509 4880 V
1540 4834 1641 4883 547
1782 4841 1931 4884 vocat
1966 4857 2034 4868 --
2070 4831 2319 4896 Epytiden
2344 4845 2437 4882 om.
2478 4828 2569 4879 LO
