3434 5442
1323 275 1746 338 PRAEFATIO
2742 289 2833 334 ω’

406 455 718 545 Denique
763 468 1078 546 excerpta
1119 460 1199 525 de
1241 459 1659 526 idiomatibus
1703 481 1972 524 casuum
2018 468 2083 524 et
2111 481 2421 544 generum
2451 481 2491 522 a
2518 481 2835 544 gramma-

251 559 390 624 ticis
432 559 664 626 Servio
710 561 1044 648 adscripta
1087 584 1228 626 esse
1271 563 1440 626 duae
1483 561 1991 648 subscriptiones
2038 561 2277 626 codicis
2323 562 2605 626 Parisini
2657 561 2707 625 f.
2754 569 2835 630 46

257 663 347 748 (p.
391 669 530 743 572,
578 665 692 748 10)
753 668 958 728 Servii
992 671 1383 742 yrammatici
1429 670 1740 728 maximae
1793 675 1851 728 et
1908 671 2197 744 antiquae
2250 669 2482 729 Romae
2536 673 2602 728 et
2660 664 2708 726 f.
2754 669 2835 732 49

259 765 348 848 (p.
373 763 562 850 XLI)
607 773 872 846 explicit
911 766 1169 830 libellum
1224 770 1427 832 Servii
1462 771 1855 846 qrammatici
1890 766 2179 832 indicare
2223 765 2542 830 videntur.
2608 787 2831 852 quam-

260 889 448 953 quam
491 889 575 930 ex
617 867 983 932 rationibus
1024 867 1199 933 illius
1257 867 1498 934 codicis
1553 891 1681 934 non
1740 870 1899 934 satis
1954 879 2129 934 certo
2187 869 2485 954 adparet,
2545 891 2673 954 quo
2726 890 2837 932 no·

261 991 402 1034 men
465 971 867 1054 grammatici
935 972 1274 1057 pertineat.
1342 981 1407 1036 et
1460 973 1765 1058 quoniam
1828 969 1951 1036 hoc
2010 971 2393 1036 idiomatum
2444 992 2651 1055 genus
2704 971 2835 1035 iarn

263 1071 464 1156 magis
507 1072 591 1136 ad
633 1073 1166 1138 consuetudinem
1207 1071 1698 1158 glossariorum,
1766 1073 2001 1160 quibus
2060 1073 2298 1138 Latina
2351 1072 2673 1138 vocabula
2726 1072 2837 1136 ad-

265 1175 484 1260 positis
537 1175 808 1239 Graecis
871 1175 1284 1261 interpretari
1353 1175 1651 1240 solebant
1713 1177 2120 1260 grammatici
2130 1223 2149 1257 ,
2216 1197 2411 1263 quam
2470 1175 2554 1239 ad
2619 1174 2837 1240 studia

271 1297 480 1342 eorum
519 1279 630 1362 qui
672 1278 924 1342 artibus
969 1277 1328 1342 scribendis
1373 1298 1632 1362 operam
1676 1276 1924 1342 dabant
1966 1279 2275 1366 pertinet,
2320 1277 2836 1364 praetermitten-

275 1378 420 1442 dum
457 1401 581 1444 non
625 1389 724 1443 est
777 1379 862 1444 ad
915 1379 1164 1465 glossas
1225 1401 1481 1466 quoque
1535 1401 1771 1445 nomen
1826 1379 2037 1444 Servii
2093 1380 2478 1444 translatum
2533 1401 2693 1444 esse.
2754 1379 2837 1443 de

277 1503 394 1568 quo
433 1482 818 1546 Franciscus
863 1481 1181 1547 Oehlerus
1223 1504 1388 1546 mus·
1435 1481 1642 1546 Rhen.
1689 1484 1949 1548 noviss,⁴
1980 1491 2027 1546 t.
2074 1481 2314 1546 XVIII
2372 1483 2459 1566 (a.
2510 1482 2701 1567 1863)
2768 1503 2833 1568 p.

279 1591 388 1654 253
431 1607 565 1670 sqq.
611 1584 806 1649 editis
864 1583 1110 1671 aliquot
1152 1585 1418 1669 glossiS,
1476 1605 1644 1672 quae
1691 1585 1902 1650 Servii
1957 1585 2215 1650 nomine
2270 1585 2621 1671 inscriptae
2666 1594 2835 1665 sunt,
2924 1638 2939 1658 χ

273 1688 628 1772 disputavit.

424 1891 665 1976 Scripsi
711 1891 1046 1976 Erlangae
1089 1914 1308 1957 mense
1348 1891 1524 1956 Maio
1571 1892 1724 1956 anni
1768 1859 2324 1957 MDCCCLXIV.
