3434 5442
761 321 1070 410 [SERGII]
1115 325 1530 388 EXPLANAT.
1577 323 1653 387 ΙΝ
1697 325 2058 388 ΠΟΝΑΊὝΜ
2101 325 2242 387 LlB.
2288 325 2313 388 1
2701 332 2823 396 487

385 465 392 473 .
424 435 516 478 512.
541 434 592 476 ιε
619 433 676 475 ν.

242 447 384 576 τῶτῗ
425 509 835 594 γραμμάτων
891 513 1046 576 dicta
1104 521 1210 574 est.
1298 513 1456 574 unde
1512 521 1570 574 et
1615 513 1808 575 Latini
1852 532 1886 575 a
1928 512 2143 576 litteris
2187 511 2627 593 appellaverunt
2667 513 2821 578 litte-

241 626 538 688 raturam,
592 619 737 678 item
781 616 1229 696 grammaticum
1285 615 1694 679 litteratorem.
1790 634 1899 677 vox
1942 617 2099 677 enim
2144 615 2285 677 facit
2328 615 2610 688 litteram,
2672 616 2821 679 litte·

243 737 350 781 rae
393 719 616 781 faciunt
658 716 970 799 syllabam,
1015 716 1272 797 syllabae
1315 717 1541 779 faciunt
1593 725 1795 798 partes
1850 719 2151 781 orationis.
2238 737 2353 779 vox
2397 727 2485 780 est
2527 737 2629 780 aer
2674 723 2824 782 ictus

241 819 544 885 sensibilis
595 821 832 892 auditu,
889 818 1086 881 verbis
1139 821 1354 881 emissa
1409 826 1470 881 et
1511 828 1712 882 exacta
1759 838 1967 882 sensus
2010 819 2281 901 prolatio.
2370 841 2481 883 vox
2524 822 2681 882 enim
2725 831 2825 885 aut

241 921 554 986 articulata
599 929 688 985 est
731 931 831 986 aut
870 921 1260 984 inarticulata.
1335 920 1641 984 articulata
1685 930 1777 984 est
1818 941 1969 1004 quae
2012 921 2247 984 auditur
2292 929 2351 984 et
2391 925 2718 1003 percipitur
2764 932 2823 986 et
2849 941 2876 980 a

241 1035 337 1088 est
385 1023 845 1106 interpretabilis
900 1023 1258 1088 intellectum
1315 1022 1542 1085 habens
1596 1022 1687 1084 vel
1742 1024 1964 1086 faciens
2019 1022 2275 1086 litteram
2336 1024 2669 1106 [articulata
2716 1044 2823 1088 vox

238 1127 462 1192 litteris
503 1125 910 1208 conprehendi
965 1125 1209 1207 potest}
1295 1124 1671 1188 inarticulata
1726 1133 1817 1188 est
1860 1144 2011 1207 quae
2055 1127 2247 1189 audiri
2290 1135 2515 1209 potest,
2560 1126 2825 1208 intellegi

239 1249 364 1292 non
409 1237 633 1311 potest,
679 1236 744 1291 ut
783 1231 1010 1308 vagitus
1051 1228 1323 1300 infantiS,
1369 1226 1598 1290 balatus
1639 1230 1793 1298 ovis,
1840 1228 2107 1290 hinnitus
2136 1231 2302 1309 equi,
2350 1232 2607 1309 mugitus
2636 1228 2821 1292 bovis,

235 1331 456 1395 litteris
499 1331 918 1414 praeponenda
962 1350 1071 1392 vox
1117 1339 1208 1392 est
1246 1330 1408 1402 ideo,
1454 1330 1590 1411 quia
1635 1346 1755 1391 non
1798 1328 1997 1392 littera
2040 1329 2393 1394 elementum
2424 1330 2633 1393 tribuit
2676 1335 2820 1400 voci,

152 1499 158 1504 ,
235 1435 346 1498 sed
391 1452 504 1496 vox
544 1433 773 1496 litteris.
811 1425 823 1438 “
863 1431 1218 1495 elementum
1277 1440 1365 1495 est
1407 1431 1630 1494 dictum
1673 1432 1842 1513 quasi
1885 1431 2331 1496 elevamentum.
2420 1432 2616 1496 littera
2660 1435 2819 1495 enim
2848 1449 2897 1489 ιο

238 1537 602 1600 elementum
647 1537 808 1598 vocis
851 1534 1194 1598 articulatae
1238 1534 1302 1617 [a
1344 1553 1462 1616 quo
1505 1535 1741 1597 initium
1774 1539 2027 1597 sumitur
2070 1535 2534 1617 incrementum]
2552 1584 2567 1607 ,
2614 1544 2679 1597 ut
2706 1537 2819 1598 Te-

235 1641 544 1702 rentianus
581 1639 592 1716 Ι
627 1643 817 1699 metra
861 1636 1082 1699 docens
1123 1639 1205 1700 ait

543 1738 942 1810 elementa,
987 1739 1214 1802 rudes
1257 1757 1440 1820 quae
1485 1757 1756 1820 pueros
1800 1738 2081 1800 docent
2123 1740 2483 1818 magistri.

233 1842 481 1924 syllabis
545 1842 702 1904 enim
768 1843 1120 1921 exprimitur
1183 1840 1380 1902 brevis
1445 1839 1624 1902 dictio
1681 1840 1772 1902 vel
1826 1859 2170 1913 numerosa,
2230 1860 2381 1922 quae
2434 1840 2817 1923 multiplicem

234 1945 478 2028 conplet
520 1945 865 2006 orationem.
927 1942 1286 2006 elementum
1331 1961 1474 2022 ergo
1521 1951 1610 2005 est
1653 1945 1827 2004 unius
1872 1945 2155 2024 cuiusque
2198 1945 2289 2004 rei
2332 1943 2589 2014 initium,
2637 1963 2671 2005 a
2700 1963 2818 2026 quo
2846 1957 2895 2000 1⁵

233 2049 492 2112 sumitur
543 2049 978 2108 incrementum
1034 2053 1094 2107 et
1145 2047 1208 2106 in
1265 2044 1420 2125 quod
1475 2043 1737 2107 solvitur.
1826 2046 2145 2108 dictionum
2206 2063 2426 2125 genera
2490 2054 2628 2109 sunt
2682 2049 2816 2108 tria.

195 2158 338 2233 ⁴aut
381 2152 542 2211 enim
587 2147 942 2210 dramaticus
986 2154 1076 2209 est
1118 2155 1219 2210 aut
1261 2147 1680 2224 diegematicos
1726 2155 1827 2209 aut
1868 2149 2094 2209 mictos.
2165 2148 2518 2210 dramaticos
2562 2155 2667 2218 est,
2714 2146 2819 2209 ubi

231 2270 528 2334 personae
571 2249 732 2312 solae
773 2249 1127 2330 loquuntur,
1173 2251 1328 2312 sicut
1365 2257 1454 2311 est
1500 2251 1688 2330 prima
1736 2250 1940 2330 ecloga
1982 2249 2418 2320 bucolicorum;
2477 2249 2819 2329 diegemati-

231 2373 341 2416 cos
371 2359 480 2425 est,
511 2353 616 2415 ubi
659 2350 819 2413 solus
859 2359 1034 2432 poeta
1078 2349 1364 2432 loquitur,
1409 2361 1476 2413 ut
1519 2361 1610 2414 est
1651 2354 1713 2413 in
1746 2361 1956 2432 quarta
1984 2351 2218 2431 ecloga,
2266 2353 2432 2414 cuius
2460 2353 2817 2432 principium

231 2465 326 2518 est
370 2453 776 2518 ‘Sicelides
799 2454 856 2516 M
871 2458 1116 2523 usae';
1159 2455 1370 2514 mictos
1412 2462 1518 2524 est,
1567 2453 1668 2515 ubi
1713 2462 1773 2515 et
1816 2461 1988 2534 poeta
2031 2453 2290 2534 loquitur
2334 2461 2395 2514 et
2435 2471 2705 2534 persona,
2752 2462 2895 2516 ut2o

232 2558 496 2622 secunda
541 2555 768 2638 ecloga,
816 2557 1258 2617 ‘formosum
1299 2561 1614 2634 pastor'.

1031 2741 1128 2804 DE
1171 2741 1537 2804 PARTIBVS
1581 2741 2005 2805 ORATIONIS.

406 2880 613 2943 Oratio
657 2877 871 2941 dicitur
915 2878 1197 2948 elocutio,
1244 2879 1410 2959 quasi
1454 2879 1575 2938 oris
1617 2879 1791 2940 ratio.
1864 2877 2039 2941 huius
2085 2881 2396 2947 orationis,
2455 2878 2515 2939 id
2561 2887 2650 2940 est
2694 2877 2817 2940 elo·

231 2985 516 3054 cutionis,
579 2989 712 3043 octo
769 2989 909 3042 sunt
976 2981 1434 3059 significationes
1505 2979 1816 3062 [quidquid
1875 2981 2031 3042 enim
2091 2979 2388 3060 loquimur
2443 2988 2579 3042 octo
2634 2980 2816 3042 habet

227 3081 751 3165 significationes],
807 3081 864 3143 id
927 3090 1017 3144 εει
1067 3090 1284 3162 partes.
1374 3081 1717 3144 Aristoteles
1762 3082 2000 3163 quidem
2045 3081 2187 3143 dicit
2228 3082 2435 3144 decem
2480 3100 2610 3143 esse
2655 3089 2812 3144 cate·
2839 3103 2891 3144 25

227 3187 463 3267 gorias:
509 3185 674 3246 addit
715 3184 888 3256 duas,
936 3203 1085 3265 quae
1131 3185 1204 3247 ad
1233 3185 1650 3266 grammaticos
1693 3203 1814 3246 non
1858 3185 2177 3266 pertinent,
2225 3185 2508 3264 energian
2539 3193 2598 3247 et
2628 3184 2813 3265 hypo-

227 3289 442 3360 stasin,
497 3287 587 3348 id·
618 3297 706 3349 est
757 3287 818 3348 id
871 3287 1030 3369 quod
1086 3287 1224 3350 iacit
1277 3296 1337 3349 et
1389 3287 1448 3348 id
1493 3285 1654 3367 quod
1697 3281 2023 3349 substantia
2068 3295 2172 3348 est.
2261 3285 2367 3348 sed
2410 3294 2695 3367 quantum
2740 3285 2815 3348 ad

227 3393 674 3472 grammaticos,
732 3397 866 3450 octo
919 3396 1056 3450 sunt
1106 3396 1336 3470 partes,
1405 3407 1556 3469 quae
1620 3389 1733 3450 hac
1788 3390 2003 3470 pagina
2063 3391 2431 3469 conscriptae
2488 3397 2814 3451 noscuntur

234 3493 526 3575 [partium
573 3492 856 3554 orationis
899 3489 1240 3572 discretio]:
1284 3497 1518 3571 utputa
1549 3491 1599 3551 si
1630 3490 1791 3553 dicas
1836 3497 1853 3524 ‘
1874 3490 2001 3552 volo
2043 3492 2133 3552 ire
2164 3479 2237 3552 ad
2268 3491 2463 3553 forum
2510 3498 2568 3552 et
2611 3491 2813 3553 videre

229 3603 330 3658 aut
372 3593 630 3657 salutare
673 3597 950 3664 amicos',
997 3592 1126 3654 volo
1170 3592 1416 3655 verbum
1461 3601 1579 3664 est,
1621 3594 1713 3654 ire
1757 3593 2001 3655 verbum
2048 3600 2165 3665 est,
2213 3593 2284 3654 ad
2314 3594 2672 3674 praepositio
2703 3602 2809 3666 est,
2837 3617 2888 3660 ³0

230 3699 430 3759 sorum
474 3681 694 3758 nomen
738 3703 854 3767 est,
901 3703 962 3757 et
1003 3696 1339 3759 coniunctio
1385 3705 1501 3768 εει,
1548 3696 1751 3758 videre
1786 3695 1872 3756 vel
1915 3695 2170 3758 salutare
2212 3694 2457 3757 verbum
2503 3704 2617 3766 est,
2664 3697 2809 3757 ami-

229 3818 335 3862 cos
377 3816 600 3860 nomen
643 3804 762 3869 est,
823 3815 934 3858 nec
979 3796 1224 3858 alteram
1269 3799 1760 3878 significationem
1802 3795 2093 3860 i'nvenisti.
2156 3795 2315 3860 nulla
2361 3806 2451 3860 est
2493 3816 2631 3877 pars
2676 3817 2810 3860 ora-

226 3903 437 3973 tioniS,
495 3917 644 3980 quae
701 3885 819 3961 non
865 3917 982 3960 una
1027 3899 1104 3960 sit
1146 3899 1220 3960 de
1265 3901 1390 3962 istis
1434 3908 1585 3961 octo.
1675 3919 1835 3961 nunc
1880 3899 2203 3972 videamuS,
2252 3917 2435 3979 quare
2480 3901 2565 3961 sic
2609 3898 2809 3980 appel-

225 4005 380 4067 latae
437 4010 576 4066 sunt
627 4003 790 4081 ipsae
843 4009 1042 4081 partes
1098 4002 1408 4072 orationis,
1469 4001 1526 4062 id
1575 4009 1664 4064 est
1706 4021 1891 4083 quare
1934 4001 2155 4064 dictum
2200 4009 2291 4065 est
2334 4019 2579 4074 nomen,
2627 4019 2812 4083 quare

366 4260 395 4311 1
438 4255 845 4326 appellaverunt]
885 4256 1236 4307 describarunt
1264 4272 1302 4321 p
1334 4257 1570 4308 deserina
1605 4299 1618 4312 .
1646 4299 1658 4310 .
1685 4298 1698 4310 .
1727 4298 1739 4311 .
1781 4256 1833 4307 L
1872 4257 2165 4308 derivarunt
2200 4259 2363 4310 editor
2407 4258 2809 4310 Vindobonensis

363 4327 400 4379 3
435 4343 540 4379 uox
574 4337 654 4380 est
689 4328 825 4379 aeris
865 4327 998 4378 ictus
1051 4327 1310 4380 sensibilis
1335 4328 1560 4379 nuditus
1615 4328 1789 4380 uerbis
1832 4329 2023 4380 omissa
2058 4344 2241 4380 sensus
2276 4337 2327 4377 et
2365 4335 2545 4378 exacta
2588 4327 2807 4393 prolatio

227 4406 482 4467 eoecerpea
509 4399 698 4450 codicis
723 4395 1067 4462 Frisinoemis
1092 4397 1156 4449 81
1263 4399 1296 4448 4
1330 4398 1506 4449 auditu
1535 4398 1616 4448 uel
1641 4398 1761 4449 uisu
1794 4401 1981 4450 emissa
2008 4397 2197 4462 (emisa
2222 4397 2293 4460 L)
2331 4413 2511 4448 sensus
2550 4409 2599 4448 et
2633 4407 2809 4450 exacta

225 4470 440 4535 perlatio
464 4469 548 4532 Dp
655 4470 686 4520 7
715 4467 1037 4519 inarticulata
1067 4475 1146 4518 est
1180 4481 1310 4529 quae
1337 4483 1376 4532 p
1402 4467 1821 4533 inarticulataque
1844 4477 1921 4518 est
1956 4483 2085 4532 quae
2114 4467 2163 4517 L
2271 4467 2331 4520 11
2364 4467 2717 4536 Terentianus]
2758 4485 2804 4521 υ.

225 4541 294 4591 58
437 4537 502 4594 13
537 4539 776 4590 elimenta
811 4538 1064 4601 redasque
1097 4537 1180 4600 Lp
1355 4538 1422 4590 16
1462 4540 1514 4588 in
1551 4553 1652 4604 quo
1684 4539 1901 4590 soluitur
1938 4539 2022 4603 Lp
2162 4539 2223 4588 21
2268 4537 2579 4588 formonsum
2620 4537 2669 4587 L

223 4612 292 4661 22
341 4623 408 4660 ns
443 4623 690 4662 taurinus
727 4622 995 4660 cauimus
1031 4607 1115 4672 Lp
1151 4621 1340 4661 mcmr
1377 4623 1661 4662 uxrem-run
1696 4623 1867 4661 senon
1908 4624 1973 4658 nn
2008 4623 2137 4660 ocro
2175 4621 2417 4660 PAR‘rmus
2456 4623 2719 4662 camonis
2757 4611 2809 4660 F

228 4693 415 4732 mcu’rr
456 4693 720 4732 upon-rto
759 4693 996 4730 moxsrm
1025 4693 1192 4730 sanvn
1223 4693 1380 4731 surm
1415 4693 1606 4731 ran-rsa
1641 4693 1865 4731 umonss
1894 4678 1936 4729 S
2105 4678 2173 4730 23
2209 4678 2509 4728 elocutionis
2545 4677 2633 4729 FS
2666 4680 2807 4731 locu-

227 4750 382 4802 tionis
415 4748 500 4812 ιφ
636 4751 707 4870 ἓιί
739 4747 992 4812 quidquid
1018 4775 1089 4785 —-
1125 4749 1524 4816 significationes
1560 4765 1651 4804 om.
1694 4749 1747 4800 F
1849 4749 1917 4802 29
1954 4747 2071 4799 uolo
2109 4749 2185 4800 ire
2212 4747 2298 4799 ΓΒ
2326 4747 2443 4798 uolo
2472 4764 2691 4817 pergere
2718 4751 2805 4816 Lp

363 4819 434 4872 32
463 4834 558 4870 neo
589 4819 641 4870 F
709 4834 772 4870 ne
815 4819 897 4883 Lp
