3434 5442
679 321 699 380 l
715 315 752 380 8
1850 317 2078 378 PROBI

667 447 674 454 ·
771 448 814 488 p.
847 435 958 478 14⁵9.
973 435 1024 475 so
1053 433 1099 476 r.
1487 437 1506 444 ·
2836 443 2883 485 p.
2912 431 3005 474 ns.
3030 431 3080 474 ¹9
3108 431 3151 473 L.

669 513 804 568 nata
844 523 1032 586 paene
1087 489 1474 566 tota'Graeca
1519 513 1673 565 sunt.
1764 521 1905 582 ergo
1952 504 2001 564 si
2048 504 2297 566 fecerint
2352 503 2503 582 apud
2547 504 2805 565 Graecos
2848 503 3115 580 genetivo
3160 523 3244 569 ov,

673 615 847 670 erunt
881 609 1032 686 apud
1079 625 1188 668 nos
1231 609 1455 686 primae
1499 604 1935 674 declinationiS,
1994 605 2049 666 id
2096 613 2185 666 est
2228 593 2556 708 genetivulm
2602 623 2671 665 ae
2725 603 3093 683 diphthongo
3135 611 3247 664 ter-

671 710 1005 778 minabunt,
1063 719 1126 770 ut
1172 709 1405 780 Λυσίας
1437 707 1670 768 Λυσίου
1713 708 1887 770 huius
1932 707 2166 787 Lysiae,
2214 707 2455 780 Αἰνείας
2484 706 2733 767 Αἰνείου
2774 705 2949 767 huius
2998 707 3244 768 Aeneae.

670 815 718 873 si
760 813 914 890 apud
951 811 1210 890 Graecos
1251 812 1500 872 fecerint
1540 811 1809 888 genetivo
1856 832 1973 882 τος,
2020 810 2174 887 apud
2222 819 2551 871 nos‘erunt
2596 809 2803 868 tertiae
2848 807 3248 870 declinationis

617 939 643 977 5
671 914 719 974 is
749 913 972 995 syllaba
1023 913 1398 974 terminantia
1437 917 1789 987 yenetamm,
1839 917 1903 971 ut
1937 905 2095 984 Θόας
2132 907 2394 984 Θόαντος
2424 911 2600 972 huius
2629 911 2929 972 Thoantis.
2992 911 3249 972 feminini

669 1017 904 1094 generis
957 1017 1006 1078 si
1057 1021 1258 1087 erunt,
1317 1022 1374 1076 et
1429 1015 1576 1093 ipsa„
1608 1013 1814 1075 tertiae
1872 1019 2009 1076 sunt
2064 1012 2499 1084 declinationiS,
2561 1014 2661 1075 sed
2714 1012 2802 1072 dis
2852 1012 3251 1074 terminabunt

667 1120 1014 1197 genetivum,
1059 1127 1125 1179 ut
1170 1109 1335 1189 Θυοὲς
1385 1110 1618 1188 Θυάδος
1658 1115 1931 1196 ThyadiS,
1972 1121 2032 1177 et
2068 1117 2261 1177 omnia
2307 1115 2457 1185 talia,
2520 1134 2671 1196 quae
2716 1121 2919 1176 contra
2964 1116 3247 1175 rationem

669 1221 992 1281 Latinitatis
1061 1219 1386 1280 secundum
1445 1221 1704 1281 Graecos
1771 1216 1973 1279 ultima
2038 1216 2257 1299 syllaba
2328 1224 2647 1286 acuuntur,
2716 1224 2783 1278 ut
2834 1216 3251 1277 Thaumantias

668 1321 1162 1382 Thaumantiadis.
1253 1337 1388 1381 nam
1440 1323 1642 1382 sinon
1699 1321 2062 1392 acuerimuS‚
2120 1323 2230 1382 erit
2288 1339 2501 1381 nomen
2562 1321 2795 1398 generis
2841 1318 3148 1380 masculini
3200 1325 3251 1377 et

595 1445 644 1488 ιο
673 1426 846 1486 saciet
889 1406 1230 1504 genetivum
1251 1443 1320 1484 ae
1351 1422 1716 1502 diphthongo
1762 1423 2138 1486 terminatum
2182 1424 2410 1502 primae
2460 1421 2882 1490 declinationis,
2914 1418 2943 1502 ss
2972 1427 3039 1482 ut
3069 1419 3251 1481 Pelias

669 1527 864 1588 Peliae
915 1535 974 1588 et
1011 1526 1426 1586 Thaumantias
1471 1525 1912 1586 Thaumantiae.
2003 1545 2067 1586 es
2128 1543 2277 1604 pura
2332 1526 2563 1586 inventa
2623 1525 2857 1584 nomina
2918 1523 3153 1592 Latina,
3206 1523 3249 1582 si

669 1629 956 1708 producta
1001 1629 1236 1698 fuerint,
1281 1629 1519 1705 quintae
1555 1635 1727 1688 erunt
1769 1627 2203 1688 declinationis:
2246 1644 2381 1686 nam
2420 1629 2687 1705 genetivo
2732 1627 2783 1686 ei
2828 1625 3049 1686 sacient
3089 1642 3249 1701 sepa-

670 1733 837 1798 ratis,
897 1736 964 1790 ut
1017 1731 1244 1807 species
1293 1729 1542 1808 speciei,
1607 1729 1731 1790 dies
1785 1729 1930 1799 diei,
1988 1735 2047 1789 et
2100 1729 2293 1789 omnia
2348 1728 2510 1797 talia;
2570 1734 2815 1806 excepto
2870 1745 2991 1786 uno
3052 1727 3251 1787 tertiae

670 1833 1076 1895 declinationis
1135 1832 1204 1892 tis
1247 1833 1493 1892 faciente
1529 1831 1831 1907 genetivo,
1886 1832 2051 1910 quies
2089 1831 2315 1911 quietis,
2408 1847 2477 1890 ex
2522 1829 2637 1890 hoc
2680 1831 3073 1906 compositum
3120 1847 3250 1906 pro-

503 1923 508 1930 ’
597 1959 644 2000 15
672 1937 845 1996 ducta
897 1953 960 1995 es
1011 1935 1062 1995 ei
1099 1935 1270 1996 faciet
1311 1935 1367 1994 in
1397 1934 1684 2011 genetivo,
1734 1933 1969 2012 quintae
2000 1932 2223 1994 scilicet
2260 1932 2679 2001 declinationiS,
2728 1932 2963 2010 requies
2996 1932 3249 2010 requiei:

672 2044 946 2116 correpta
1007 2055 1144 2098 vero
1201 2055 1264 2098 es
1331 2037 1540 2097 tertiae
1603 2044 1739 2096 sunt
1792 2033 2220 2103 declinationis,
2285 2028 2551 2111 genetivo
2601 2035 2674 2094 tis
2728 2035 2978 2102 faciunt,
3058 2031 3251 2112 [miles

671 2138 897 2219 militis]
962 2139 1192 2218 inquies
1257 2137 1550 2220 inquietis
1643 2137 1837 2198 omnia
1895 2144 2087 2197 tamen
2146 2137 2201 2196 in
2248 2137 2514 2214 genetivo
2570 2143 2702 2197 ante
2757 2137 2805 2197 is
2866 2135 2955 2196 vel
3012 2142 3149 2194 ante
3203 2135 3249 2194 ei

669 2243 1098 2322 producuntur.
1163 2240 1388 2300 Graeca
1431 2257 1572 2299 vero
1616 2257 1679 2300 es
1722 2257 1870 2318 pura
1906 2241 2217 2300 terminata
2258 2241 2451 2298 omnia
2498 2237 2911 2316 producuntur
2952 2245 3012 2298 et
3050 2238 3251 2298 tertiae

669 2352 808 2404 sunt
852 2343 1287 2403 declinationis:
1346 2359 1482 2402 nam
1527 2343 1574 2401 is
1617 2327 1839 2401 faciunt
1875 2345 2173 2416 qenete‘vo,
2236 2348 2300 2400 ut
2344 2341 2607 2419 Gohryes
2652 2338 2933 2419 Gohryis‚
2994 2347 3055 2399 et
3091 2340 3247 2417 siqua

594 2469 646 2508 aa
671 2443 825 2506 talia.
899 2462 962 2505 es
1009 2451 1282 2523 correpta
1325 2443 1635 2504 terminata
1681 2445 1885 2504 tertiae
1924 2449 2072 2503 sunt·
2111 2441 2535 2509 declinationis,
2581 2443 2655 2502 tis
2700 2442 2923 2503 faciunt
2964 2443 3247 2519 genetivo.

671 2554 736 2608 ut.
781 2547 934 2606 aries
989 2547 1214 2611 arietis,
1273 2553 1329 2606 et
1371 2546 1534 2624 siqua
1582 2543 1735 2605 talia.
1826 2564 1926 2605 aes
1978 2546 2291 2606 terminata
2346 2545 2548 2604 Latina
2604 2551 2739 2604 sunt
2798 2545 2993 2604 omnia
3048 2543 3249 2603 tertiae

672 2648 1078 2710 declinationis
1135 2648 1215 2707 ris
1267 2645 1359 2707 vel
1413 2647 1501 2707 dis
1558 2645 1827 2707 facientia
1886 2646 2178 2724 genetivo,
2244 2653 2311 2706 ut
2362 2664 2462 2706 aes
2513 2646 2715 2722 aeriS„
2759 2662 2933 2723 praes
2998 2645 3247 2723 praedis.

673 2751 910 2832 quidam
983 2748 1076 2809 ‘hi
1133 2748 1418 2828 praedes'
1485 2765 1733 2808 numero
1788 2765 2023 2826 semper
2084 2747 2295 2828 plurali
2351 2755 2586 2826 putant,
2650 2747 2753 2807 sed
2807 2753 3028 2807 errant.
3123 2763 3249 2806 nam

673 2855 880 2915 Cicero
924 2857 1094 2930 ‘pro
1139 2850 1412 2928 praede
1453 2849 1617 2911 litis
1663 2851 2216 2912 vindiciarum'.
2303 2851 2353 2910 is
2390 2867 2540 2927 pura
2581 2851 2889 2909 terminata
2931 2858 2987 2908 et
3032 2849 3248 2910 Graeca

595 2979 645 3020 25
673 2963 808 3017 sunt
839 2961 898 3016 et
933 2954 1024 3014 dis
1069 2953 1290 3012 faciunt
1328 2953 1610 3031 genetivo,
1657 2952 1793 3013 Lais
1836 2952 2045 3020 Laidis,
2092 2951 2270 3012 Thais
2314 2950 2570 3020 Thaidis,
2618 2951 2757 3012 Nais
2807 2949 3024 3011 Naidis,
3116 2949 3251 3010 Ver·

673 3057 842 3137 gilius
889 3057 1122 3135 poetice
1163 3054 1336 3116 Naias
1379 3054 1612 3115 Naiadis
1653 3055 1866 3133 posui-t,

975 3155 1196 3234 Aegle
1237 3155 1581 3217 Naiadum
1628 3155 2167 3235 pulcherrima,

675 3279 790 3322 non
835 3260 1104 3321 Naidum.
1194 3261 1566 3338 excipiuntur
1601 3259 1758 3329 duo,
1814 3277 1965 3338 quae
2002 3259 2053 3318 is
2096 3254 2188 3318 vel
2232 3259 2305 3317 tis
2346 3257 2568 3316 faciunt
2614 3257 2909 3334 genetivo,
2966 3256 3159 3317 Calais
3199 3262 3253 3314 et

673 3365 1026 3424 nominativo
1071 3367 1130 3422 et
1173 3363 1460 3438 genetivo,
1501 3362 1711 3422 Simois
1750 3354 2082 3420 Simoentis,
2174 3361 2365 3419 omnia
2412 3364 2607 3419 tamen
2656 3359 2859 3419 tertiae
2891 3367 3040 3420 ‘sunt
3080 3358 3251 3419 decli·

597 3488 648 3528 ao
675 3466 940 3526 nationis

841 3566 922 3626 Os
963 3582 1114 3644 pura
1163 3564 1471 3624 terminata
1518 3563 1720 3624 Latina
1780 3563 1896 3624 duo
1950 3563 2322 3624 inveniuntur
2382 3561 2809 3642 monosyllaba,
2870 3581 3059 3623 unum
3118 3581 3249 3642 pro·
3348 3591 3350 3598 ·

676 3669 915 3728 ductum
959 3669 1040 3727 ris
1075 3662 1317 3744 salciens
1349 3666 1634 3741 genetivo,
1683 3683 1748 3724 os
1778 3667 1916 3732 oris,
1964 3671 2023 3725 et
2049 3664 2205 3725 aliud
2250 3671 2591 3744 correptum
2624 3665 2702 3725 sis
2734 3665 2963 3726 faciens
2982 3666 3249 3740 genetivo

675 3789 741 3830 os
782 3771 945 3829 ossis,
1011 3767 1245 3846 quidam
1291 3767 1404 3827 hoe
1447 3784 1646 3827 ossum
1692 3767 1912 3837 dicunt,
1958 3768 2061 3828 sed
2099 3775 2317 3827 errant.
2377 3785 2511 3827 nam
2558 3766 2753 3827 omnia
2798 3784 2897 3827 um
2941 3769 3249 3827 terminata

676 3873 864 3932 dativo
911 3876 968 3930 et
1011 3868 1258 3930 ablativo
1299 3868 1626 3948 pluralibus
1671 3871 1721 3930 is
1766 3870 2014 3939 faciunt;
2063 3868 2177 3929 hoc
2218 3875 2410 3931 autem
2456 3869 2585 3938 bus,
2634 3867 2883 3938 ossibus,
2927 3869 3247 3929 secundum

599 3992 648 4032 ³5
675 3975 959 4035 rationem
1009 3973 1214 4032 tertiae
1271 3970 1695 4054 declinationis,
1786 3973 1805 4032 i
1849 3973 2115 4050 genetivo
2174 3971 2455 4050 singulari
2522 3972 2829 4032 terminata
2877 3970 3107 4032 Graeca
3165 3989 3249 4031 se-

709 4159 722 4172 ι
810 4128 842 4178 5
865 4125 1202 4176 ‚terminantia
1231 4139 1266 4182 3
1305 4126 1571 4176 terminant
1599 4127 1650 4176 B
1768 4126 2059 4192 genetivum
2098 4142 2189 4178 om.
2214 4126 2282 4186 B,
2324 4126 2445 4176 add.
2474 4125 2743 4178 Putat-Itius
2861 4125 2891 4175 7
2928 4133 2983 4174 ut
3020 4133 3247 4176 trastor.

677 4197 1022 4247 aductocadis
1069 4211 1204 4248 corr.
1257 4195 1385 4262 hyas
1422 4195 1568 4258 thyas
1611 4195 1818 4260 thyadis
1852 4197 1905 4245 B
1948 4205 2003 4246 ut
2052 4195 2250 4258 Τρωας
2290 4193 2565 4256 Τρωαὸος
2616 4193 2778 4244 Troas
2814 4193 3029 4244 Troadis
3062 4211 3097 4252 3

676 4267 710 4316 9
743 4283 838 4316 non
871 4284 962 4318 om.
1000 4267 1068 4328 B,
1107 4267 1229 4316 add.
1269 4280 1302 4322 ς
1338 4267 1374 4316 ti
1403 4267 1674 4317 Putscln‘us
1856 4267 1915 4315 14
1950 4267 2015 4314 tis
2052 4265 2271 4315 faciente
2306 4266 2546 4331 genetiuo
2588 4266 2943 4330 superscripta
2970 4275 3090 4316 sunt
3126 4267 3175 4315 t'n
3206 4264 3251 4314 B

821 4338 882 4387 15
933 4337 1182 4402 producta
1213 4337 1259 4385 ei
1299 4335 1485 4387 sacient
1520 4335 1572 4385 B
1736 4335 2098 4386 declinationes
2136 4336 2186 4385 B
2358 4337 2418 4387 17
2460 4337 2611 4400 quies
2653 4337 2836 4399 quietis
2870 4351 3006 4386 corr.
3046 4337 3249 4410 ‘inquies

677 4440 916 4503 inquietis
953 4440 1035 4490 B:
1071 4441 1140 4502 ef.
1183 4441 1432 4492 Priscian.
1466 4456 1522 4504 p.
1553 4437 1671 4491 703.
1699 4439 1803 4490 704
1942 4439 2008 4491 19
2044 4417 2282 4506 genetivo
2318 4455 2411 4492 om.
2454 4440 2505 4489 B
2640 4441 2863 4507 gobrues
2900 4409 3079 4506 gohi’s's
3114 4441 3164 4490 B

681 4545 746 4594 24
781 4541 974 4608 Cicero]
1007 4546 1058 4593 in
1092 4545 1245 4595 Ver-r.
1275 4551 1376 4595 aet.
1402 4560 1504 4595 sec.
1545 4545 1564 4592 1
1593 4545 1679 4606 45,
1722 4543 1817 4593 115
1960 4557 2077 4610 pro·
2090 4543 2309 4610 praedae
2350 4544 2449 4594 litis
2488 4519 2810 4594 uindiciarum
2835 4544 2888 4593 B
3024 4545 3093 4598 26
3130 4545 3247 4592 Ver-

681 4660 858 4729 gilius]
898 4661 1059 4715 bucol.
1088 4665 1139 4725 6,
1164 4665 1224 4714 21
1333 4665 1400 4716 29
1433 4608 1914 4716 Σίιξηῗὶζοιὲἰὲιιιιιιῒῐιῗῗὲ
1946 4665 2029 4714 uel
2066 4665 2223 4715 simos
2254 4665 2432 4716 deletis
2464 4683 2507 4715 v.
2551 4665 2629 4714 nel
2671 4667 2829 4716 simos
2861 4667 2912 4716 B
2946 4665 3030 4715 hic
3064 4665 3248 4716 Simois

643 4733 834 4783 ‘huius
871 4731 1052 4782 Simois
1095 4733 1174 4782 uel
1213 4733 1482 4784 Simoentis
1526 4749 1560 4792 3
1736 4734 1801 4785 35
1838 4731 1881 4800 i]
1916 4736 1961 4784 is
1994 4733 2077 4784 B:
2118 4735 2161 4785 is
2200 4737 2435 4802 genetivo
2474 4737 2721 4802 singulari
2763 4737 3083 4786 terminatum
3123 4751 3157 4791 3
3208 4737 3248 4783 is

683 4804 910 4871 genitivo
946 4803 1191 4869 singulari
1228 4805 1604 4853 terminatorum
1635 4803 1901 4856 Putat-leina
1936 4805 1979 4853 is
2006 4805 2232 4871 genitivo
2273 4805 2524 4872 singulari
2558 4807 2855 4856 terminatae
2884 4799 3249 4856 Linde-mannus
