<?xml version="1.0" encoding="UTF-8"?>
<!DOCTYPE html PUBLIC "-//W3C//DTD XHTML 1.0 Transitional//EN"
    "http://www.w3.org/TR/xhtml1/DTD/xhtml1-transitional.dtd">
<html xmlns="http://www.w3.org/1999/xhtml" xml:lang="en" lang="en">
 <head>
  <title>
</title>
<meta http-equiv="Content-Type" content="text/html;charset=utf-8" />
  <meta name='ocr-system' content='tesseract 3.04.00' />
  <meta name='ocr-capabilities' content='ocr_page ocr_carea ocr_par ocr_line ocrx_word'/>
</head>
<body>
  <div class='ocr_page' id='page_1' title='image "./grammaticilatin01unkngoog_0025.png"; bbox 0 0 3434 5442; ppageno 0'>
   <div class='ocr_carea' id='block_1_1' title="bbox 638 335 2137 400">
    <p class='ocr_par' dir='ltr' id='par_1_1' title="bbox 638 335 2137 400">
     <span class='ocr_line' id='line_1_1' title="bbox 638 335 2137 400; baseline -0.002 0"><span class='ocrx_word' id='word_1_1' title='bbox 638 353 736 400; x_wconf 84' lang='lat' dir='ltr'><strong><em>xx</em></strong></span> <span class='ocrx_word' id='word_1_2' title='bbox 1715 335 2137 399; x_wconf 80' lang='lat' dir='ltr'><strong>PRAEFATIO</strong></span> 
     </span>
    </p>
   </div>
   <div class='ocr_carea' id='block_1_2' title="bbox 605 527 3219 4891">
    <p class='ocr_par' dir='ltr' id='par_1_2' title="bbox 605 527 3219 4068">
     <span class='ocr_line' id='line_1_2' title="bbox 639 527 3218 605; baseline -0.002 -17"><span class='ocrx_word' id='word_1_3' title='bbox 639 545 838 589; x_wconf 87' lang='lat' dir='ltr'><strong><em>omnes</em></strong></span> <span class='ocrx_word' id='word_1_4' title='bbox 870 531 1250 605; x_wconf 77' lang='lat' dir='ltr'><em>particulae,</em></span> <span class='ocrx_word' id='word_1_5' title='bbox 1311 541 1721 603; x_wconf 86' lang='lat' dir='ltr'><strong><em>quaecumque</em></strong></span> <span class='ocrx_word' id='word_1_6' title='bbox 1760 533 1927 599; x_wconf 90' lang='lat' dir='ltr'><strong><em>sunt,</em></strong></span> <span class='ocrx_word' id='word_1_7' title='bbox 1988 542 2145 600; x_wconf 84' lang='lat' dir='ltr'><strong><em>quae</em></strong></span> <span class='ocrx_word' id='word_1_8' title='bbox 2186 527 2409 585; x_wconf 76' lang='lat' dir='ltr'><strong><em>babent</em></strong></span> <span class='ocrx_word' id='word_1_9' title='bbox 2450 543 2683 586; x_wconf 88' lang='lat' dir='ltr'><strong><em>sensum</em></strong></span> <span class='ocrx_word' id='word_1_10' title='bbox 2728 528 3033 600; x_wconf 73' lang='lat' dir='ltr'><strong><em>auqentis,</em></strong></span> <span class='ocrx_word' id='word_1_11' title='bbox 3096 543 3218 587; x_wconf 80' lang='lat' dir='ltr'><strong><em>non</em></strong></span> 
     </span>
     <span class='ocr_line' id='line_1_3' title="bbox 638 629 3219 704; baseline -0 -15"><span class='ocrx_word' id='word_1_12' title='bbox 638 633 944 704; x_wconf 73' lang='lat' dir='ltr'><strong><em>iunqenda</em></strong></span> <span class='ocrx_word' id='word_1_13' title='bbox 987 639 1124 692; x_wconf 89' lang='lat' dir='ltr'><strong><em>sunt</em></strong></span> <span class='ocrx_word' id='word_1_14' title='bbox 1166 647 1275 690; x_wconf 88' lang='lat' dir='ltr'><strong><em>nec</em></strong></span> <span class='ocrx_word' id='word_1_15' title='bbox 1318 629 1721 703; x_wconf 71' lang='lat' dir='ltr'><strong><em>conpar-atino</em></strong></span> <span class='ocrx_word' id='word_1_16' title='bbox 1764 644 1875 687; x_wconf 89' lang='lat' dir='ltr'><strong><em>nec</em></strong></span> <span class='ocrx_word' id='word_1_17' title='bbox 1916 630 2320 702; x_wconf 74' lang='lat' dir='ltr'><strong><em>superlatum,</em></strong></span> <span class='ocrx_word' id='word_1_18' title='bbox 2382 630 2490 687; x_wconf 84' lang='lat' dir='ltr'><strong><em>sed</em></strong></span> <span class='ocrx_word' id='word_1_19' title='bbox 2540 635 2776 688; x_wconf 89' lang='lat' dir='ltr'><strong><em>tantum</em></strong></span> <span class='ocrx_word' id='word_1_20' title='bbox 2830 631 3007 688; x_wconf 82' lang='lat' dir='ltr'><strong><em>modo</em></strong></span> <span class='ocrx_word' id='word_1_21' title='bbox 3052 631 3219 703; x_wconf 88' lang='lat' dir='ltr'><strong><em>posi-</em></strong></span> 
     </span>
     <span class='ocr_line' id='line_1_4' title="bbox 637 709 3219 813; baseline -0.001 -21"><span class='ocrx_word' id='word_1_22' title='bbox 637 735 790 792; x_wconf 83' lang='lat' dir='ltr'><strong><em>tivo:</em></strong></span> <span class='ocrx_word' id='word_1_23' title='bbox 837 737 945 810; x_wconf 87' lang='lat'><strong><em>73,</em></strong></span> <span class='ocrx_word' id='word_1_24' title='bbox 993 739 1053 798; x_wconf 85' lang='lat'><strong><em>9.</em></strong></span> <span class='ocrx_word' id='word_1_25' title='bbox 1119 750 1184 813; x_wconf 99' lang='grc' dir='ltr'><strong><em>Ρ.</em></strong></span> <span class='ocrx_word' id='word_1_26' title='bbox 1231 734 1354 797; x_wconf 87' lang='grc'><strong><em>235</em></strong></span> <span class='ocrx_word' id='word_1_27' title='bbox 1399 709 1665 805; x_wconf 80' lang='lat' dir='ltr'><strong><em>qualitas</em></strong></span> <span class='ocrx_word' id='word_1_28' title='bbox 1701 732 2129 804; x_wconf 81' lang='lat' dir='ltr'><em>pronominum</em></span> <span class='ocrx_word' id='word_1_29' title='bbox 2171 731 2499 790; x_wconf 82' lang='lat' dir='ltr'><strong><em>secundum</em></strong></span> <span class='ocrx_word' id='word_1_30' title='bbox 2542 731 2716 790; x_wconf 88' lang='lat' dir='ltr'><strong><em>istum</em></strong></span> <span class='ocrx_word' id='word_1_31' title='bbox 2761 732 2823 789; x_wconf 86' lang='lat' dir='ltr'><strong><em>in</em></strong></span> <span class='ocrx_word' id='word_1_32' title='bbox 2866 731 3026 790; x_wconf 81' lang='lat' dir='ltr'><strong><em>duas</em></strong></span> <span class='ocrx_word' id='word_1_33' title='bbox 3068 731 3219 790; x_wconf 82' lang='lat' dir='ltr'><strong><em>divi-</em></strong></span> 
     </span>
     <span class='ocr_line' id='line_1_5' title="bbox 637 831 3218 913; baseline -0.001 -20"><span class='ocrx_word' id='word_1_34' title='bbox 637 835 805 894; x_wconf 85' lang='lat' dir='ltr'><strong><em>ditur</em></strong></span> <span class='ocrx_word' id='word_1_35' title='bbox 836 842 1082 909; x_wconf 88' lang='lat' dir='ltr'><strong><em>partes,</em></strong></span> <span class='ocrx_word' id='word_1_36' title='bbox 1130 833 1454 893; x_wconf 84' lang='lat' dir='ltr'><strong><em>secundum</em></strong></span> <span class='ocrx_word' id='word_1_37' title='bbox 1499 831 1762 890; x_wconf 81' lang='lat' dir='ltr'><strong><em>Probum</em></strong></span> <span class='ocrx_word' id='word_1_38' title='bbox 1806 833 1867 890; x_wconf 92' lang='lat' dir='ltr'><strong><em>in</em></strong></span> <span class='ocrx_word' id='word_1_39' title='bbox 1914 839 2206 906; x_wconf 86' lang='lat' dir='ltr'><strong><em>quattuor</em></strong></span> <span class='ocrx_word' id='word_1_40' title='bbox 2250 839 2315 892; x_wconf 88' lang='lat' dir='ltr'><strong><em>et</em></strong></span> <span class='ocrx_word' id='word_1_41' title='bbox 2344 851 2404 913; x_wconf 91' lang='lat' dir='ltr'><strong><em>p.</em></strong></span> <span class='ocrx_word' id='word_1_42' title='bbox 2436 834 2560 898; x_wconf 86' lang='lat'><strong><em>236</em></strong></span> <span class='ocrx_word' id='word_1_43' title='bbox 2605 833 2841 892; x_wconf 87' lang='lat' dir='ltr'><strong><em>Probus</em></strong></span> <span class='ocrx_word' id='word_1_44' title='bbox 2884 839 3085 892; x_wconf 87' lang='lat' dir='ltr'><strong><em>autem</em></strong></span> <span class='ocrx_word' id='word_1_45' title='bbox 3130 835 3218 892; x_wconf 85' lang='lat' dir='ltr'><strong><em>ita</em></strong></span> 
     </span>
     <span class='ocr_line' id='line_1_6' title="bbox 635 935 3217 1010; baseline -0 -16"><span class='ocrx_word' id='word_1_46' title='bbox 635 937 930 1009; x_wconf 78' lang='lat' dir='ltr'><strong><em>definivit,</em></strong></span> <span class='ocrx_word' id='word_1_47' title='bbox 994 937 1196 996; x_wconf 90' lang='lat' dir='ltr'><strong><em>omnia</em></strong></span> <span class='ocrx_word' id='word_1_48' title='bbox 1229 936 1603 1010; x_wconf 81' lang='lat' dir='ltr'><em>pronomina</em></span> <span class='ocrx_word' id='word_1_49' title='bbox 1647 939 1757 992; x_wconf 89' lang='lat' dir='ltr'><strong><em>aut</em></strong></span> <span class='ocrx_word' id='word_1_50' title='bbox 1790 935 1969 1005; x_wconf 81' lang='lat' dir='ltr'><strong><em>finita</em></strong></span> <span class='ocrx_word' id='word_1_51' title='bbox 2022 942 2163 993; x_wconf 86' lang='lat' dir='ltr'><strong><em>sunt</em></strong></span> <span class='ocrx_word' id='word_1_52' title='bbox 2206 941 2314 994; x_wconf 91' lang='lat' dir='ltr'><strong><em>aut</em></strong></span> <span class='ocrx_word' id='word_1_53' title='bbox 2358 935 2591 1006; x_wconf 81' lang='lat' dir='ltr'><strong><em>infinita</em></strong></span> <span class='ocrx_word' id='word_1_54' title='bbox 2645 941 2756 995; x_wconf 83' lang='lat' dir='ltr'><strong><em>aut</em></strong></span> <span class='ocrx_word' id='word_1_55' title='bbox 2796 937 2989 994; x_wconf 89' lang='lat' dir='ltr'><strong><em>minus</em></strong></span> <span class='ocrx_word' id='word_1_56' title='bbox 3034 950 3217 1009; x_wconf 88' lang='lat' dir='ltr'><strong><em>quam</em></strong></span> 
     </span>
     <span class='ocr_line' id='line_1_7' title="bbox 625 1031 3217 1116; baseline -0.001 -20"><span class='ocrx_word' id='word_1_57' title='bbox 625 1038 806 1108; x_wconf 82' lang='lat' dir='ltr'><strong><em>finita</em></strong></span> <span class='ocrx_word' id='word_1_58' title='bbox 852 1044 960 1096; x_wconf 89' lang='lat' dir='ltr'><strong><em>aut</em></strong></span> <span class='ocrx_word' id='word_1_59' title='bbox 996 1039 1360 1113; x_wconf 86' lang='lat' dir='ltr'><strong><em>possessiva:</em></strong></span> <span class='ocrx_word' id='word_1_60' title='bbox 1417 1039 1532 1100; x_wconf 87' lang='lat'><strong><em>131</em></strong></span> <span class='ocrx_word' id='word_1_61' title='bbox 1553 1078 1570 1112; x_wconf 90' lang='lat'><strong>,</strong></span> <span class='ocrx_word' id='word_1_62' title='bbox 1617 1037 1720 1101; x_wconf 83' lang='lat'><strong><em>25.</em></strong></span> <span class='ocrx_word' id='word_1_63' title='bbox 1808 1053 1872 1115; x_wconf 89' lang='lat' dir='ltr'><strong><em>p.</em></strong></span> <span class='ocrx_word' id='word_1_64' title='bbox 1921 1039 2038 1101; x_wconf 85' lang='lat'><strong><em>291</em></strong></span> <span class='ocrx_word' id='word_1_65' title='bbox 2090 1036 2274 1095; x_wconf 77' lang='lat' dir='ltr'><strong><em>habes</em></strong></span> <span class='ocrx_word' id='word_1_66' title='bbox 2315 1037 2479 1096; x_wconf 76' lang='lat' dir='ltr'><strong><em>hanc</em></strong></span> <span class='ocrx_word' id='word_1_67' title='bbox 2520 1039 2791 1112; x_wconf 75' lang='lat' dir='ltr'><strong><em>requlam</em></strong></span> <span class='ocrx_word' id='word_1_68' title='bbox 2841 1031 2949 1116; x_wconf 88' lang='lat' dir='ltr'><strong><em>(de</em></strong></span> <span class='ocrx_word' id='word_1_69' title='bbox 2994 1031 3217 1096; x_wconf 88' lang='lat' dir='ltr'><strong><em>futuro</em></strong></span> 
     </span>
     <span class='ocr_line' id='line_1_8' title="bbox 633 1132 3219 1220; baseline 0 -24"><span class='ocrx_word' id='word_1_70' title='bbox 633 1144 920 1220; x_wconf 86' lang='lat' dir='ltr'><strong><em>tempore</em></strong></span> <span class='ocrx_word' id='word_1_71' title='bbox 961 1136 1027 1198; x_wconf 92' lang='lat' dir='ltr'><strong><em>in</em></strong></span> <span class='ocrx_word' id='word_1_72' title='bbox 1073 1155 1180 1198; x_wconf 86' lang='lat' dir='ltr'><strong><em>am</em></strong></span> <span class='ocrx_word' id='word_1_73' title='bbox 1222 1143 1288 1198; x_wconf 86' lang='lat' dir='ltr'><strong><em>et</em></strong></span> <span class='ocrx_word' id='word_1_74' title='bbox 1327 1135 1398 1198; x_wconf 92' lang='lat' dir='ltr'><strong><em>in</em></strong></span> <span class='ocrx_word' id='word_1_75' title='bbox 1438 1132 1554 1214; x_wconf 85' lang='lat' dir='ltr'><strong><em>bo)</em></strong></span> <span class='ocrx_word' id='word_1_76' title='bbox 1599 1139 1893 1212; x_wconf 81' lang='lat' dir='ltr'><strong><em>scriptam</em></strong></span> <span class='ocrx_word' id='word_1_77' title='bbox 1936 1139 1999 1198; x_wconf 91' lang='lat' dir='ltr'><strong><em>in</em></strong></span> <span class='ocrx_word' id='word_1_78' title='bbox 2045 1138 2275 1198; x_wconf 87' lang='lat' dir='ltr'><strong><em>Probo:</em></strong></span> <span class='ocrx_word' id='word_1_79' title='bbox 2333 1141 2483 1217; x_wconf 83' lang='grc'>180,</span> <span class='ocrx_word' id='word_1_80' title='bbox 2544 1145 2603 1202; x_wconf 85' lang='grc'><strong><em>4.</em></strong></span> <span class='ocrx_word' id='word_1_81' title='bbox 2694 1157 2757 1220; x_wconf 89' lang='grc' dir='ltr'><strong><em>Ρ.</em></strong></span> <span class='ocrx_word' id='word_1_82' title='bbox 2807 1142 2929 1203; x_wconf 95' lang='grc'><strong><em>409</em></strong></span> <span class='ocrx_word' id='word_1_83' title='bbox 2987 1139 3219 1198; x_wconf 79' lang='lat' dir='ltr'><strong><em>habetis</em></strong></span> 
     </span>
     <span class='ocr_line' id='line_1_9' title="bbox 631 1236 3217 1331; baseline 0 -33"><span class='ocrx_word' id='word_1_84' title='bbox 631 1257 736 1331; x_wconf 69' lang='lat' dir='ltr'><strong><em>eas</em></strong></span> <span class='ocrx_word' id='word_1_85' title='bbox 781 1236 1348 1322; x_wconf 79' lang='lat' dir='ltr'>(praepositiones)</span> <span class='ocrx_word' id='word_1_86' title='bbox 1395 1241 1458 1298; x_wconf 89' lang='lat' dir='ltr'><strong><em>in</em></strong></span> <span class='ocrx_word' id='word_1_87' title='bbox 1503 1239 1702 1299; x_wconf 90' lang='lat' dir='ltr'><strong><em>Probo</em></strong></span> <span class='ocrx_word' id='word_1_88' title='bbox 1747 1240 1895 1299; x_wconf 88' lang='lat' dir='ltr'><strong><em>bene</em></strong></span> <span class='ocrx_word' id='word_1_89' title='bbox 1949 1247 2363 1300; x_wconf 87' lang='lat' dir='ltr'><strong><em>enumeratas:</em></strong></span> <span class='ocrx_word' id='word_1_90' title='bbox 2418 1242 2674 1314; x_wconf 72' lang='lat' dir='ltr'><strong><em>triqinta</em></strong></span> <span class='ocrx_word' id='word_1_91' title='bbox 2726 1241 2909 1299; x_wconf 74' lang='lat' dir='ltr'><strong><em>babes</em></strong></span> <span class='ocrx_word' id='word_1_92' title='bbox 2964 1256 3217 1300; x_wconf 85' lang='lat' dir='ltr'><strong><em>accusa-</em></strong></span> 
     </span>
     <span class='ocr_line' id='line_1_10' title="bbox 630 1341 3215 1418; baseline -0 -16"><span class='ocrx_word' id='word_1_93' title='bbox 630 1345 813 1416; x_wconf 84' lang='lat' dir='ltr'><strong><em>tivas,</em></strong></span> <span class='ocrx_word' id='word_1_94' title='bbox 863 1344 1205 1418; x_wconf 83' lang='lat' dir='ltr'><strong><em>quindecim</em></strong></span> <span class='ocrx_word' id='word_1_95' title='bbox 1247 1342 1431 1401; x_wconf 79' lang='lat' dir='ltr'><strong><em>babes</em></strong></span> <span class='ocrx_word' id='word_1_96' title='bbox 1474 1341 1775 1401; x_wconf 84' lang='lat' dir='ltr'><strong><em>ablativas</em></strong></span> <span class='ocrx_word' id='word_1_97' title='bbox 1818 1347 1877 1400; x_wconf 88' lang='lat' dir='ltr'><strong><em>et</em></strong></span> <span class='ocrx_word' id='word_1_98' title='bbox 1919 1349 2211 1416; x_wconf 88' lang='lat' dir='ltr'><strong><em>quattuor</em></strong></span> <span class='ocrx_word' id='word_1_99' title='bbox 2250 1343 2434 1402; x_wconf 76' lang='lat' dir='ltr'><strong><em>babes</em></strong></span> <span class='ocrx_word' id='word_1_100' title='bbox 2486 1359 2827 1403; x_wconf 89' lang='lat' dir='ltr'><strong><em>communes</em></strong></span> <span class='ocrx_word' id='word_1_101' title='bbox 2880 1349 2939 1401; x_wconf 87' lang='lat' dir='ltr'><strong><em>et</em></strong></span> <span class='ocrx_word' id='word_1_102' title='bbox 2994 1351 3215 1418; x_wconf 80' lang='lat' dir='ltr'><em>septem</em></span> 
     </span>
     <span class='ocr_line' id='line_1_11' title="bbox 629 1438 3217 1524; baseline 0 -22"><span class='ocrx_word' id='word_1_103' title='bbox 629 1445 814 1504; x_wconf 75' lang='lat' dir='ltr'><strong><em>babes</em></strong></span> <span class='ocrx_word' id='word_1_104' title='bbox 876 1446 1268 1519; x_wconf 84' lang='lat' dir='ltr'><strong><em>loquellares:</em></strong></span> <span class='ocrx_word' id='word_1_105' title='bbox 1335 1448 1491 1517; x_wconf 84' lang='lat'><strong>147,</strong></span> <span class='ocrx_word' id='word_1_106' title='bbox 1561 1449 1619 1508; x_wconf 91' lang='grc'><strong><em>5.</em></strong></span> <span class='ocrx_word' id='word_1_107' title='bbox 1732 1447 1991 1524; x_wconf 83' lang='lat' dir='ltr'><strong><em>praeter</em></strong></span> <span class='ocrx_word' id='word_1_108' title='bbox 2045 1439 2217 1504; x_wconf 89' lang='lat' dir='ltr'><strong><em>hunc</em></strong></span> <span class='ocrx_word' id='word_1_109' title='bbox 2270 1438 2589 1504; x_wconf 87' lang='lat' dir='ltr'><strong><em>catholica</em></strong></span> <span class='ocrx_word' id='word_1_110' title='bbox 2644 1442 2847 1506; x_wconf 85' lang='lat' dir='ltr'><strong><em>citata</em></strong></span> <span class='ocrx_word' id='word_1_111' title='bbox 2898 1441 3119 1504; x_wconf 85' lang='lat' dir='ltr'><strong><em>inveni</em></strong></span> <span class='ocrx_word' id='word_1_112' title='bbox 3176 1461 3217 1504; x_wconf 90' lang='lat' dir='ltr'><strong><em>a</em></strong></span> 
     </span>
     <span class='ocr_line' id='line_1_12' title="bbox 631 1540 3215 1628; baseline 0 -23"><span class='ocrx_word' id='word_1_113' title='bbox 631 1540 941 1606; x_wconf 85' lang='lat' dir='ltr'><strong><em>Cledonio</em></strong></span> <span class='ocrx_word' id='word_1_114' title='bbox 987 1564 1050 1628; x_wconf 93' lang='grc' dir='ltr'><strong><em>Ρ.</em></strong></span> <span class='ocrx_word' id='word_1_115' title='bbox 1102 1547 1259 1610; x_wconf 88' lang='grc'>1901</span> <span class='ocrx_word' id='word_1_116' title='bbox 1289 1545 1546 1628; x_wconf 25' lang='lat' dir='ltr'><strong><em>‘Probus</em></strong></span> <span class='ocrx_word' id='word_1_117' title='bbox 1588 1547 1648 1604; x_wconf 87' lang='lat' dir='ltr'><strong><em>in</em></strong></span> <span class='ocrx_word' id='word_1_118' title='bbox 1697 1553 1833 1604; x_wconf 89' lang='lat' dir='ltr'><strong><em>arte</em></strong></span> <span class='ocrx_word' id='word_1_119' title='bbox 1875 1561 2053 1620; x_wconf 89' lang='lat' dir='ltr'><strong><em>quam</em></strong></span> <span class='ocrx_word' id='word_1_120' title='bbox 2098 1547 2174 1606; x_wconf 85' lang='lat' dir='ltr'><strong><em>de</em></strong></span> <span class='ocrx_word' id='word_1_121' title='bbox 2215 1549 2441 1620; x_wconf 67' lang='lat' dir='ltr'><strong><em>repulis</em></strong></span> <span class='ocrx_word' id='word_1_122' title='bbox 2482 1549 2725 1621; x_wconf 78' lang='lat' dir='ltr'><strong><em>scripsit</em></strong></span> <span class='ocrx_word' id='word_1_123' title='bbox 2766 1547 2867 1606; x_wconf 78' lang='lat' dir='ltr'><strong><em>bic</em></strong></span> <span class='ocrx_word' id='word_1_124' title='bbox 2907 1549 3068 1606; x_wconf 82' lang='lat' dir='ltr'><strong><em>later</em></strong></span> <span class='ocrx_word' id='word_1_125' title='bbox 3100 1563 3215 1621; x_wconf 91' lang='lat' dir='ltr'><strong><em>po—</em></strong></span> 
     </span>
     <span class='ocr_line' id='line_1_13' title="bbox 627 1641 3213 1726; baseline -0.001 -19"><span class='ocrx_word' id='word_1_126' title='bbox 627 1651 780 1708; x_wconf 87' lang='lat' dir='ltr'><strong><em>suit:</em></strong></span> <span class='ocrx_word' id='word_1_127' title='bbox 839 1652 949 1723; x_wconf 88' lang='lat'><strong><em>17,</em></strong></span> <span class='ocrx_word' id='word_1_128' title='bbox 998 1655 1070 1726; x_wconf 81' lang='lat'><strong><em>43</em></strong></span> <span class='ocrx_word' id='word_1_129' title='bbox 1128 1643 1660 1708; x_wconf 86' lang='lat' dir='ltr'><strong><em>commentarium</em></strong></span> <span class='ocrx_word' id='word_1_130' title='bbox 1717 1641 1798 1706; x_wconf 88' lang='lat' dir='ltr'><strong><em>de</em></strong></span> <span class='ocrx_word' id='word_1_131' title='bbox 1844 1646 2184 1707; x_wconf 79' lang='lat' dir='ltr'><strong>structuris</strong></span> <span class='ocrx_word' id='word_1_132' title='bbox 2231 1665 2379 1708; x_wconf 88' lang='lat' dir='ltr'><strong><em>cum</em></strong></span> <span class='ocrx_word' id='word_1_133' title='bbox 2423 1643 2756 1709; x_wconf 85' lang='lat' dir='ltr'><strong>catholicis</strong></span> <span class='ocrx_word' id='word_1_134' title='bbox 2800 1645 3213 1709; x_wconf 87' lang='lat' dir='ltr'><strong><em>coniunctum</em></strong></span> 
     </span>
     <span class='ocr_line' id='line_1_14' title="bbox 629 1745 3215 1832; baseline 0 -25"><span class='ocrx_word' id='word_1_135' title='bbox 629 1767 668 1807; x_wconf 86' lang='lat' dir='ltr'><strong><em>a</em></strong></span> <span class='ocrx_word' id='word_1_136' title='bbox 711 1745 948 1810; x_wconf 89' lang='lat' dir='ltr'><strong><em>Rufino</em></strong></span> <span class='ocrx_word' id='word_1_137' title='bbox 993 1768 1056 1832; x_wconf 92' lang='grc' dir='ltr'><strong><em>Ρ.</em></strong></span> <span class='ocrx_word' id='word_1_138' title='bbox 1103 1753 1270 1813; x_wconf 83' lang='lat'>2724</span> <span class='ocrx_word' id='word_1_139' title='bbox 1317 1749 1550 1809; x_wconf 85' lang='lat' dir='ltr'><strong><em>Probus</em></strong></span> <span class='ocrx_word' id='word_1_140' title='bbox 1591 1750 1668 1808; x_wconf 84' lang='lat' dir='ltr'><strong><em>de</em></strong></span> <span class='ocrx_word' id='word_1_141' title='bbox 1711 1751 1976 1808; x_wconf 86' lang='lat' dir='ltr'><strong><em>numeris</em></strong></span> <span class='ocrx_word' id='word_1_142' title='bbox 2020 1751 2337 1823; x_wconf 86' lang='lat' dir='ltr'><strong><em>oratoriis,</em></strong></span> <span class='ocrx_word' id='word_1_143' title='bbox 2387 1751 2711 1811; x_wconf 75' lang='lat' dir='ltr'><strong><em>trochaeus</em></strong></span> <span class='ocrx_word' id='word_1_144' title='bbox 2752 1757 2811 1809; x_wconf 89' lang='lat' dir='ltr'><strong><em>et</em></strong></span> <span class='ocrx_word' id='word_1_145' title='bbox 2844 1766 3052 1825; x_wconf 88' lang='lat' dir='ltr'><strong><em>paean</em></strong></span> <span class='ocrx_word' id='word_1_146' title='bbox 3096 1757 3215 1809; x_wconf 89' lang='lat' dir='ltr'><strong><em>ter-</em></strong></span> 
     </span>
     <span class='ocr_line' id='line_1_15' title="bbox 627 1850 3215 1928; baseline -0 -18"><span class='ocrx_word' id='word_1_147' title='bbox 627 1853 745 1911; x_wconf 85' lang='lat' dir='ltr'><strong><em>tius</em></strong></span> <span class='ocrx_word' id='word_1_148' title='bbox 789 1851 988 1924; x_wconf 84' lang='lat' dir='ltr'><strong><em>faciet</em></strong></span> <span class='ocrx_word' id='word_1_149' title='bbox 1040 1853 1207 1912; x_wconf 89' lang='lat' dir='ltr'><strong><em>illam</em></strong></span> <span class='ocrx_word' id='word_1_150' title='bbox 1261 1857 1628 1911; x_wconf 84' lang='lat' dir='ltr'><strong><em>structuram</em></strong></span> <span class='ocrx_word' id='word_1_151' title='bbox 1680 1850 1878 1911; x_wconf 87' lang='lat' dir='ltr'><strong><em>Tullio</em></strong></span> <span class='ocrx_word' id='word_1_152' title='bbox 1922 1854 2328 1927; x_wconf 88' lang='lat' dir='ltr'><strong><em>peculiarem,</em></strong></span> <span class='ocrx_word' id='word_1_153' title='bbox 2386 1869 2511 1911; x_wconf 89' lang='lat' dir='ltr'><strong><em>esse</em></strong></span> <span class='ocrx_word' id='word_1_154' title='bbox 2564 1854 2883 1913; x_wconf 83' lang='lat' dir='ltr'><strong><em>videatur:</em></strong></span> <span class='ocrx_word' id='word_1_155' title='bbox 2937 1856 3017 1917; x_wconf 83' lang='lat'><strong><em>42</em></strong></span> <span class='ocrx_word' id='word_1_156' title='bbox 3032 1895 3049 1928; x_wconf 93' lang='lat'><strong><em>,</em></strong></span> <span class='ocrx_word' id='word_1_157' title='bbox 3100 1855 3215 1928; x_wconf 84' lang='lat'><strong><em>103</em></strong></span> 
     </span>
     <span class='ocr_line' id='line_1_16' title="bbox 629 1946 3217 2034; baseline 0 -22"><span class='ocrx_word' id='word_1_158' title='bbox 629 1957 694 2012; x_wconf 87' lang='lat' dir='ltr'><strong><em>et</em></strong></span> <span class='ocrx_word' id='word_1_159' title='bbox 727 1946 807 2013; x_wconf 85' lang='lat' dir='ltr'><strong><em>de</em></strong></span> <span class='ocrx_word' id='word_1_160' title='bbox 853 1951 1194 2015; x_wconf 83' lang='lat' dir='ltr'><strong><em>structuris</em></strong></span> <span class='ocrx_word' id='word_1_161' title='bbox 1240 1948 1411 2013; x_wconf 87' lang='lat' dir='ltr'><strong><em>anal.</em></strong></span> <span class='ocrx_word' id='word_1_162' title='bbox 1457 1970 1731 2034; x_wconf 85' lang='lat' dir='ltr'><strong><em>gramm.</em></strong></span> <span class='ocrx_word' id='word_1_163' title='bbox 1776 1971 1841 2034; x_wconf 87' lang='lat' dir='ltr'><strong><em>p.</em></strong></span> <span class='ocrx_word' id='word_1_164' title='bbox 1888 1958 2011 2020; x_wconf 88' lang='lat'><strong><em>508</em></strong></span> <span class='ocrx_word' id='word_1_165' title='bbox 2057 1949 2158 2014; x_wconf 86' lang='lat' dir='ltr'><strong><em>ed.</em></strong></span> <span class='ocrx_word' id='word_1_166' title='bbox 2204 1948 2401 2014; x_wconf 80' lang='lat' dir='ltr'><strong><em>Vind.</em></strong></span> <span class='ocrx_word' id='word_1_167' title='bbox 2446 1956 2558 2014; x_wconf 84' lang='lat' dir='ltr'><strong><em>sed</em></strong></span> <span class='ocrx_word' id='word_1_168' title='bbox 2597 1961 2664 2014; x_wconf 91' lang='lat' dir='ltr'><strong><em>ut</em></strong></span> <span class='ocrx_word' id='word_1_169' title='bbox 2706 1956 3075 2026; x_wconf 87' lang='lat' dir='ltr'><strong><em>brevissime,</em></strong></span> <span class='ocrx_word' id='word_1_170' title='bbox 3126 1957 3217 2012; x_wconf 87' lang='lat' dir='ltr'><strong><em>ait</em></strong></span> 
     </span>
     <span class='ocr_line' id='line_1_17' title="bbox 627 2055 3214 2133; baseline -0 -19"><span class='ocrx_word' id='word_1_171' title='bbox 627 2055 888 2128; x_wconf 86' lang='lat' dir='ltr'><strong><em>Probus,</em></strong></span> <span class='ocrx_word' id='word_1_172' title='bbox 962 2057 1038 2115; x_wconf 85' lang='lat' dir='ltr'><strong><em>de</em></strong></span> <span class='ocrx_word' id='word_1_173' title='bbox 1097 2057 1418 2116; x_wconf 77' lang='lat' dir='ltr'><strong><em>structuris</em></strong></span> <span class='ocrx_word' id='word_1_174' title='bbox 1486 2056 1922 2115; x_wconf 80' lang='lat' dir='ltr'><strong><em>delectantibus</em></strong></span> <span class='ocrx_word' id='word_1_175' title='bbox 1988 2057 2309 2116; x_wconf 84' lang='lat' dir='ltr'><strong><em>doceamus</em></strong></span> <span class='ocrx_word' id='word_1_176' title='bbox 2366 2089 2437 2100; x_wconf 90' lang='lat'><strong><em>—-</em></strong></span> <span class='ocrx_word' id='word_1_177' title='bbox 2492 2073 2807 2133; x_wconf 87' lang='lat' dir='ltr'><strong><em>possumus</em></strong></span> <span class='ocrx_word' id='word_1_178' title='bbox 2875 2057 3179 2116; x_wconf 85' lang='lat' dir='ltr'><strong><em>delectare</em></strong></span> <span class='ocrx_word' id='word_1_179' title='bbox 3193 2075 3214 2113; x_wconf 87' lang='lat'><strong><em>.-</em></strong></span> 
     </span>
     <span class='ocr_line' id='line_1_18' title="bbox 626 2151 3212 2239; baseline 0.001 -23"><span class='ocrx_word' id='word_1_180' title='bbox 626 2160 740 2233; x_wconf 85' lang='grc'><strong><em>43,</em></strong></span> <span class='ocrx_word' id='word_1_181' title='bbox 789 2165 858 2235; x_wconf 85' lang='lat'><strong><em>73</em></strong></span> <span class='ocrx_word' id='word_1_182' title='bbox 904 2154 1204 2218; x_wconf 76' lang='lat' dir='ltr'><strong><em>instituta</em></strong></span> <span class='ocrx_word' id='word_1_183' title='bbox 1249 2154 1331 2219; x_wconf 86' lang='lat' dir='ltr'><strong><em>ab</em></strong></span> <span class='ocrx_word' id='word_1_184' title='bbox 1376 2152 1509 2234; x_wconf 82' lang='lat' dir='ltr'><strong><em>his,</em></strong></span> <span class='ocrx_word' id='word_1_185' title='bbox 1558 2152 1787 2218; x_wconf 82' lang='lat' dir='ltr'><strong><em>Servio</em></strong></span> <span class='ocrx_word' id='word_1_186' title='bbox 1830 2154 1899 2217; x_wconf 88' lang='lat' dir='ltr'><strong><em>in</em></strong></span> <span class='ocrx_word' id='word_1_187' title='bbox 1941 2151 2115 2216; x_wconf 92' lang='lat' dir='ltr'><strong><em>Don.</em></strong></span> <span class='ocrx_word' id='word_1_188' title='bbox 2161 2175 2226 2239; x_wconf 94' lang='grc' dir='ltr'><strong><em>Ρ.</em></strong></span> <span class='ocrx_word' id='word_1_189' title='bbox 2273 2162 2430 2236; x_wconf 89' lang='grc'>413,</span> <span class='ocrx_word' id='word_1_190' title='bbox 2479 2162 2559 2224; x_wconf 87' lang='grc'><strong><em>34</em></strong></span> <span class='ocrx_word' id='word_1_191' title='bbox 2614 2174 2766 2234; x_wconf 88' lang='lat' dir='ltr'><strong><em>quas</em></strong></span> <span class='ocrx_word' id='word_1_192' title='bbox 2809 2161 3053 2232; x_wconf 65' lang='lat' dir='ltr'><strong><em>repulas</em></strong></span> <span class='ocrx_word' id='word_1_193' title='bbox 3100 2153 3212 2238; x_wconf 84' lang='lat' dir='ltr'><strong><em>(de</em></strong></span> 
     </span>
     <span class='ocr_line' id='line_1_19' title="bbox 623 2254 3210 2341; baseline 0 -24"><span class='ocrx_word' id='word_1_194' title='bbox 623 2255 845 2319; x_wconf 89' lang='lat' dir='ltr'><strong><em>futuro</em></strong></span> <span class='ocrx_word' id='word_1_195' title='bbox 903 2265 1189 2341; x_wconf 90' lang='lat' dir='ltr'><strong><em>tempore</em></strong></span> <span class='ocrx_word' id='word_1_196' title='bbox 1245 2256 1310 2320; x_wconf 91' lang='lat' dir='ltr'><strong><em>in</em></strong></span> <span class='ocrx_word' id='word_1_197' title='bbox 1371 2277 1475 2320; x_wconf 91' lang='lat' dir='ltr'><strong><em>am</em></strong></span> <span class='ocrx_word' id='word_1_198' title='bbox 1530 2263 1598 2320; x_wconf 88' lang='lat' dir='ltr'><strong><em>et</em></strong></span> <span class='ocrx_word' id='word_1_199' title='bbox 1637 2255 1706 2319; x_wconf 89' lang='lat' dir='ltr'><strong><em>in</em></strong></span> <span class='ocrx_word' id='word_1_200' title='bbox 1751 2254 1863 2338; x_wconf 92' lang='lat' dir='ltr'><strong><em>bo)</em></strong></span> <span class='ocrx_word' id='word_1_201' title='bbox 1912 2259 2151 2320; x_wconf 90' lang='lat' dir='ltr'><strong><em>Probus</em></strong></span> <span class='ocrx_word' id='word_1_202' title='bbox 2196 2259 2437 2332; x_wconf 78' lang='lat' dir='ltr'><strong><em>artifex</em></strong></span> <span class='ocrx_word' id='word_1_203' title='bbox 2480 2268 2715 2322; x_wconf 87' lang='lat' dir='ltr'><strong><em>tuetur:</em></strong></span> <span class='ocrx_word' id='word_1_204' title='bbox 2774 2265 2924 2336; x_wconf 83' lang='grc'>180,</span> <span class='ocrx_word' id='word_1_205' title='bbox 2960 2265 3060 2338; x_wconf 82' lang='lat'><strong><em>‘43</em></strong></span> <span class='ocrx_word' id='word_1_206' title='bbox 3120 2256 3210 2319; x_wconf 89' lang='lat' dir='ltr'><strong><em>ib.</em></strong></span> 
     </span>
     <span class='ocr_line' id='line_1_20' title="bbox 626 2361 3215 2438; baseline -0.002 -13"><span class='ocrx_word' id='word_1_207' title='bbox 626 2365 748 2426; x_wconf 90' lang='grc'><strong><em>430</em></strong></span> <span class='ocrx_word' id='word_1_208' title='bbox 764 2404 782 2437; x_wconf 91' lang='grc'>,</span> <span class='ocrx_word' id='word_1_209' title='bbox 829 2365 910 2426; x_wconf 89' lang='lat'><strong><em>36</em></strong></span> <span class='ocrx_word' id='word_1_210' title='bbox 953 2364 1063 2421; x_wconf 82' lang='lat' dir='ltr'><strong><em>sed</em></strong></span> <span class='ocrx_word' id='word_1_211' title='bbox 1102 2364 1543 2437; x_wconf 69' lang='lat' dir='ltr'><strong><em>comparativus</em></strong></span> <span class='ocrx_word' id='word_1_212' title='bbox 1583 2361 1825 2436; x_wconf 72' lang='lat' dir='ltr'><strong><em>qradus</em></strong></span> <span class='ocrx_word' id='word_1_213' title='bbox 1862 2363 2107 2434; x_wconf 76' lang='lat' dir='ltr'><strong><em>qeneris</em></strong></span> <span class='ocrx_word' id='word_1_214' title='bbox 2150 2370 2235 2421; x_wconf 87' lang='lat' dir='ltr'><strong><em>est</em></strong></span> <span class='ocrx_word' id='word_1_215' title='bbox 2276 2380 2512 2438; x_wconf 85' lang='lat' dir='ltr'><strong><em>semper</em></strong></span> <span class='ocrx_word' id='word_1_216' title='bbox 2554 2366 2910 2435; x_wconf 87' lang='lat' dir='ltr'><strong><em>communis,</em></strong></span> <span class='ocrx_word' id='word_1_217' title='bbox 2958 2371 3215 2437; x_wconf 81' lang='lat' dir='ltr'><strong><em>excepto</em></strong></span> 
     </span>
     <span class='ocr_line' id='line_1_21' title="bbox 625 2464 3215 2539; baseline 0 -17"><span class='ocrx_word' id='word_1_218' title='bbox 625 2465 861 2522; x_wconf 89' lang='lat' dir='ltr'><strong><em>nomine</em></strong></span> <span class='ocrx_word' id='word_1_219' title='bbox 924 2464 1086 2538; x_wconf 85' lang='lat' dir='ltr'><strong><em>quod</em></strong></span> <span class='ocrx_word' id='word_1_220' title='bbox 1144 2471 1230 2522; x_wconf 90' lang='lat' dir='ltr'><strong><em>est</em></strong></span> <span class='ocrx_word' id='word_1_221' title='bbox 1294 2465 1526 2524; x_wconf 85' lang='lat' dir='ltr'><strong><em>senior:</em></strong></span> <span class='ocrx_word' id='word_1_222' title='bbox 1590 2465 1706 2523; x_wconf 80' lang='lat' dir='ltr'><strong><em>hoc</em></strong></span> <span class='ocrx_word' id='word_1_223' title='bbox 1762 2465 1948 2536; x_wconf 90' lang='lat' dir='ltr'><strong><em>enim,</em></strong></span> <span class='ocrx_word' id='word_1_224' title='bbox 2020 2470 2090 2523; x_wconf 82' lang='lat' dir='ltr'><strong><em>ut</em></strong></span> <span class='ocrx_word' id='word_1_225' title='bbox 2142 2465 2378 2525; x_wconf 85' lang='lat' dir='ltr'><strong><em>Probus</em></strong></span> <span class='ocrx_word' id='word_1_226' title='bbox 2432 2467 2608 2539; x_wconf 85' lang='lat' dir='ltr'><strong><em>dicit,</em></strong></span> <span class='ocrx_word' id='word_1_227' title='bbox 2678 2472 2910 2526; x_wconf 87' lang='lat' dir='ltr'><strong><em>tantum</em></strong></span> <span class='ocrx_word' id='word_1_228' title='bbox 2970 2466 3215 2538; x_wconf 79' lang='lat' dir='ltr'><strong><em>qeneris</em></strong></span> 
     </span>
     <span class='ocr_line' id='line_1_22' title="bbox 621 2559 3207 2642; baseline 0.001 -20"><span class='ocrx_word' id='word_1_229' title='bbox 621 2567 946 2625; x_wconf 88' lang='lat' dir='ltr'><strong><em>masculini</em></strong></span> <span class='ocrx_word' id='word_1_230' title='bbox 989 2571 1106 2624; x_wconf 83' lang='lat' dir='ltr'><strong><em>est:</em></strong></span> <span class='ocrx_word' id='word_1_231' title='bbox 1139 2568 1241 2628; x_wconf 87' lang='grc'>’61</span> <span class='ocrx_word' id='word_1_232' title='bbox 1261 2607 1278 2640; x_wconf 93' lang='grc'>,</span> <span class='ocrx_word' id='word_1_233' title='bbox 1327 2569 1395 2642; x_wconf 81' lang='lat'><strong><em>33</em></strong></span> <span class='ocrx_word' id='word_1_234' title='bbox 1457 2559 1546 2624; x_wconf 86' lang='lat' dir='ltr'><strong><em>ib·</em></strong></span> <span class='ocrx_word' id='word_1_235' title='bbox 1595 2569 1711 2630; x_wconf 89' lang='grc'><strong><em>431</em></strong></span> <span class='ocrx_word' id='word_1_236' title='bbox 1732 2607 1749 2639; x_wconf 89' lang='grc'>,</span> <span class='ocrx_word' id='word_1_237' title='bbox 1813 2567 1891 2629; x_wconf 93' lang='grc'><strong><em>19</em></strong></span> <span class='ocrx_word' id='word_1_238' title='bbox 1938 2566 2171 2626; x_wconf 82' lang='lat' dir='ltr'><strong><em>Probus</em></strong></span> <span class='ocrx_word' id='word_1_239' title='bbox 2213 2575 2413 2626; x_wconf 86' lang='lat' dir='ltr'><strong><em>autem</em></strong></span> <span class='ocrx_word' id='word_1_240' title='bbox 2460 2567 2609 2626; x_wconf 83' lang='lat' dir='ltr'><strong><em>dicit</em></strong></span> <span class='ocrx_word' id='word_1_241' title='bbox 2650 2570 2851 2627; x_wconf 88' lang='lat' dir='ltr'><strong><em>omnia</em></strong></span> <span class='ocrx_word' id='word_1_242' title='bbox 2894 2567 3207 2638; x_wconf 82' lang='lat' dir='ltr'><strong><em>adverbia,</em></strong></span> 
     </span>
     <span class='ocr_line' id='line_1_23' title="bbox 623 2667 3213 2743; baseline 0.001 -18"><span class='ocrx_word' id='word_1_243' title='bbox 623 2683 777 2741; x_wconf 88' lang='lat' dir='ltr'><strong><em>quae</em></strong></span> <span class='ocrx_word' id='word_1_244' title='bbox 817 2667 936 2726; x_wconf 86' lang='lat' dir='ltr'><strong><em>vim</em></strong></span> <span class='ocrx_word' id='word_1_245' title='bbox 980 2669 1254 2742; x_wconf 74' lang='lat' dir='ltr'><strong><em>auyentis</em></strong></span> <span class='ocrx_word' id='word_1_246' title='bbox 1298 2674 1407 2725; x_wconf 86' lang='lat' dir='ltr'><strong><em>aut</em></strong></span> <span class='ocrx_word' id='word_1_247' title='bbox 1448 2669 1770 2728; x_wconf 84' lang='lat' dir='ltr'><strong><em>minuentis</em></strong></span> <span class='ocrx_word' id='word_1_248' title='bbox 1812 2669 1874 2726; x_wconf 87' lang='lat' dir='ltr'><strong><em>in</em></strong></span> <span class='ocrx_word' id='word_1_249' title='bbox 1916 2684 1981 2726; x_wconf 91' lang='lat' dir='ltr'><strong><em>se</em></strong></span> <span class='ocrx_word' id='word_1_250' title='bbox 2023 2667 2271 2741; x_wconf 76' lang='lat' dir='ltr'><strong><em>babent,</em></strong></span> <span class='ocrx_word' id='word_1_251' title='bbox 2332 2685 2453 2728; x_wconf 89' lang='lat' dir='ltr'><strong><em>non</em></strong></span> <span class='ocrx_word' id='word_1_252' title='bbox 2511 2670 2727 2728; x_wconf 84' lang='lat' dir='ltr'><strong><em>debere</em></strong></span> <span class='ocrx_word' id='word_1_253' title='bbox 2767 2669 3061 2743; x_wconf 75' lang='lat' dir='ltr'><strong><em>coniunqi</em></strong></span> <span class='ocrx_word' id='word_1_254' title='bbox 3099 2685 3213 2728; x_wconf 87' lang='lat' dir='ltr'><strong><em>nec</em></strong></span> 
     </span>
     <span class='ocr_line' id='line_1_24' title="bbox 621 2763 3207 2847; baseline 0.001 -19"><span class='ocrx_word' id='word_1_255' title='bbox 621 2770 1023 2844; x_wconf 86' lang='lat' dir='ltr'><strong><em>conparativo</em></strong></span> <span class='ocrx_word' id='word_1_256' title='bbox 1065 2785 1178 2829; x_wconf 85' lang='lat' dir='ltr'><strong><em>nec</em></strong></span> <span class='ocrx_word' id='word_1_257' title='bbox 1219 2770 1630 2844; x_wconf 85' lang='lat' dir='ltr'><strong><em>superlativo:</em></strong></span> <span class='ocrx_word' id='word_1_258' title='bbox 1675 2771 1788 2844; x_wconf 87' lang='lat'><strong><em>73,</em></strong></span> <span class='ocrx_word' id='word_1_259' title='bbox 1837 2773 1905 2846; x_wconf 81' lang='lat'><strong><em>93</em></strong></span> <span class='ocrx_word' id='word_1_260' title='bbox 1950 2763 2039 2828; x_wconf 92' lang='lat' dir='ltr'><strong><em>ib.</em></strong></span> <span class='ocrx_word' id='word_1_261' title='bbox 2076 2773 2228 2845; x_wconf 85' lang='lat'><strong>435,</strong></span> <span class='ocrx_word' id='word_1_262' title='bbox 2274 2773 2356 2835; x_wconf 80' lang='lat'><strong><em>25</em></strong></span> <span class='ocrx_word' id='word_1_263' title='bbox 2388 2771 2622 2831; x_wconf 86' lang='lat' dir='ltr'><strong><em>Pr0bus</em></strong></span> <span class='ocrx_word' id='word_1_264' title='bbox 2652 2779 2848 2831; x_wconf 87' lang='lat' dir='ltr'><strong><em>autem</em></strong></span> <span class='ocrx_word' id='word_1_265' title='bbox 2872 2786 3207 2847; x_wconf 85' lang='lat' dir='ltr'><strong><em>pronomen</em></strong></span> 
     </span>
     <span class='ocr_line' id='line_1_25' title="bbox 621 2853 3207 2946; baseline 0.002 -18"><span class='ocrx_word' id='word_1_266' title='bbox 621 2872 683 2929; x_wconf 90' lang='lat' dir='ltr'><strong><em>in</em></strong></span> <span class='ocrx_word' id='word_1_267' title='bbox 729 2877 1020 2944; x_wconf 83' lang='lat' dir='ltr'><strong><em>quattuor</em></strong></span> <span class='ocrx_word' id='word_1_268' title='bbox 1053 2877 1271 2946; x_wconf 90' lang='lat' dir='ltr'><strong><em>partes</em></strong></span> <span class='ocrx_word' id='word_1_269' title='bbox 1313 2872 1700 2930; x_wconf 83' lang='lat' dir='ltr'><strong><em>dividendum</em></strong></span> <span class='ocrx_word' id='word_1_270' title='bbox 1733 2872 2003 2945; x_wconf 87' lang='lat' dir='ltr'><strong><em>putavit,</em></strong></span> <span class='ocrx_word' id='word_1_271' title='bbox 2065 2872 2134 2930; x_wconf 77' lang='lat' dir='ltr'><strong><em>ia</em></strong></span> <span class='ocrx_word' id='word_1_272' title='bbox 2172 2879 2258 2931; x_wconf 89' lang='lat' dir='ltr'><strong><em>est</em></strong></span> <span class='ocrx_word' id='word_1_273' title='bbox 2302 2889 2633 2946; x_wconf 86' lang='lat' dir='ltr'><strong><em>pronomen</em></strong></span> <span class='ocrx_word' id='word_1_274' title='bbox 2682 2853 2919 2945; x_wconf 63' lang='lat' dir='ltr'><strong><em>finitum</em></strong></span> <span class='ocrx_word' id='word_1_275' title='bbox 2934 2916 2951 2945; x_wconf 91' lang='lat'><strong><em>,</em></strong></span> <span class='ocrx_word' id='word_1_276' title='bbox 3012 2874 3207 2944; x_wconf 81' lang='lat' dir='ltr'><strong><em>infini-</em></strong></span> 
     </span>
     <span class='ocr_line' id='line_1_26' title="bbox 621 2968 3206 3054; baseline 0.003 -23"><span class='ocrx_word' id='word_1_277' title='bbox 621 2979 772 3044; x_wconf 85' lang='lat' dir='ltr'><strong><em>tum,</em></strong></span> <span class='ocrx_word' id='word_1_278' title='bbox 834 2975 1029 3032; x_wconf 89' lang='lat' dir='ltr'><strong><em>minus</em></strong></span> <span class='ocrx_word' id='word_1_279' title='bbox 1071 2989 1252 3048; x_wconf 85' lang='lat' dir='ltr'><strong><em>quam</em></strong></span> <span class='ocrx_word' id='word_1_280' title='bbox 1297 2975 1532 3045; x_wconf 77' lang='lat' dir='ltr'><strong><em>finitum</em></strong></span> <span class='ocrx_word' id='word_1_281' title='bbox 1576 2980 1634 3031; x_wconf 86' lang='lat' dir='ltr'><strong><em>et</em></strong></span> <span class='ocrx_word' id='word_1_282' title='bbox 1683 2974 2114 3047; x_wconf 85' lang='lat' dir='ltr'><strong><em>possessivum:</em></strong></span> <span class='ocrx_word' id='word_1_283' title='bbox 2175 2977 2329 3050; x_wconf 89' lang='grc'>131,</span> <span class='ocrx_word' id='word_1_284' title='bbox 2390 2978 2505 3053; x_wconf 84' lang='lat'><strong><em>253</em></strong></span> <span class='ocrx_word' id='word_1_285' title='bbox 2564 2968 2874 3035; x_wconf 87' lang='lat' dir='ltr'><strong><em>Cledonio</em></strong></span> <span class='ocrx_word' id='word_1_286' title='bbox 2928 2991 2993 3054; x_wconf 89' lang='lat' dir='ltr'><strong><em>p.</em></strong></span> <span class='ocrx_word' id='word_1_287' title='bbox 3046 2975 3206 3039; x_wconf 85' lang='lat'><strong>1933</strong></span> 
     </span>
     <span class='ocr_line' id='line_1_27' title="bbox 607 3074 3206 3152; baseline 0.001 -21"><span class='ocrx_word' id='word_1_288' title='bbox 607 3076 1099 3149; x_wconf 84' lang='lat' dir='ltr'><strong><em>praepositiones</em></strong></span> <span class='ocrx_word' id='word_1_289' title='bbox 1151 3083 1288 3136; x_wconf 87' lang='lat' dir='ltr'><strong><em>sunt</em></strong></span> <span class='ocrx_word' id='word_1_290' title='bbox 1339 3075 1664 3136; x_wconf 84' lang='lat' dir='ltr'><strong><em>secundum</em></strong></span> <span class='ocrx_word' id='word_1_291' title='bbox 1709 3074 1971 3134; x_wconf 82' lang='lat' dir='ltr'><strong><em>Probum</em></strong></span> <span class='ocrx_word' id='word_1_292' title='bbox 2019 3091 2269 3135; x_wconf 89' lang='lat' dir='ltr'><strong><em>numero</em></strong></span> <span class='ocrx_word' id='word_1_293' title='bbox 2312 3078 2759 3152; x_wconf 74' lang='lat' dir='ltr'><strong><em>quinquaqinta</em></strong></span> <span class='ocrx_word' id='word_1_294' title='bbox 2810 3083 2870 3135; x_wconf 88' lang='lat' dir='ltr'><strong><em>et</em></strong></span> <span class='ocrx_word' id='word_1_295' title='bbox 2912 3077 3175 3150; x_wconf 84' lang='lat' dir='ltr'><strong><em>quinque</em></strong></span> <span class='ocrx_word' id='word_1_296' title='bbox 3186 3096 3206 3134; x_wconf 84' lang='lat'><strong><em>.-</em></strong></span> 
     </span>
     <span class='ocr_line' id='line_1_28' title="bbox 619 3177 3208 3253; baseline 0 -17"><span class='ocrx_word' id='word_1_297' title='bbox 619 3193 699 3236; x_wconf 79' lang='lat' dir='ltr'><strong><em>ex</em></strong></span> <span class='ocrx_word' id='word_1_298' title='bbox 753 3178 848 3236; x_wconf 79' lang='lat' dir='ltr'><strong><em>his</em></strong></span> <span class='ocrx_word' id='word_1_299' title='bbox 901 3177 1165 3238; x_wconf 88' lang='lat' dir='ltr'><strong><em>tributae</em></strong></span> <span class='ocrx_word' id='word_1_300' title='bbox 1227 3187 1367 3238; x_wconf 87' lang='lat' dir='ltr'><strong><em>sunt</em></strong></span> <span class='ocrx_word' id='word_1_301' title='bbox 1430 3179 1780 3237; x_wconf 85' lang='lat' dir='ltr'><strong><em>accusativo</em></strong></span> <span class='ocrx_word' id='word_1_302' title='bbox 1831 3178 2118 3251; x_wconf 77' lang='lat' dir='ltr'><strong><em>triqinta,</em></strong></span> <span class='ocrx_word' id='word_1_303' title='bbox 2191 3179 2461 3238; x_wconf 87' lang='lat' dir='ltr'><strong><em>ablativo</em></strong></span> <span class='ocrx_word' id='word_1_304' title='bbox 2524 3179 2896 3253; x_wconf 83' lang='lat' dir='ltr'><strong><em>quindecim,</em></strong></span> <span class='ocrx_word' id='word_1_305' title='bbox 2966 3180 3208 3252; x_wconf 88' lang='lat' dir='ltr'><strong><em>utrique</em></strong></span> 
     </span>
     <span class='ocr_line' id='line_1_29' title="bbox 619 3275 3205 3354; baseline 0.001 -16"><span class='ocrx_word' id='word_1_306' title='bbox 619 3285 934 3353; x_wconf 87' lang='lat' dir='ltr'><strong><em>quattuor,</em></strong></span> <span class='ocrx_word' id='word_1_307' title='bbox 981 3281 1258 3354; x_wconf 82' lang='lat' dir='ltr'><strong><em>loquellis</em></strong></span> <span class='ocrx_word' id='word_1_308' title='bbox 1300 3296 1442 3339; x_wconf 78' lang='lat' dir='ltr'><strong><em>sex:</em></strong></span> <span class='ocrx_word' id='word_1_309' title='bbox 1505 3283 1651 3352; x_wconf 88' lang='grc'>147,</span> <span class='ocrx_word' id='word_1_310' title='bbox 1699 3283 1771 3354; x_wconf 83' lang='grc'><strong><em>4;</em></strong></span> <span class='ocrx_word' id='word_1_311' title='bbox 1828 3275 1895 3337; x_wconf 87' lang='lat' dir='ltr'><strong><em>in</em></strong></span> <span class='ocrx_word' id='word_1_312' title='bbox 1942 3277 2419 3340; x_wconf 86' lang='lat' dir='ltr'><strong><em>commentariis</em></strong></span> <span class='ocrx_word' id='word_1_313' title='bbox 2475 3275 2559 3340; x_wconf 83' lang='lat' dir='ltr'><strong><em>ad</em></strong></span> <span class='ocrx_word' id='word_1_314' title='bbox 2602 3277 2934 3341; x_wconf 83' lang='lat' dir='ltr'><strong><em>Donatum</em></strong></span> <span class='ocrx_word' id='word_1_315' title='bbox 2990 3277 3058 3339; x_wconf 89' lang='lat' dir='ltr'><strong><em>in</em></strong></span> <span class='ocrx_word' id='word_1_316' title='bbox 3102 3297 3205 3341; x_wconf 88' lang='lat' dir='ltr'><strong><em>co-</em></strong></span> 
     </span>
     <span class='ocr_line' id='line_1_30' title="bbox 617 3374 3201 3455; baseline -0.001 -15"><span class='ocrx_word' id='word_1_317' title='bbox 617 3376 760 3440; x_wconf 85' lang='lat' dir='ltr'><strong><em>dice</em></strong></span> <span class='ocrx_word' id='word_1_318' title='bbox 805 3375 1102 3441; x_wconf 80' lang='lat' dir='ltr'><strong><em>Parisino</em></strong></span> <span class='ocrx_word' id='word_1_319' title='bbox 1148 3385 1314 3446; x_wconf 87' lang='lat'>7570</span> <span class='ocrx_word' id='word_1_320' title='bbox 1367 3397 1535 3440; x_wconf 90' lang='lat' dir='ltr'><strong><em>saec.</em></strong></span> <span class='ocrx_word' id='word_1_321' title='bbox 1581 3374 1688 3438; x_wconf 89' lang='lat' dir='ltr'><strong><em>XI</em></strong></span> <span class='ocrx_word' id='word_1_322' title='bbox 1732 3374 1781 3438; x_wconf 87' lang='lat' dir='ltr'><strong><em>f.</em></strong></span> <span class='ocrx_word' id='word_1_323' title='bbox 1831 3384 1907 3443; x_wconf 89' lang='lat'><strong><em>17</em></strong></span> <span class='ocrx_word' id='word_1_324' title='bbox 1957 3379 2192 3441; x_wconf 87' lang='lat' dir='ltr'><strong><em>Probus</em></strong></span> <span class='ocrx_word' id='word_1_325' title='bbox 2246 3389 2442 3441; x_wconf 86' lang='lat' dir='ltr'><strong><em>autem</em></strong></span> <span class='ocrx_word' id='word_1_326' title='bbox 2496 3385 2583 3442; x_wconf 88' lang='lat' dir='ltr'><strong><em>ita</em></strong></span> <span class='ocrx_word' id='word_1_327' title='bbox 2639 3383 2937 3455; x_wconf 78' lang='lat' dir='ltr'><strong><em>definivit,</em></strong></span> <span class='ocrx_word' id='word_1_328' title='bbox 3000 3383 3201 3440; x_wconf 87' lang='lat' dir='ltr'><strong><em>omnia</em></strong></span> 
     </span>
     <span class='ocr_line' id='line_1_31' title="bbox 605 3483 3203 3558; baseline 0 -17"><span class='ocrx_word' id='word_1_329' title='bbox 605 3485 979 3557; x_wconf 87' lang='lat' dir='ltr'><strong><em>pronomina</em></strong></span> <span class='ocrx_word' id='word_1_330' title='bbox 1025 3490 1131 3543; x_wconf 88' lang='lat' dir='ltr'><strong><em>aut</em></strong></span> <span class='ocrx_word' id='word_1_331' title='bbox 1170 3485 1350 3554; x_wconf 82' lang='lat' dir='ltr'><strong><em>finita</em></strong></span> <span class='ocrx_word' id='word_1_332' title='bbox 1391 3489 1531 3541; x_wconf 86' lang='lat' dir='ltr'><strong><em>sunt</em></strong></span> <span class='ocrx_word' id='word_1_333' title='bbox 1585 3489 1693 3541; x_wconf 88' lang='lat' dir='ltr'><strong><em>aut</em></strong></span> <span class='ocrx_word' id='word_1_334' title='bbox 1744 3483 1983 3553; x_wconf 81' lang='lat' dir='ltr'><strong><em>infinita</em></strong></span> <span class='ocrx_word' id='word_1_335' title='bbox 2037 3489 2149 3541; x_wconf 88' lang='lat' dir='ltr'><strong><em>aut</em></strong></span> <span class='ocrx_word' id='word_1_336' title='bbox 2200 3485 2395 3543; x_wconf 87' lang='lat' dir='ltr'><strong><em>minus</em></strong></span> <span class='ocrx_word' id='word_1_337' title='bbox 2450 3500 2627 3558; x_wconf 87' lang='lat' dir='ltr'><strong><em>quam</em></strong></span> <span class='ocrx_word' id='word_1_338' title='bbox 2678 3487 2855 3556; x_wconf 74' lang='lat' dir='ltr'><strong><em>linita</em></strong></span> <span class='ocrx_word' id='word_1_339' title='bbox 2911 3491 3019 3543; x_wconf 85' lang='lat' dir='ltr'><strong><em>aut</em></strong></span> <span class='ocrx_word' id='word_1_340' title='bbox 3061 3500 3203 3558; x_wconf 89' lang='lat' dir='ltr'><strong><em>pos-</em></strong></span> 
     </span>
     <span class='ocr_line' id='line_1_32' title="bbox 615 3577 3201 3666; baseline -0.002 -18"><span class='ocrx_word' id='word_1_341' title='bbox 615 3587 870 3644; x_wconf 76' lang='lat' dir='ltr'><strong><em>sessiva:</em></strong></span> <span class='ocrx_word' id='word_1_342' title='bbox 919 3587 1071 3658; x_wconf 89' lang='lat'><strong>131,</strong></span> <span class='ocrx_word' id='word_1_343' title='bbox 1119 3586 1231 3660; x_wconf 82' lang='lat'><strong><em>253</em></strong></span> <span class='ocrx_word' id='word_1_344' title='bbox 1279 3587 1344 3641; x_wconf 86' lang='lat' dir='ltr'><strong><em>et</em></strong></span> <span class='ocrx_word' id='word_1_345' title='bbox 1386 3579 1454 3642; x_wconf 92' lang='lat' dir='ltr'><strong><em>in</em></strong></span> <span class='ocrx_word' id='word_1_346' title='bbox 1498 3579 1721 3643; x_wconf 87' lang='lat' dir='ltr'><strong><em>codice</em></strong></span> <span class='ocrx_word' id='word_1_347' title='bbox 1765 3577 2167 3662; x_wconf 86' lang='lat' dir='ltr'><strong><em>Frisingensi</em></strong></span> <span class='ocrx_word' id='word_1_348' title='bbox 2216 3588 2293 3648; x_wconf 86' lang='lat'><strong><em>12</em></strong></span> <span class='ocrx_word' id='word_1_349' title='bbox 2325 3580 2573 3666; x_wconf 88' lang='lat' dir='ltr'><strong><em>ephem.</em></strong></span> <span class='ocrx_word' id='word_1_350' title='bbox 2608 3580 2911 3647; x_wconf 82' lang='lat' dir='ltr'><strong><em>scholast.</em></strong></span> <span class='ocrx_word' id='word_1_351' title='bbox 2945 3604 3003 3644; x_wconf 87' lang='lat' dir='ltr'><strong><em>a.</em></strong></span> <span class='ocrx_word' id='word_1_352' title='bbox 3040 3587 3201 3650; x_wconf 80' lang='lat'><strong>1832</strong></span> 
     </span>
     <span class='ocr_line' id='line_1_33' title="bbox 618 3665 3199 3766; baseline 0.001 -23"><span class='ocrx_word' id='word_1_353' title='bbox 618 3703 683 3766; x_wconf 87' lang='lat' dir='ltr'><strong><em>p.</em></strong></span> <span class='ocrx_word' id='word_1_354' title='bbox 729 3690 854 3750; x_wconf 84' lang='lat'><strong><em>274</em></strong></span> <span class='ocrx_word' id='word_1_355' title='bbox 896 3687 1006 3746; x_wconf 84' lang='lat' dir='ltr'><strong><em>sed</em></strong></span> <span class='ocrx_word' id='word_1_356' title='bbox 1045 3685 1159 3744; x_wconf 80' lang='lat' dir='ltr'><strong><em>boc</em></strong></span> <span class='ocrx_word' id='word_1_357' title='bbox 1200 3687 1538 3757; x_wconf 83' lang='lat' dir='ltr'><strong><em>sciendum,</em></strong></span> <span class='ocrx_word' id='word_1_358' title='bbox 1600 3685 1762 3758; x_wconf 82' lang='lat' dir='ltr'><strong><em>quod</em></strong></span> <span class='ocrx_word' id='word_1_359' title='bbox 1805 3665 2038 3744; x_wconf 71' lang='lat' dir='ltr'><strong><em>Ptobus</em></strong></span> <span class='ocrx_word' id='word_1_360' title='bbox 2075 3689 2514 3758; x_wconf 69' lang='lat' dir='ltr'><strong><em>yranamaticus</em></strong></span> <span class='ocrx_word' id='word_1_361' title='bbox 2559 3695 2881 3761; x_wconf 86' lang='lat' dir='ltr'><strong><em>ammonet,</em></strong></span> <span class='ocrx_word' id='word_1_362' title='bbox 2948 3689 3111 3762; x_wconf 83' lang='lat' dir='ltr'><strong><em>quod</em></strong></span> <span class='ocrx_word' id='word_1_363' title='bbox 3150 3705 3199 3746; x_wconf 80' lang='lat' dir='ltr'><strong><em>x</em></strong></span> 
     </span>
     <span class='ocr_line' id='line_1_34' title="bbox 619 3787 3205 3864; baseline 0 -18"><span class='ocrx_word' id='word_1_364' title='bbox 619 3789 850 3862; x_wconf 83' lang='lat' dir='ltr'><strong><em>duplex</em></strong></span> <span class='ocrx_word' id='word_1_365' title='bbox 891 3789 997 3860; x_wconf 89' lang='lat' dir='ltr'><strong><em>sit,</em></strong></span> <span class='ocrx_word' id='word_1_366' title='bbox 1057 3790 1286 3861; x_wconf 87' lang='lat' dir='ltr'><strong><em>quoties</em></strong></span> <span class='ocrx_word' id='word_1_367' title='bbox 1327 3789 1390 3846; x_wconf 90' lang='lat' dir='ltr'><strong><em>in</em></strong></span> <span class='ocrx_word' id='word_1_368' title='bbox 1433 3803 1508 3846; x_wconf 91' lang='lat' dir='ltr'><strong><em>ea</em></strong></span> <span class='ocrx_word' id='word_1_369' title='bbox 1552 3787 1917 3846; x_wconf 84' lang='lat' dir='ltr'><strong><em>terminatur</em></strong></span> <span class='ocrx_word' id='word_1_370' title='bbox 1958 3787 2222 3864; x_wconf 77' lang='lat' dir='ltr'><strong><em>syllaba,</em></strong></span> <span class='ocrx_word' id='word_1_371' title='bbox 2285 3795 2350 3848; x_wconf 89' lang='lat' dir='ltr'><strong><em>ut</em></strong></span> <span class='ocrx_word' id='word_1_372' title='bbox 2393 3789 2561 3862; x_wconf 78' lang='lat' dir='ltr'><strong><em>felix</em></strong></span> <span class='ocrx_word' id='word_1_373' title='bbox 2613 3807 2739 3850; x_wconf 80' lang='lat' dir='ltr'><strong><em>nox</em></strong></span> <span class='ocrx_word' id='word_1_374' title='bbox 2782 3791 2915 3863; x_wconf 70' lang='lat' dir='ltr'><strong><em>rel„</em></strong></span> <span class='ocrx_word' id='word_1_375' title='bbox 2974 3790 3205 3863; x_wconf 83' lang='lat' dir='ltr'><strong><em>quoties</em></strong></span> 
     </span>
     <span class='ocr_line' id='line_1_35' title="bbox 617 3889 3203 3966; baseline 0 -18"><span class='ocrx_word' id='word_1_376' title='bbox 617 3905 762 3949; x_wconf 85' lang='lat' dir='ltr'><strong><em>vero</em></strong></span> <span class='ocrx_word' id='word_1_377' title='bbox 806 3889 882 3948; x_wconf 91' lang='lat' dir='ltr'><strong><em>ab</em></strong></span> <span class='ocrx_word' id='word_1_378' title='bbox 926 3905 1001 3947; x_wconf 89' lang='lat' dir='ltr'><strong><em>ea</em></strong></span> <span class='ocrx_word' id='word_1_379' title='bbox 1046 3890 1260 3964; x_wconf 83' lang='lat' dir='ltr'><strong><em>incipit</em></strong></span> <span class='ocrx_word' id='word_1_380' title='bbox 1299 3889 1567 3966; x_wconf 78' lang='lat' dir='ltr'><strong><em>syllaba,</em></strong></span> <span class='ocrx_word' id='word_1_381' title='bbox 1620 3895 1684 3948; x_wconf 87' lang='lat' dir='ltr'><strong><em>ut</em></strong></span> <span class='ocrx_word' id='word_1_382' title='bbox 1726 3891 2030 3948; x_wconf 80' lang='lat' dir='ltr'><strong><em>maximus</em></strong></span> <span class='ocrx_word' id='word_1_383' title='bbox 2074 3893 2326 3964; x_wconf 76' lang='lat' dir='ltr'><strong><em>anxius,</em></strong></span> <span class='ocrx_word' id='word_1_384' title='bbox 2370 3908 2490 3966; x_wconf 88' lang='lat' dir='ltr'><strong><em>pro</em></strong></span> <span class='ocrx_word' id='word_1_385' title='bbox 2535 3909 2659 3952; x_wconf 89' lang='lat' dir='ltr'><strong><em>una</em></strong></span> <span class='ocrx_word' id='word_1_386' title='bbox 2702 3899 3072 3952; x_wconf 84' lang='lat' dir='ltr'><strong><em>consonante</em></strong></span> <span class='ocrx_word' id='word_1_387' title='bbox 3114 3899 3203 3950; x_wconf 91' lang='lat' dir='ltr'><strong><em>est</em></strong></span> 
     </span>
     <span class='ocr_line' id='line_1_36' title="bbox 617 3991 1274 4068; baseline -0.002 -19"><span class='ocrx_word' id='word_1_388' title='bbox 617 3991 1012 4066; x_wconf 85' lang='lat' dir='ltr'><strong><em>accipienda:</em></strong></span> <span class='ocrx_word' id='word_1_389' title='bbox 1057 3996 1168 4068; x_wconf 86' lang='lat'><strong><em>51,</em></strong></span> <span class='ocrx_word' id='word_1_390' title='bbox 1215 3994 1274 4056; x_wconf 89' lang='lat'><strong><em>3.</em></strong></span> 
     </span>
    </p>

    <p class='ocr_par' dir='ltr' id='par_1_3' title="bbox 613 4087 3201 4891">
     <span class='ocr_line' id='line_1_37' title="bbox 785 4087 3199 4176; baseline 0.001 -24"><span class='ocrx_word' id='word_1_391' title='bbox 785 4087 966 4153; x_wconf 88' lang='lat' dir='ltr'><strong><em>Haec</em></strong></span> <span class='ocrx_word' id='word_1_392' title='bbox 1017 4089 1220 4172; x_wconf 86' lang='lat' dir='ltr'><strong><em>igitur</em></strong></span> <span class='ocrx_word' id='word_1_393' title='bbox 1271 4111 1418 4152; x_wconf 91' lang='lat' dir='ltr'><strong><em>cum</em></strong></span> <span class='ocrx_word' id='word_1_394' title='bbox 1462 4088 1646 4154; x_wconf 88' lang='lat' dir='ltr'><strong><em>libris</em></strong></span> <span class='ocrx_word' id='word_1_395' title='bbox 1690 4088 1921 4170; x_wconf 88' lang='lat' dir='ltr'><strong><em>Probi,</em></strong></span> <span class='ocrx_word' id='word_1_396' title='bbox 1980 4090 2207 4176; x_wconf 86' lang='lat' dir='ltr'><strong><em>quales</em></strong></span> <span class='ocrx_word' id='word_1_397' title='bbox 2264 4113 2439 4157; x_wconf 90' lang='lat' dir='ltr'><strong><em>nunc</em></strong></span> <span class='ocrx_word' id='word_1_398' title='bbox 2493 4090 2837 4174; x_wconf 74' lang='lat' dir='ltr'><strong><em>habemuS,</em></strong></span> <span class='ocrx_word' id='word_1_399' title='bbox 2904 4093 2999 4157; x_wconf 85' lang='lat' dir='ltr'><strong><em>ita</em></strong></span> <span class='ocrx_word' id='word_1_400' title='bbox 3051 4113 3199 4156; x_wconf 88' lang='lat' dir='ltr'><strong><em>con·</em></strong></span> 
     </span>
     <span class='ocr_line' id='line_1_38' title="bbox 616 4189 3199 4280; baseline 0.001 -27"><span class='ocrx_word' id='word_1_401' title='bbox 616 4190 930 4270; x_wconf 87' lang='lat' dir='ltr'><strong><em>sentiunt,</em></strong></span> <span class='ocrx_word' id='word_1_402' title='bbox 976 4199 1050 4255; x_wconf 89' lang='lat' dir='ltr'><strong><em>ut</em></strong></span> <span class='ocrx_word' id='word_1_403' title='bbox 1094 4189 1381 4256; x_wconf 84' lang='lat' dir='ltr'><strong><em>dubitari</em></strong></span> <span class='ocrx_word' id='word_1_404' title='bbox 1423 4196 1704 4275; x_wconf 78' lang='lat' dir='ltr'><strong><em>nequeat</em></strong></span> <span class='ocrx_word' id='word_1_405' title='bbox 1748 4191 1903 4275; x_wconf 91' lang='lat' dir='ltr'><strong><em>quin</em></strong></span> <span class='ocrx_word' id='word_1_406' title='bbox 1949 4213 2035 4255; x_wconf 85' lang='lat' dir='ltr'><strong><em>ex</em></strong></span> <span class='ocrx_word' id='word_1_407' title='bbox 2078 4189 2179 4256; x_wconf 88' lang='lat' dir='ltr'><strong><em>his</em></strong></span> <span class='ocrx_word' id='word_1_408' title='bbox 2223 4194 2384 4278; x_wconf 90' lang='lat' dir='ltr'><strong><em>ipsis</em></strong></span> <span class='ocrx_word' id='word_1_409' title='bbox 2426 4195 2632 4278; x_wconf 88' lang='lat' dir='ltr'><strong><em>petita</em></strong></span> <span class='ocrx_word' id='word_1_410' title='bbox 2660 4196 2810 4260; x_wconf 88' lang='lat' dir='ltr'><strong><em>sint.</em></strong></span> <span class='ocrx_word' id='word_1_411' title='bbox 2872 4195 2985 4259; x_wconf 87' lang='lat' dir='ltr'><strong><em>sed</em></strong></span> <span class='ocrx_word' id='word_1_412' title='bbox 3016 4215 3199 4280; x_wconf 87' lang='lat' dir='ltr'><strong><em>prae-</em></strong></span> 
     </span>
     <span class='ocr_line' id='line_1_39' title="bbox 614 4289 3197 4376; baseline 0.002 -19"><span class='ocrx_word' id='word_1_413' title='bbox 614 4302 794 4357; x_wconf 85' lang='lat' dir='ltr'><strong><em>terea</em></strong></span> <span class='ocrx_word' id='word_1_414' title='bbox 836 4289 1040 4356; x_wconf 87' lang='lat' dir='ltr'><strong><em>multa</em></strong></span> <span class='ocrx_word' id='word_1_415' title='bbox 1082 4290 1190 4357; x_wconf 86' lang='lat' dir='ltr'><strong><em>vel</em></strong></span> <span class='ocrx_word' id='word_1_416' title='bbox 1233 4293 1300 4356; x_wconf 91' lang='lat' dir='ltr'><strong><em>in</em></strong></span> <span class='ocrx_word' id='word_1_417' title='bbox 1359 4292 1546 4356; x_wconf 85' lang='lat' dir='ltr'><strong><em>editis</em></strong></span> <span class='ocrx_word' id='word_1_418' title='bbox 1604 4302 1897 4357; x_wconf 86' lang='lat' dir='ltr'><strong><em>veterum</em></strong></span> <span class='ocrx_word' id='word_1_419' title='bbox 1952 4296 2519 4376; x_wconf 84' lang='lat' dir='ltr'><strong><em>grammaticorum</em></strong></span> <span class='ocrx_word' id='word_1_420' title='bbox 2576 4294 2759 4360; x_wconf 89' lang='lat' dir='ltr'><strong><em>libris</em></strong></span> <span class='ocrx_word' id='word_1_421' title='bbox 2814 4295 2918 4360; x_wconf 86' lang='lat' dir='ltr'><strong><em>vel</em></strong></span> <span class='ocrx_word' id='word_1_422' title='bbox 2971 4298 3038 4360; x_wconf 91' lang='lat' dir='ltr'><strong><em>in</em></strong></span> <span class='ocrx_word' id='word_1_423' title='bbox 3091 4317 3197 4360; x_wconf 82' lang='lat' dir='ltr'><strong><em>co·</em></strong></span> 
     </span>
     <span class='ocr_line' id='line_1_40' title="bbox 615 4391 3201 4484; baseline 0.002 -27"><span class='ocrx_word' id='word_1_424' title='bbox 615 4393 867 4458; x_wconf 89' lang='lat' dir='ltr'><strong><em>dicibus</em></strong></span> <span class='ocrx_word' id='word_1_425' title='bbox 910 4415 1108 4458; x_wconf 87' lang='lat' dir='ltr'><strong><em>manu</em></strong></span> <span class='ocrx_word' id='word_1_426' title='bbox 1151 4395 1409 4480; x_wconf 86' lang='lat' dir='ltr'><strong><em>scriptis</em></strong></span> <span class='ocrx_word' id='word_1_427' title='bbox 1465 4393 1792 4476; x_wconf 87' lang='lat' dir='ltr'><strong><em>adscripto</em></strong></span> <span class='ocrx_word' id='word_1_428' title='bbox 1836 4391 2038 4458; x_wconf 91' lang='lat' dir='ltr'><strong><em>Probi</em></strong></span> <span class='ocrx_word' id='word_1_429' title='bbox 2080 4397 2337 4460; x_wconf 90' lang='lat' dir='ltr'><strong><em>nomine</em></strong></span> <span class='ocrx_word' id='word_1_430' title='bbox 2380 4397 2692 4479; x_wconf 81' lang='lat' dir='ltr'><strong><em>citantur,</em></strong></span> <span class='ocrx_word' id='word_1_431' title='bbox 2750 4419 2918 4484; x_wconf 88' lang='lat' dir='ltr'><strong><em>quae</em></strong></span> <span class='ocrx_word' id='word_1_432' title='bbox 2961 4395 3067 4462; x_wconf 85' lang='lat' dir='ltr'><strong><em>vel</em></strong></span> <span class='ocrx_word' id='word_1_433' title='bbox 3114 4419 3201 4461; x_wconf 83' lang='lat' dir='ltr'><strong><em>ex</em></strong></span> 
     </span>
     <span class='ocr_line' id='line_1_41' title="bbox 613 4493 3198 4584; baseline 0.002 -26"><span class='ocrx_word' id='word_1_434' title='bbox 613 4494 757 4558; x_wconf 88' lang='lat' dir='ltr'><strong><em>aliis</em></strong></span> <span class='ocrx_word' id='word_1_435' title='bbox 801 4493 984 4559; x_wconf 88' lang='lat' dir='ltr'><strong><em>libris</em></strong></span> <span class='ocrx_word' id='word_1_436' title='bbox 1021 4497 1229 4581; x_wconf 84' lang='lat' dir='ltr'><strong><em>petita</em></strong></span> <span class='ocrx_word' id='word_1_437' title='bbox 1271 4517 1414 4560; x_wconf 90' lang='lat' dir='ltr'><strong><em>esse</em></strong></span> <span class='ocrx_word' id='word_1_438' title='bbox 1455 4506 1703 4560; x_wconf 89' lang='lat' dir='ltr'><strong><em>certum</em></strong></span> <span class='ocrx_word' id='word_1_439' title='bbox 1738 4505 1864 4577; x_wconf 88' lang='lat' dir='ltr'><strong><em>est,</em></strong></span> <span class='ocrx_word' id='word_1_440' title='bbox 1911 4495 2017 4561; x_wconf 86' lang='lat' dir='ltr'><strong><em>vel</em></strong></span> <span class='ocrx_word' id='word_1_441' title='bbox 2047 4498 2141 4560; x_wconf 87' lang='lat' dir='ltr'><strong><em>ita</em></strong></span> <span class='ocrx_word' id='word_1_442' title='bbox 2168 4509 2522 4584; x_wconf 86' lang='lat' dir='ltr'><strong><em>conparata</em></strong></span> <span class='ocrx_word' id='word_1_443' title='bbox 2550 4509 2731 4582; x_wconf 87' lang='lat' dir='ltr'><strong><em>sunt,</em></strong></span> <span class='ocrx_word' id='word_1_444' title='bbox 2776 4509 3007 4564; x_wconf 86' lang='lat' dir='ltr'><strong><em>utnon</em></strong></span> <span class='ocrx_word' id='word_1_445' title='bbox 3036 4501 3198 4563; x_wconf 88' lang='lat' dir='ltr'><strong><em>satis</em></strong></span> 
     </span>
     <span class='ocr_line' id='line_1_42' title="bbox 613 4597 3197 4684; baseline 0.002 -24"><span class='ocrx_word' id='word_1_446' title='bbox 613 4597 953 4682; x_wconf 82' lang='lat' dir='ltr'><strong><em>adpareat,</em></strong></span> <span class='ocrx_word' id='word_1_447' title='bbox 1001 4608 1218 4662; x_wconf 89' lang='lat' dir='ltr'><strong><em>utrum</em></strong></span> <span class='ocrx_word' id='word_1_448' title='bbox 1261 4619 1346 4662; x_wconf 83' lang='lat' dir='ltr'><strong><em>ex</em></strong></span> <span class='ocrx_word' id='word_1_449' title='bbox 1385 4599 1831 4664; x_wconf 82' lang='lat' dir='ltr'><strong><em>institutorum</em></strong></span> <span class='ocrx_word' id='word_1_450' title='bbox 1874 4598 2072 4680; x_wconf 80' lang='lat' dir='ltr'><strong><em>libre,</em></strong></span> <span class='ocrx_word' id='word_1_451' title='bbox 2130 4621 2206 4663; x_wconf 89' lang='lat' dir='ltr'><strong><em>eo</em></strong></span> <span class='ocrx_word' id='word_1_452' title='bbox 2251 4623 2441 4684; x_wconf 88' lang='lat' dir='ltr'><strong><em>quem</em></strong></span> <span class='ocrx_word' id='word_1_453' title='bbox 2486 4623 2659 4666; x_wconf 90' lang='lat' dir='ltr'><strong><em>nunc</em></strong></span> <span class='ocrx_word' id='word_1_454' title='bbox 2708 4602 3053 4683; x_wconf 87' lang='lat' dir='ltr'><strong><em>habemus,</em></strong></span> <span class='ocrx_word' id='word_1_455' title='bbox 3112 4625 3197 4666; x_wconf 86' lang='lat' dir='ltr'><strong><em>au</em></strong></span> 
     </span>
     <span class='ocr_line' id='line_1_43' title="bbox 614 4698 3201 4789; baseline 0.002 -28"><span class='ocrx_word' id='word_1_456' title='bbox 614 4720 698 4762; x_wconf 83' lang='lat' dir='ltr'><strong><em>ex</em></strong></span> <span class='ocrx_word' id='word_1_457' title='bbox 743 4698 868 4764; x_wconf 81' lang='lat' dir='ltr'><strong><em>alio</em></strong></span> <span class='ocrx_word' id='word_1_458' title='bbox 913 4699 1092 4766; x_wconf 87' lang='lat' dir='ltr'><strong><em>fonte</em></strong></span> <span class='ocrx_word' id='word_1_459' title='bbox 1137 4700 1336 4765; x_wconf 85' lang='lat' dir='ltr'><strong><em>ducta</em></strong></span> <span class='ocrx_word' id='word_1_460' title='bbox 1377 4702 1527 4767; x_wconf 85' lang='lat' dir='ltr'><strong><em>sint.</em></strong></span> <span class='ocrx_word' id='word_1_461' title='bbox 1616 4723 1769 4765; x_wconf 89' lang='lat' dir='ltr'><strong><em>nam</em></strong></span> <span class='ocrx_word' id='word_1_462' title='bbox 1803 4723 1949 4765; x_wconf 86' lang='lat' dir='ltr'><strong><em>cum</em></strong></span> <span class='ocrx_word' id='word_1_463' title='bbox 1995 4703 2383 4767; x_wconf 85' lang='lat' dir='ltr'><strong><em>recentiores</em></strong></span> <span class='ocrx_word' id='word_1_464' title='bbox 2428 4705 2833 4788; x_wconf 85' lang='lat' dir='ltr'><strong><em>grammatici</em></strong></span> <span class='ocrx_word' id='word_1_465' title='bbox 2880 4726 3073 4789; x_wconf 86' lang='lat' dir='ltr'><strong><em>saepe</em></strong></span> <span class='ocrx_word' id='word_1_466' title='bbox 3119 4726 3201 4767; x_wconf 86' lang='lat' dir='ltr'><strong><em>ea</em></strong></span> 
     </span>
     <span class='ocr_line' id='line_1_44' title="bbox 613 4802 3196 4891; baseline 0.002 -26"><span class='ocrx_word' id='word_1_467' title='bbox 613 4823 780 4886; x_wconf 85' lang='lat' dir='ltr'><strong><em>quae</em></strong></span> <span class='ocrx_word' id='word_1_468' title='bbox 823 4802 906 4866; x_wconf 89' lang='lat' dir='ltr'><strong><em>ab</em></strong></span> <span class='ocrx_word' id='word_1_469' title='bbox 951 4803 1422 4888; x_wconf 88' lang='lat' dir='ltr'><strong><em>antiquioribus</em></strong></span> <span class='ocrx_word' id='word_1_470' title='bbox 1467 4805 1776 4888; x_wconf 84' lang='lat' dir='ltr'><strong><em>petebant</em></strong></span> <span class='ocrx_word' id='word_1_471' title='bbox 1819 4802 2266 4886; x_wconf 84' lang='lat' dir='ltr'><strong><em>neglegentius</em></strong></span> <span class='ocrx_word' id='word_1_472' title='bbox 2311 4805 2753 4870; x_wconf 88' lang='lat' dir='ltr'><strong><em>describerent</em></strong></span> <span class='ocrx_word' id='word_1_473' title='bbox 2782 4828 2992 4891; x_wconf 90' lang='lat' dir='ltr'><strong><em>neque</em></strong></span> <span class='ocrx_word' id='word_1_474' title='bbox 3024 4808 3196 4891; x_wconf 89' lang='lat' dir='ltr'><strong><em>ipso-</em></strong></span> 
     </span>
    </p>
   </div>
  </div>
 </body>
</html>
