3434 5442
1030 363 1129 426 DE
1170 362 1651 428 mlomrfflvs
1692 364 2052 428 GENERVM

240 547 413 610 limes
456 540 751 629 άτραπός
794 543 965 630 [ἤτοι
1008 542 1045 610 ὁ
1086 543 1293 632 3009]-

241 652 341 710 hic
385 651 757 730 magistratus
797 643 840 730 ἡ
884 643 1054 732 ἀρχή

240 769 480 831 mergus
522 754 761 814 αὖθυια

239 873 446 933 margo
490 853 731 934 κρηπίς

188 976 213 1013 5
242 965 435 1018 motus
476 956 739 1036 κίνησις

239 1066 537 1120 mercatus
591 1053 876 1138 ἐμπορία
932 1054 1305 1141 πανήγυρις
1356 1053 1502 1122 άτέ-

324 1160 471 1221 λεια

238 1261 485 1323 morbus
526 1254 725 1334 νόσος

240 1381 479 1426 maeror
520 1358 698 1443 λύπη

164 1485 216 1526 ιο
240 1465 489 1529 malleus
533 1465 762 1547 σφῦρα
804 1461 1049 1546 σιδηρά

240 1572 523 1632 marcitus
566 1561 885 1648 πικρότης

241 1669 457 1732 mullus
498 1667 735 1748 τρῖγλα
780 1662 848 1752 [ὁ
887 1661 1105 1753 ἰχθύς]

242 1790 457 1835 munus
500 1766 849 1852 φιλοδοξία
895 1763 957 1856 [ἡ
1004 1771 1437 1860 λειτουργία].

242 1875 338 1935 hic
383 1874 556 1935 nidus
596 1865 639 1954 ἦ
684 1869 883 1934 καλιά
930 1867 1103 1956 [ἤτοι
1147 1870 1434 1961 νεοττός]

162 1995 213 2040 ιι
242 1995 419 2039 nasus
464 1971 573 2056 ρίν
620 1971 759 2058 [καὶ
798 1968 841 2056 ἡ
888 1971 1011 2060 ῥίς]

240 2088 422 2141 nutus
466 2075 690 2149 νεῦσις
734 2072 879 2159 [καὶ
920 2071 996 2138 τὸ
1038 2079 1279 2162 νεῦμα]

242 2182 401 2242 nitor
444 2177 637 2259 αἴγλη
688 2171 756 2260 [ἡ
802 2175 1198 2262 λαμπηδών]

242 2283 484 2343 nuntius
540 2274 818 2361 ἀγγελία
864 2276 1007 2362 [καὶ
1050 2274 1087 2342 ὁ
1128 2276 1453 2370 ἄγγελος].

240 2385 339 2444 hic
382 2401 625 2444 occasus
666 2374 709 2462 ἡ
752 2377 944 2456 δύσις

158 2503 215 2544 20
241 2484 436 2547 obitus
480 2480 754 2564 τελευτή
801 2476 868 2566 [ἡ
911 2485 1181 2568 θνῆσις]

239 2596 407 2650 ortus
450 2580 742 2666 άνατολή
788 2579 855 2668 [ἡ
901 2579 1252 2670 ἀνάβασις]

240 2691 391 2752 odor
435 2681 607 2768 ὀσμή
654 2680 722 2768 [ἡ
767 2682 1119 2770 ὄσφρησις]

238 2791 391 2854 ordo
433 2786 613 2865 τάξις
652 2785 869 2870 βουλή
912 2783 979 2872 [ὁ
1022 2791 1269 2872 στίχος]

241 2893 511 2955 obiectus
554 2887 856 2973 προβολή
898 2885 1242 2967 ἀντίθεσις

162 3014 215 3054 2⁶
243 3004 489 3057 ornatus
528 2985 571 3076 ἡ
616 2988 955 3076 κόσμησις.

241 3098 339 3158 hic
382 3116 536 3177 pons
574 3089 617 3176 ἡ
661 3091 927 3178 γέφυρα

240 3218 459 3281 pumex
502 3198 763 3280 κίσηρις
880 3227 893 3238 ·

240 3309 557 3383 provectus
600 3295 959 3382 προαγωγή
1002 3297 1311 3383 προκοπή

240 3403 545 3484 profectus
580 3397 919 3484 ἀποδημία
953 3401 1180 3478 ἔξοδος
1220 3399 1510 3486 ὠφέλεια

162 3523 219 3565 ao
244 3504 451 3587 poples
494 3497 752 3586 ἀγκύλη
797 3500 996 3584 ίγνύα

242 3606 527 3689 pelicatus
570 3605 929 3686 ζηλοτυπία

242 3708 434 3790 pallor
477 3699 793 3789 ὠχρίασις

240 3829 423 3892 pavor
466 3805 739 3892 πτόησις
885 3804 895 3812 ’

245 3915 429 3992 postis
470 3909 638 3994 φλιά
680 3909 1023 3992 παραστάς

166 4031 217 4073 35
245 4023 591 4096 prospectus
633 4008 880 4090 άποψις

246 4116 563 4199 pugillares
606 4115 951 4191 πινακίδες

244 4219 416 4300 pollis
458 4219 650 4302 γῦρις
694 4211 764 4302 [ἦ
810 4215 1137 4301 παιπάλη]

1588 285 1645 358 θ

2695 375 2820 438 575

1556 550 1750 631 pudor
1795 545 1863 632 [ἡ
1907 545 2105 632 acad]
2153 548 2548 636 ἐρυθρίασις

1556 671 1869 733 processus
1921 651 2244 736 προκοπή·
2287 648 2355 738 [ἡ
2401 653 2819 740 προέλευσις]

1558 755 1810 837 populus
1854 751 2058 837 λεύκη
2106 751 2210 838 [τὸ
2252 754 2567 841 δένδρον]

1558 857 1873 938 palumbus
1915 853 2163 937 φάσσα.

1557 959 1655 1019 hic
1698 968 1973 1040 quaestus
2016 955 2347 1038 πρόσοδος
2401 959 2664 1042 [πόρος]

1557 1069 1798 1142 questus
1839 1056 2090 1142 μομφή.

1558 1163 1655 1224 hic
1696 1181 1799 1224 ros
1839 1156 1882 1244 ἡ
1926 1159 2171 1244 δρόσος

1554 1283 1758 1326 remus
1801 1259 1992 1346 κώπη

1556 1375 1748 1429 raster
1792 1364 2066 1430 δίκελλα

1556 1468 1756 1530 radius
1811 1462 1998 1541 ἀκτίς
2063 1471 2287 1550 κερκίς
2357 1466 2608 1550 κνημὸς
2675 1471 2822 1553 [τῆς

1640 1564 1910 1652 ἁμάξης]

1556 1672 1814 1737 radiolus
1858 1673 2082 1752 κερκίς

1558 1792 1738 1853 rogus
1782 1771 2078 1855 πυρκαϊά

1556 1893 1832 1938 reversus
1877 1871 2204 1950 ἐπάνοδος

1558 1996 1834 2041 recursus
1877 1986 1941 2040 ut
1969 1996 2164 2058 supra.

1558 2080 1833 2142 redactus
1877 2077 2174 2161 συλλογή
2623 2108 2658 2142 ι

1558 2189 1759 2263 raptet·
1798 2181 2027 2262 σφῦρα
2068 2179 2322 2263 μεγάλη
2367 2183 2490 2244 τοῦ
2529 2184 2824 2266 χαλκέως

1557 2283 1785 2344 reditus
1829 2277 2158 2355 ἐπάνοδος

1559 2384 1657 2446 hic
1699 2391 1936 2446 senatus
1977 2377 2016 2465 ἡ
2063 2380 2430 2467 σύγκλητος

1560 2483 1746 2548 saltus
1789 2481 1966 2566 νάπη
2017 2477 2080 2570 [ἡ
2125 2482 2276 2573 ὕλη]

1559 2607 1734 2650 sexus
1784 2579 1846 2673 [ἡ
1893 2583 2122 2684 φύσις]
2153 2583 2351 2668 γενεὰ
2380 2587 2822 2674 διακρίνουσα

1643 2689 1802 2771 γένη

2847 779 2900 821 40

2849 1291 2901 1330 45

2847 2309 2897 2348 5⁵

1560 2801 1759 2854 sentes
1803 2787 2092 2854 ἄκανθοι
2131 2788 2325 2872 βάτοι

1560 2892 1842 2974 splendor
1888 2890 2254 2974 λαμπηδιόν

1560 3013 1758 3057 sermo
1803 2987 2026 3076 ὁμιλία

1558 3099 1802 3178 spiritus
1843 3091 2151 3180 άναπνοή

1558 3198 1848 3278 singultus
1890 3194 2052 3280 λύγξ

1557 3321 1864 3364 successus
1910 3298 2187 3384 διαδοχή

1560 3423 1828 3466 secessus
1870 3397 2288 3484 ἀποχώρησις

1560 3508 1904 3586 septemtrio
1949 3500 2190 3585 ἄρκτος

1560 3627 1768 3670 sensus
1811 3609 2122 3687 αἴσθησις

1560 3713 1706 3773 situs
1747 3708 1939 3783 θέσις

1560 3821 1746 3874 status
1789 3808 2186 3885 κατάστασις
2246 3809 2388 3894 [καὶ
2432 3811 2662 3890 στάσις
2705 3813 2823 3899 ρἠ-
2849 3842 2900 3882 70

1642 3912 1906 3997 τορική]

1558 4015 1654 4076 hic
1697 4017 1874 4079 turbo
1920 4009 1957 4098 ἡ
2001 4012 2259 4078 θύελλα

1556 4126 1722 4179 torus
1762 4109 1803 4199 ἡ
1848 4114 2163 4200 στρωμνή

1556 4228 1754 4282 turtur
1796 4215 2064 4302 τρυγών
2109 4215 2214 4302 [τὸ
2257 4219 2540 4304 πτηνόν]

414 4373 447 4425 6
483 4372 566 4424 hic
600 4383 855 4424 mercatus
891 4389 922 4424 ιι
962 4388 1183 4427 armona
1220 4390 1253 4424 ιι
1282 4389 1573 4427 nonarum
1620 4389 1651 4424 ιι
1690 4386 1876 4426 arama.
1905 4373 1986 4424 hic
2017 4375 2220 4424 morbus
2248 4377 2300 4426 P
2330 4383 2607 4426 mercatura
2639 4393 2825 4428 rsmoc

249 4458 477 4496 suttona
514 4445 722 4494 morbus
758 4443 809 4494 N
909 4445 943 4498 9
975 4459 1140 4498 meror
1168 4445 1215 4494 P
1242 4459 1436 4496 memor
1464 4447 1516 4497 N
1584 4444 1646 4495 11
1679 4443 1766 4494 bic
1795 4447 2032 4496 marcinus
2051 4447 2101 4496 P
2123 4454 2376 4497 murestus
2403 4447 2456 4496 N
2527 4448 2588 4498 17
2625 4443 2818 4515 αἴγλη]

244 4531 379 4566 nnn
412 4515 463 4564 P
551 4514 615 4564 21
654 4527 903 4565 manaem
937 4515 989 4564 P
1066 4515 1133 4566 23
1168 4510 1346 4583 βουλή
1366 4529 1460 4570 om.
1485 4516 1537 4565 P
1603 4516 1669 4566 2⁷
1700 4530 1936 4568 nocem>
1959 4530 2093 4570 corr.
2135 4517 2435 4568 nccach
2463 4531 2653 4568 neme
2679 4517 2731 4566 P

244 4585 315 4636 28
348 4584 433 4634 hio
474 4593 747 4652 prouectus
788 4599 821 4634 ιι
854 4597 1127 4635 nroarwrn
1166 4601 1199 4636 ιι
1236 4601 1487 4638 προκοπιι
1526 4584 1609 4636 hic
1646 4585 1904 4651 protectus
1939 4600 1970 4634 ιι
2007 4599 2278 4637 armamus
2313 4588 2363 4636 P
2393 4586 2654 4652 profectus
2690 4602 2822 4638 nro·

245 4669 387 4706 κοπιι
414 4669 684 4707 αποΔιιιιιιι
709 4655 761 4704 N

249 4726 302 4774 N
334 4726 495 4790 pollio
528 4725 581 4773 P

246 4865 316 4918 70
340 4861 555 4929 στάσις]
586 4879 777 4916 ωταοιο
806 4866 859 4919 Ρ

896 4653 965 4708 30
995 4656 1178 4720 poples
1203 4671 1410 4708 aunan
1449 4670 1583 4708 ιι-ιιιιι
1614 4656 1669 4704 Ν
1698 4654 1782 4705 hic
1815 4657 1996 4724 poples
2027 4669 2386 4708 mvcuauxmu
2419 4657 2468 4705 P
2566 4657 2633 4710 37
2669 4657 2825 4724 pollis

716 4727 784 4776 42
822 4723 907 4774 hic
942 4734 1185 4788 quaestus
1230 4740 1501 4778 mocoaoc
1536 4734 1724 4790 ιοιιφιι
1763 4725 1848 4775 hic
1895 4741 1978 4778 ros
2015 4725 2065 4774 Ν
2099 4725 2182 4776 bic
2217 4735 2459 4789 quaestus
2497 4742 2526 4776 ιι
2563 4741 2826 4780 προοοΔιιι

248 4809 417 4848 novoe
446 4797 527 4846 hie
562 4809 647 4844 ros
682 4796 735 4845 P
834 4796 903 4846 52
938 4809 1177 4847 recursus
1206 4803 1262 4848 ut
1298 4811 1457 4862 supra
1488 4811 1585 4850 om.
1622 4796 1671 4845 P

1809 4799 1876 4850 54
1911 4809 2260 4848 rorxannwc
2301 4795 2348 4846 P
2375 4811 2612 4848 xamsoc
2647 4798 2702 4846 N
