3434 5442
606 258 725 320 184
1789 254 2019 317 PROBI

736 406 749 419 .
774 374 939 417 318.19
968 372 1023 414 R.
2773 383 2819 425 p.
2849 371 3015 414 usse
3041 370 3098 411 v,

605 387 889 509 0111101113
932 462 1189 525 persona
1230 445 1461 505 numeri
1503 442 1750 523 pluralis
1791 452 1900 505 unt
1940 442 2150 505 litteris
2194 448 2328 522 post
2367 448 2790 504 consonantem
2835 442 3207 503 concludun-

606 556 720 619 tur,
770 550 917 611 haec
959 550 1021 607 in
1060 546 1268 608 eodem
1314 546 1625 608 indicativo
1672 548 1848 608 modo
1897 546 2178 623 temporis
2221 546 2550 624 praesentis
2595 563 2665 606 ex
2711 547 2900 624 prima
2945 562 3208 623 persona

606 652 838 711 numeri
878 647 1195 727 singularis
1238 667 1273 708 o
1315 647 1507 709 littera
1546 654 1681 727 post
1726 654 2148 709 consonantem
2195 646 2585 717 definiuntur,
2637 654 2706 708 ut
2747 655 2890 727 puta
2933 646 3212 708 scribunt

606 752 823 813 scribo.
913 768 1074 811 nunc
1111 768 1245 811 cum
1292 750 1449 811 dicat
1485 749 1778 829 Vergilius

554 882 579 920 5
1418 851 1677 913 lavant
1716 853 2091 929 frigentis
2136 858 2206 912 et
2247 857 2562 931 ungunt,

606 956 814 1035 utique
859 956 971 1015 iam
1013 970 1190 1033 ungo,
1238 971 1357 1014 non
1402 970 1599 1033 ungeo
1644 954 1840 1015 facere
1885 956 2306 1033 pronuntiavit.
2397 956 2534 1015 item
2581 954 2694 1015 alia
2734 953 3040 1034 probatio,
3091 972 3210 1032 qua

608 1073 799 1135 ungo,·
829 1074 949 1117 non
992 1074 1189 1134 ungeo
1234 1055 1431 1117 facere
1470 1056 1916 1134 pronuntiatum
1975 1055 2200 1118 scilicet
2243 1058 2522 1135 quoniam
2571 1074 2980 1137 quaecumque
3023 1055 3210 1117 verba

610 1159 789 1220 modo
830 1158 1055 1220 infinito
1099 1158 1383 1237 temporis
1428 1159 1755 1238 praesentis
1795 1159 2230 1235 corripiuntur,
2293 1158 2439 1219 haec
2482 1159 2792 1220 indicativo
2835 1159 3014 1219 modo
3059 1166 3212 1219 tem-

608 1264 772 1339 poris
816 1260 1143 1339 praesentis
1196 1277 1267 1321 ex
1308 1262 1499 1339 prima
1542 1278 1796 1339 persona
1851 1264 2084 1323 numeri
2141 1261 2456 1341 singularis
2511 1279 2834 1342 numquam
2883 1280 2952 1321 eo
2996 1260 3212 1321 litteris

536 1388 585 1429 10
614 1362 994 1425 definiuntur.
1082 1381 1243 1423 nunc
1280 1381 1415 1425 cum
1453 1362 1609 1423 dicat
1639 1361 1932 1441 Vergilius
1973 1365 2286 1440 ‘ungere
2328 1363 2475 1424 tela
2520 1368 2793 1433 manu',
2841 1364 3050 1444 utique
3093 1363 3210 1423 iam

610 1482 792 1543 ungo,
838 1482 957 1524 non
996 1482 1193 1542 ungeo
1240 1464 1438 1526 facere
1482 1465 1920 1542 pronuntiatur.

786 1564 1131 1636 Quaeritur,
1188 1586 1305 1648 qua
1355 1568 1427 1628 dc
1472 1584 1648 1629 causa
1701 1566 1850 1627 adeo
1896 1572 1954 1628 et
2009 1584 2130 1627 non
2181 1566 2312 1628 adio
2373 1567 2620 1629 dicatur.
2711 1568 2822 1629 hac
2877 1568 2953 1628 de
3009 1586 3211 1638 causa,

614 1669 894 1748 quoniam
950 1680 1361 1749 quaecumque
1405 1667 1585 1730 verba
1641 1670 1804 1730 modi
1847 1669 2146 1731 indicativi
2196 1671 2482 1747 temporis
2537 1671 2862 1748 praesentis
2919 1688 2990 1731 ex
3037 1672 3214 1731 tertia

614 1788 870 1850 persona
915 1772 1145 1832 numeri
1189 1770 1434 1849 pluralis
1484 1777 1628 1831 eunt
1670 1770 1884 1832 litteris
1927 1769 2390 1842 concluduntur,
2433 1771 2582 1833 haec
2625 1772 2688 1832 iu
2731 1770 2941 1833 eodem
2989 1773 3214 1833 indica·

542 1897 592 1939 15
618 1874 735 1933 tivo
782 1872 957 1932 modo
1006 1874 1290 1951 temporis
1330 1874 1659 1951 praesentis
1717 1892 1789 1934 ex
1829 1874 2018 1951 prima
2062 1890 2317 1952 persona
2363 1874 2596 1935 numeri
2639 1872 2954 1952 singularis
3005 1892 3080 1934 eo
3122 1873 3216 1933 lit·

614 1976 759 2035 teris
802 1973 1195 2044 definiuntur,
1254 1981 1497 2053 utputa
1544 1980 1685 2036 eunt
1730 1993 1818 2036 eo.
1909 1992 2071 2036 nunc
2127 1994 2260 2037 cum
2317 1974 2471 2036 dicat
2513 1974 2802 2055 Vergilius
2855 1974 3216 2037 ‘delubra

618 2076 955 2145 adeunt',
1002 2078 1204 2155 utique
1248 2078 1363 2138 iam
1407 2077 1575 2147 adeo,
1624 2094 1744 2137 non
1791 2077 1924 2138 adio
1972 2077 2168 2139 facere
2203 2078 2616 2156 pronuntiavit.

790 2176 1134 2248 Quaeritur,
1203 2197 1317 2258 qua
1378 2179 1451 2241 de
1508 2198 1683 2241 causa
1747 2180 1958 2259 prandi
2025 2185 2081 2241 et
2125 2197 2242 2239 non
2295 2179 2570 2258 prandidi
2637 2180 2880 2241 dicatur.
2971 2179 3088 2241 hac
3143 2181 3221 2242 de

618 2298 827 2350 causa,
897 2283 1176 2361 quoniam
1232 2280 1527 2343 secundae
1581 2283 2011 2360 coniugationis
2059 2281 2238 2343 verba
2293 2283 2352 2342 in
2409 2283 2627 2363 spegcie
2681 2282 2943 2360 perfecta
2995 2290 3056 2341 et
3109 2300 3222 2361 per

542 2409 594 2449 2⁰
620 2400 767 2462 quas
814 2400 913 2443 res
957 2384 1107 2460 regit
1144 2384 1372 2461 species
1412 2386 1675 2464 perfecta
1712 2384 2104 2464 prohibentur
2148 2386 2452 2462 geminare
2495 2386 2554 2445 di
2595 2383 2913 2464 syllabam3
2975 2391 3036 2445 et
3079 2384 3218 2445 ideo

619 2482 852 2563 prandi,
892 2502 1013 2543 non
1058 2485 1331 2562 prandidi
1370 2484 1567 2547 facere
1612 2487 2048 2565 pronuntiatur.

793 2583 1135 2657 Quaeritur,
1192 2606 1308 2667 qua
1353 2588 1425 2649 de
1472 2606 1647 2650 causa
1692 2587 1962 2649 redibam
2007 2596 2068 2649 et
2109 2605 2230 2647 non
2273 2587 2574 2649 rediebam
2617 2589 2812 2671 facere
2859 2590 3223 2667 reperiatur.

621 2688 735 2749 1130
779 2688 853 2749 de
889 2706 1095 2758 causa,
1140 2690 1417 2770 quoniam
1460 2708 1870 2770 quaecumque
1913 2690 2092 2752 verba
2136 2690 2448 2751 indicativo
2492 2694 2668 2754 modo
2713 2692 3001 2771 temporis
3044 2709 3228 2769 prae—

623 2792 805 2851 sentis
855 2808 923 2851 ex
968 2792 1155 2870 prima
1201 2810 1457 2871 persona
1516 2794 1747 2853 numeri
1797 2791 2110 2869 singularis
2156 2810 2226 2853 οο
2271 2792 2477 2854 litteris
2521 2791 2908 2863 definiuntur,
2966 2793 3116 2854 haec
3159 2795 3226 2853 in

546 2918 597 2958 25
626 2892 835 2955 eodem
878 2893 1055 2953 modo
1111 2895 1397 2973 temporis
1441 2896 1743 2972 praeteriti
1801 2896 2000 2974 specie
2041 2896 2388 2973 imperfecta
2437 2902 2573 2955 ante
2621 2894 2881 2956 ultimam
2935 2894 3228 2975 syllabam

624 3014 947 3076 numquam
995 3014 1027 3057 e
1058 2996 1313 3058 litteram
1355 2996 1577 3058 habent
1618 2998 2013 3063 constitutam.
2050 3003 2118 3058 ut
2151 3003 2294 3076 puta
2339 3015 2410 3057 eo
2448 2995 2622 3057 ibam.
2681 3014 2840 3056 1111110
2878 3014 3018 3057 011111
3063 2996 3230 3057 dicat

625 3096 935 3159 Sallustius
994 3097 1113 3158 ‘ad
1164 3100 1549 3177 inceptum
1607 3097 1891 3168 redeo',
1945 3100 2149 3178 utique
2206 3100 2325 3159 iam
2383 3098 2679 3167 redibam,
2741 3116 2858 3159 non
2914 3098 3230 3160 rediebam

626 3197 823 3261 facere
867 3202 1304 3278 pronuntiatur.

799 3301 1144 3373 Quaeritur,
1203 3320 1317 3381 qua
1363 3302 1438 3363 de
1484 3320 1661 3363 causa
1712 3301 1888 3362 obrui
1945 3308 2004 3361 et
2043 3306 2164 3361 non
2209 3301 2397 3364 obrivi
2457 3309 2558 3363 aut
2600 3302 2754 3363 obrii
2807 3304 3006 3365 facere
3048 3322 3232 3381 repe-

550 3428 602 3470 30
628 3406 832 3465 riatur.
924 3405 1035 3465 hac
1080 3403 1153 3465 de
1195 3423 1402 3475 causa,
1452 3404 1729 3483 quoniam
1767 3422 2176 3484 quaecumque
2219 3404 2399 3466 verba
2442 3405 2604 3467 modi
2655 3404 2950 3465 indicativi
2991 3414 3232 3485 tempo-

628 3506 711 3566 ris
749 3508 1079 3585 praesentis
1116 3524 1188 3567 ex
1235 3508 1423 3585 prima
1467 3523 1722 3585 persona
1764 3506 1997 3567 numeri
2037 3505 2352 3583 singularis
2399 3525 2476 3567 uo
2511 3505 2720 3568 litteris
2768 3506 3038 3568 discretis
3081 3508 3233 3569 defi-

630 3608 902 3677 niuntur,
942 3607 1090 3668 haec
1135 3609 1195 3667 in
1242 3608 1449 3669 eodem
1490 3608 1667 3668 modo
1710 3609 1910 3686 specie
1953 3607 2214 3685 perfecta
2259 3625 2582 3688 numquam
2627 3610 2646 3668 i
2690 3608 2884 3669 littera
2927 3610 3232 3687 geminata

630 3714 732 3767 aut
781 3709 836 3768 vi
892 3706 1111 3787 syllaba
1166 3709 1629 3779 concluduntur3
1701 3715 1758 3771 et
1803 3708 1934 3770 ideo
1995 3709 2198 3779 obrui,
2257 3728 2378 3770 non
2429 3710 2617 3771 obrivi
2665 3716 2768 3771 aut
2811 3708 2964 3771 obrii
3023 3711 3235 3772 facere

630 3811 1068 3887 pronuntiatur.
2359 3863 2362 3869 .

552 3930 605 3971 as
800 3910 1145 3982 Quaeritur,
1216 3932 1332 3993 qua
1378 3912 1453 3975 dc
1508 3932 1685 3975 causa
1741 3914 1878 3975 fode
1927 3922 1988 3975 et
2040 3931 2157 3974 non
2207 3912 2328 3974 fodi
2383 3914 2631 3975 dicatur.
2717 3915 2830 3976 1130
2895 3914 2971 3975 de
3025 3934 3233 3985 causa,

632 4015 909 4095 quoniam
957 4034 1361 4095 quaecumque
1420 4018 1627 4078 tertiae
1683 4017 2111 4093 coniugationis
2166 4024 2476 4095 correptae
2519 4015 2702 4077 verba
2757 4017 2984 4077 infinito
3027 4012 3236 4099 moffdo

630 4119 918 4196 temporis
974 4120 1304 4195 praesentis
1367 4117 1457 4179 vel
1519 4121 1756 4197 optativi
1817 4125 1914 4180 aut
1970 4120 2326 4179 coniunctivi
2392 4120 2452 4179 in
2511 4120 2709 4197 specie
2759 4119 3109 4197 imperfecta
3156 4138 3238 4180 ex

634 4218 895 4298 qualibet
938 4236 1194 4299 persona
1250 4222 1479 4283 numeri
1524 4220 1838 4299 singularis
1894 4220 2157 4281 ultimam
2204 4218 2487 4299 syllabam
2532 4223 2810 4283 omittunt
2865 4227 2926 4281 et
2965 4222 3236 4299 impera-

631 4323 730 4382 tivi
770 4322 931 4384 modi
969 4324 1288 4384 secundam
1333 4341 1653 4403 personam
1706 4324 1941 4384 numeri
1993 4322 2310 4403 singularis
2356 4323 2704 4393 ostendunt,
2761 4330 2828 4384 ut
2882 4328 3025 4403 puta
3081 4324 3240 4383 scri-

771 4604 807 4652 4
837 4602 1117 4669 Vergilius]
1156 4605 1289 4657 Aen.
1330 4604 1401 4653 VI
1437 4602 1559 4669 219,
1686 4604 1752 4654 10
1788 4602 2077 4671 Vergilius]
2119 4606 2253 4657 Aen.
2297 4604 2434 4654 vnn
2474 4604 2574 4656 773
2708 4604 2774 4655 14
2810 4603 3026 4669 pluralis
3059 4618 3094 4652 r
3125 4604 3244 4653 sin-

636 4672 828 4738 gularis
863 4672 992 4794 ssvR
1083 4674 1149 4726 16
1184 4672 1464 4741 Vergilius]
1508 4673 1643 4727 Aen.
1684 4674 1776 4723 1111
1812 4675 1882 4725 56
2021 4677 2086 4725 27
2125 4673 2418 4741 Sallustius]
2455 4674 2574 4741 Iu9.
2613 4677 2647 4724 4
2785 4674 2852 4725 37
2891 4674 2942 4723 in
2973 4674 3150 4739 specie
3181 4673 3242 4724 B

637 4758 701 4793 ex
734 4758 911 4809 specie
