3434 5442
867 280 1265 342 INSTITVTA
1308 282 1592 343 ARTIVM
1636 282 1970 343 744-755
2590 284 2706 343 157

224 410 266 449 p.
290 396 443 437 ²8⁴.85
468 395 524 435 R.
2282 410 2327 449 p.
2357 397 2447 437 384.
2467 398 2518 437 85
2546 397 2602 439 V.

141 467 348 527 numeri
387 464 703 545 singularis
742 486 781 527 o
826 466 1021 527 littera
1074 466 1465 529 terminantur
1510 487 1619 529 nec
1660 468 1722 527 in
1771 466 1967 546 aliquo
2011 468 2188 529 modo
2232 469 2301 529 ad
2348 486 2538 545 genus
2583 470 2704 531 sive

140 568 451 649 qualitatem
491 570 787 646 passivam
831 568 1221 638 declinantur,
1270 571 1467 629 neutri
1509 570 1750 645 generis
1794 566 1882 628 vel
1927 568 2222 648 qualitatis
2265 588 2394 631 esse
2437 587 2702 647 pronun·

139 672 348 730 tiantur.

277 771 363 832 De
408 789 635 850 genere
679 773 799 832 sive
844 771 1121 850 qualitate
1167 772 1504 849 deponenti.
1569 773 1807 848 generis
1855 772 1974 831 sive
2019 770 2313 849 qualitatis
2357 771 2706 851 deponentis

138 880 247 933 suut
282 872 497 943 verba,
554 892 709 953 quae
766 873 1077 933 indicativo
1130 873 1251 933 sive
1307 873 1746 951 pronuntia'tivo
1804 873 1977 933 modo
2037 876 2322 952 temporis
2378 875 2706 953 praesentis
2755 904 2781 943 ⁵

136 978 228 1035 sive
268 976 547 1035 instantis
587 993 661 1034 ex
690 976 879 1053 prima
918 993 1177 1053 persona
1224 977 1461 1035 numeri
1503 973 1818 1052 singularis
1861 992 1892 1033 r
1928 974 2120 1036 littera
2160 976 2557 1036 terminantur
2596 994 2705 1035 nec

136 1079 177 1135 in
211 1073 411 1153 aliquo
460 1076 638 1136 modo
704 1075 779 1137 ad
836 1092 1025 1153 genus
1089 1077 1211 1137 sive
1278 1075 1615 1156 qualitatem
1683 1075 1927 1137 activam
1988 1076 2391 1147 declinantur,
2451 1085 2517 1137 ut
2565 1085 2703 1156 puta

138 1176 399 1237 recordor
442 1196 565 1237 non
611 1178 895 1249 recordo,
952 1179 1235 1239 confiteor
1288 1196 1409 1237 non
1462 1178 1748 1247 confiteo,
1803 1179 2152 1240 reminiscor
2203 1197 2324 1239 non
2367 1180 2704 1248 reminisco,

137 1278 469 1355 congredior
511 1296 629 1338 non
677 1280 1027 1357 congr-edio,
1077 1278 1346 1340 blandior
1388 1297 1508 1339 non
1546 1278 1808 1340 blandio.
1899 1282 1984 1341 sic
2027 1288 2088 1341 et
2129 1280 2240 1342 alia
2284 1280 2494 1348 verba,
2555 1299 2705 1361 quae

134 1382 423 1441 indicativo
480 1384 603 1441 sive
664 1382 1103 1459 pronuntiauvo
1166 1380 1343 1441 modo
1410 1382 1699 1458 temporis
1753 1383 2080 1458 praesentis
2144 1383 2266 1442 sive
2309 1381 2578 1443 instantis
2632 1400 2700 1441 ex
2731 1408 2782 1449 10

134 1484 297 1559 prima
344 1499 605 1560 persona
647 1484 882 1543 numeri
924 1481 1239 1559 siugularis
1282 1500 1312 1541 r
1354 1482 1548 1543 littera
1597 1484 1986 1544 terminantur
2031 1502 2142 1543 nec
2183 1486 2246 1543 in
2289 1482 2487 1561 aliquo
2524 1483 2704 1543 modo

136 1585 189 1643 ad
222 1580 437 1666 gejnus
478 1586 599 1645 sive
643 1583 981 1662 qualitatem
1026 1586 1271 1645 activam
1316 1583 1705 1653 declinantur,
1752 1584 2104 1662 deponentis
2146 1586 2384 1663 generis
2427 1584 2512 1645 vel
2561 1602 2704 1664 qua·

133 1685 281 1745 litatis
324 1703 459 1747 esse
509 1687 991 1764 pronuntiantur.

272 1788 365 1848 De
409 1804 632 1865 genere
674 1788 794 1848 sive
840 1788 1119 1865 qualitate
1165 1788 1482 1847 communi.
1572 1788 1810 1863 generis
1866 1789 1986 1848 sive
2035 1787 2328 1866 qualitatis
2373 1788 2705 1849 communis

133 1897 244 1950 sunt
304 1889 519 1957 verba,
576 1906 727 1966 quae
781 1888 1094 1949 indicativo
1142 1890 1264 1949 sive
1320 1890 1761 1966 pronuntiativo
1813 1890 1990 1951 modo
2043 1893 2323 1968 temporis
2377 1891 2705 1968 praesentis
2737 1916 2783 1955 15

134 1994 225 2051 sive
282 1992 563 2051 instantis
625 2008 699 2051 ex
754 1991 946 2068 prima
1003 2008 1259 2070 persona
1324 1992 1557 2051 numeri
1607 1990 1923 2069 singularis
1978 2010 2011 2052 r
2064 1991 2254 2053 littera
2316 1994 2706 2053 terminantur

133 2111 217 2152 nec
260 2094 319 2153 in
370 2091 570 2169 aliquo
614 2091 793 2151 modo
832 2092 904 2152 ad
948 2108 1136 2168 genus
1176 2092 1296 2153 sive
1336 2091 1675 2171 qualitatem
1721 2095 1967 2155 activam
2010 2093 2412 2165 declinantur,
2461 2103 2525 2154 ut
2566 2101 2702 2172 puta

132 2197 397 2255 criminor
449 2212 573 2255 non
620 2194 901 2263 crimino,
956 2202 1129 2255 tueor
1182 2212 1305 2255 non
1348 2201 1517 2263 tueo,
1574 2193 1830 2255 ulciscor
1875 2212 1996 2254 non
2045 2195 2296 2265 ulcisc0,
2352 2197 2544 2274 patior
2585 2212 2703 2256 non

130 2300 281 2374 patio,
330 2298 537 2375 potior
579 2314 699 2355 non
741 2297 921 2374 potio.
1010 2296 1095 2356 sic
1134 2301 1192 2355 et
1235 2294 1344 2357 alia
1390 2295 1603 2365 verba,
1651 2314 1802 2375 quae
1841 2297 2152 2358 indicativo
2197 2299 2318 2357 sive
2361 2298 2706 2376 pronuntia-

132 2400 225 2457 tiro
264 2398 452 2459 modo
490 2400 775 2477 temporis
816 2399 1144 2476 praesentis
1182 2399 1303 2457 sive
1346 2399 1615 2458 instantis
1661 2416 1730 2458 ex
1778 2399 1970 2477 prima
2009 2417 2264 2478 persona
2309 2400 2542 2459 numeri
2588 2399 2706 2459 sin·
2733 2424 2786 2465 20

132 2498 327 2575 gularis
372 2518 404 2560 r
447 2498 641 2561 littera
688 2501 1078 2561 terminantur
1132 2518 1243 2588 nec
1284 2501 1343 2560 in
1388 2498 1588 2579 aliquo
1634 2498 1814 2559 modo
1859 2501 1930 2561 ad
1977 2518 2165 2579 genus
2209 2502 2329 2561 sive
2375 2500 2708 2579 qualitatem

134 2605 357 2662 activam
418 2600 823 2671 declinantur,
884 2604 1212 2663 communis
1262 2603 1499 2680 generis
1556 2599 1644 2661 vel
1688 2600 1983 2679 qualitatis
2047 2621 2175 2663 esse
2228 2604 2706 2681 pronuntiantur.

133 2723 251 2765 sane
304 2704 649 2783 quaeritur,
705 2721 820 2782 qua
866 2701 1173 2781 disciplina
1231 2704 1539 2783 deponens
1590 2702 1834 2763 verbum
1887 2722 1922 2764 a
1969 2706 2268 2765 communi
2319 2706 2706 2765 discernatur.

134 2825 291 2884 quare
338 2806 457 2865 hoc
494 2824 823 2875 monemuS,
871 2806 1029 2885 quod
1072 2806 1187 2866 hoc
1226 2807 1289 2865 in
1328 2806 1489 2866 sonis
1538 2812 1921 2883 conpetenter
1967 2813 2222 2866 tractare
2262 2805 2602 2865 debeamus,
2641 2802 2652 2887 Ι

280 2908 367 2968 De
411 2924 635 2983 genere
676 2908 795 2967 sive
830 2905 1111 2987 qualitate
1158 2906 1507 2967 inchoativa.
1568 2909 1804 2986 generis
1843 2910 1964 2968 sive
2009 2908 2300 2986 qualitatis
2341 2907 2706 2967 inchoativae
2733 2902 2810 2971 25⁸

134 3018 249 3069 sunt
282 3008 489 3077 verba,
530 3026 685 3089 quae
724 3028 759 3070 a
794 3010 1035 3088 propria
1077 3008 1243 3069 verbi
1287 3010 1711 3085 significatione
1755 3010 2092 3070 derivantur
2137 3015 2196 3069 et
2236 3008 2544 3069 indicativo
2591 3010 2710 3069 sive

134 3112 557 3187 pronuntiativo
614 3111 791 3171 modo
859 3112 1145 3189 temporis
1209 3114 1539 3190 praesentis
1596 3112 1717 3171 sive
1772 3112 2040 3173 instantis
2099 3130 2170 3171 ex
2217 3113 2408 3190 prima
2453 3129 2706 3190 persona

132 3215 343 3275 numeri
409 3209 727 3289 singularis
782 3231 885 3273 sco
941 3213 1151 3275 litteris
1211 3196 1599 3283 definiuntur,
1674 3221 1736 3273 ut
1789 3221 1930 3292 puta
1997 3212 2072 3273 ah
2116 3212 2336 3274 horreo
2402 3212 2706 3284 horresco,

134 3334 157 3371 a
194 3316 351 3375 valeo
399 3314 669 3383 valesco,
724 3333 755 3374 a
794 3315 1048 3377 misereo
1098 3315 1441 3377 miseresco.
1532 3316 1617 3375 sic
1674 3322 1736 3376 et
1777 3315 1888 3375 alia
1933 3314 2142 3385 verba,
2201 3333 2355 3394 quae
2394 3333 2424 3374 a
2469 3317 2708 3393 propria

134 3418 274 3477 verbi
318 3417 751 3496 significatione
796 3416 1136 3477 derivantur
1196 3424 1255 3477 et
1306 3416 1616 3478 indicativo
1673 3418 1792 3478 sive
1847 3418 2282 3495 pronuntiativo
2333 3418 2508 3477 modo
2560 3425 2707 3477 tem-
2735 3439 2790 3479 ao

134 3522 273 3594 poris
308 3519 641 3598 praesentis
688 3521 810 3580 sive
854 3520 1125 3581 instantis
1176 3538 1247 3580 ex
1290 3520 1479 3598 prima
1528 3538 1784 3597 persona
1839 3521 2073 3581 numeri
2118 3520 2432 3599 singularis
2475 3537 2578 3580 sco
2617 3519 2710 3579 lit-

136 3624 257 3681 teris
294 3621 679 3689 definiuntur,
722 3620 1037 3683 inchoativi
1079 3624 1317 3700 generis
1362 3620 1451 3683 vel
1496 3622 1792 3701 qualitatis
1843 3622 2020 3683 verba
2067 3641 2196 3683 esse
2229 3624 2709 3702 pronuntiantur.

134 3732 183 3779 at
230 3742 367 3785 tero
414 3742 833 3803 quaecumque
890 3724 1067 3785 verba
1125 3723 1435 3785 indicativo
1494 3727 1615 3785 sive
1681 3726 2117 3803 pronuntiativo
2185 3725 2362 3785 modo
2427 3727 2714 3802 temporis

138 3828 443 3901 praesentis
508 3829 631 3887 sive
688 3828 961 3888 instantis
1019 3846 1089 3887 ex
1144 3828 1335 3905 prima
1392 3843 1645 3904 persona
1698 3821 1935 3887 numeri
1986 3826 2301 3903 singularis
2353 3844 2456 3886 sco
2502 3826 2714 3887 litteris

136 3926 478 3991 definiuntur
522 3935 581 3989 et
620 3946 653 3988 a
700 3930 957 4007 propriis
1000 3928 1193 3991 verbis
1239 3930 1493 3989 derivari
1532 3946 1649 3989 non
1694 3931 2096 4005 reperiuntur,
2133 3928 2288 3989 haec
2323 3945 2442 3989 non
2477 3929 2712 4006 generis
2741 3946 2791 3988 ss

136 4028 237 4089 sive
278 4030 574 4111 qualitatis
618 4030 1005 4101 inchoativae,
1052 4032 1155 4091 sed
1194 4032 1283 4090 sni
1323 4032 1608 4110 cuiusque
1650 4031 1889 4107 generis
1930 4028 2019 4090 vel
2057 4030 2350 4107 qualitatis
2393 4036 2536 4089 sunt
2571 4046 2712 4106 pro-

136 4132 473 4199 nuntianda,
530 4137 595 4193 ut
636 4139 801 4210 puta·
840 4131 1113 4193 abolesco
1142 4150 1372 4193 cresco
1418 4133 1580 4193 disco
1634 4152 1818 4195 nosco
1877 4150 2032 4193 esco,
2121 4133 2205 4191 sic
2251 4139 2310 4191 et
2351 4130 2463 4191 alia
2516 4130 2714 4201 verba,

134 4250 269 4309 quae
316 4234 626 4295 indicativo
672 4235 798 4295 sive
840 4237 1279 4313 pronuntiativo
1320 4235 1499 4297 modo
1559 4237 1844 4315 temporis
1887 4235 2220 4313 praesentis
2273 4234 2392 4293 sive
2447 4234 2716 4293 instantis

134 4350 197 4391 ex
226 4336 415 4413 prima
446 4354 701 4415 persona
744 4338 977 4397 numeri
1016 4337 1333 4415 singularis
1362 4356 1465 4399 sco
1500 4338 1713 4399 litteris
1759 4339 2118 4399 deliniuntur
2164 4343 2223 4396 et
2251 4335 2324 4396 ab
2357 4333 2484 4396 aliis
2521 4334 2716 4398 verbis

130 4439 413 4513 originem
452 4438 691 4500 trahere
740 4456 867 4497 non
908 4442 1317 4517 reperiuntur,
1375 4440 1523 4501 haec
1566 4457 1685 4500 non
1732 4440 2088 4507 inchoativa,
2145 4438 2249 4499 sed
2293 4438 2384 4499 sui
2428 4439 2715 4518 cuiusque
2741 4452 2792 4493 ιο

260 4682 337 4735 35
382 4700 409 4733 a
443 4688 659 4754 propriis
698 4686 878 4737 uerbis
914 4686 959 4737 R
1014 4704 1045 4739 a
1080 4688 1287 4753 propria
1324 4689 1494 4737 uerbis
1532 4687 1584 4738 B
1636 4703 1669 4737 a
1701 4688 1912 4753 propria
1947 4686 2088 4737 uerbi
2123 4685 2506 4752 significatione
2541 4703 2570 4736 υ

124 4751 189 4801 37
226 4754 465 4805 adolescet
494 4759 673 4809 Maius
