3434 5442
903 332 1300 395 leTl'rvTA
1341 332 1648 395 ARTIVM·
1669 330 1872 403 ’792-
1884 334 2007 394 797
2634 335 2753 398 179

269 458 308 498 p.
340 446 430 487 ³¹2.
449 446 502 487 1³
534 446 582 489 R.
2311 463 2357 503 p.
2385 450 2565 493 417—19
2592 450 2651 493 V.
2866 484 2879 493 .

181 540 298 583 nam
341 540 489 591 eam,
535 520 758 581 utinam
802 537 918 589 eas,
963 521 1186 581 utinam
1229 527 1354 589 eat;
1419 522 1655 581 numeri
1691 518 1935 599 pluralis
1981 521 2201 583 utinam
2246 536 2481 591 eamus,
2528 526 2752 585 utinam
2799 554 2811 567 ·

181 628 326 695 eatis,
363 628 588 687 utinam
627 630 780 687 eant.
870 624 1048 685 modo
1095 624 1468 685 coniunctivo
1514 624 1634 684 sive
1679 624 1933 685 iunctivo
1978 632 2249 703 tempore
2286 627 2583 705 praesenti
2630 629 2753 688 sive

179 730 396 789 instanti
441 728 678 789 numeri
710 724 1028 803 singularis
1075 744 1209 786 cum
1248 725 1338 786 vel
1370 727 1420 785 si
1467 744 1615 796 eam,
1664 745 1799 787 cum
1845 724 1931 786 vel
1967 728 2013 787 si
2052 745 2169 796 eaS,
2218 743 2355 787 cum
2402 726 2490 788 vel
2536 729 2585 789 si
2625 736 2749 797 eat;

178 832 390 891 numeri
452 828 702 909 pluralis
765 847 898 890 cum
943 828 1034 889 vel
1081 829 1130 887 si
1189 844 1421 899 eamuS,
1485 846 1620 889 cum
1665 826 1756 889 vel
1810 829 1859 889 si
1912 830 2083 897 eatis,
2154 848 2287 889 cum
2339 827 2426 889 vel
2474 831 2523 889 si
2586 840 2750 891 eant:

179 931 366 993 eodem
405 931 586 993 modo
643 938 910 1009 tempore
953 931 1276 1009 praeterito
1335 931 1534 1007 specie
1589 930 1935 1009 imperfecta
1990 932 2109 991 sive
2150 932 2345 991 minus
2390 950 2565 1010 quam
2614 950 2749 1011 per·
2804 961 2831 1001 ι

177 1034 308 1093 fecta
349 1034 440 1095 vel
493 1032 820 1094 inchoativa
889 1032 1126 1093 numeri
1169 1030 1484 1109 singularis
1551 1050 1684 1093 cum
1732 1030 1819 1091 vel
1866 1033 1915 1092 si
1960 1033 2135 1101 irem,
2204 1050 2341 1093 cum
2387 1032 2476 1093 vel
2520 1035 2567 1095 si
2613 1036 2750 1102 ires,

179 1154 296 1195 cum
338 1134 430 1197 vel
471 1137 528 1195 si
563 1137 706 1204 iret;
750 1135 986 1195 numeri
1029 1132 1274 1213 pluralis
1316 1152 1450 1195 cum
1497 1132 1588 1195 vel
1627 1136 1677 1194 si
1713 1135 1955 1205 iremuS,
2002 1152 2139 1195 cum
2172 1133 2260 1195 vel
2297 1136 2347 1194 si
2384 1136 2567 1205 iretiS‚
2618 1154 2753 1197 cum

177 1236 253 1299 vel
291 1239 340 1299 si
391 1239 582 1299 irent:
660 1236 868 1297 eodem
916 1237 1092 1299 modo
1152 1236 1360 1299 eodem
1415 1244 1685 1315 tempore
1740 1237 1939 1314 specie
1985 1236 2247 1313 perlecta
2307 1236 2427 1297 sive
2484 1236 2755 1299 absoluta

178 1342 388 1401 numeri
440 1338 762 1413 singularis
819 1358 956 1401 cum
1003 1338 1092 1401 vel
1133 1341 1185 1399 si
1241 1340 1444 1401 iverim
1493 1346 1552 1399 et
1593 1338 1795 1407 ierim,
1850 1356 1987 1399 cum
2035 1336 2125 1397 vel
2174 1340 2223 1397 si
2265 1340 2440 1399 iveris
2498 1347 2555 1399 et
2594 1341 2751 1409 ieriS,

179 1460 294 1503 cnm
332 1442 421 1503 vel
465 1444 520 1501 si
561 1442 736 1503 iverit
772 1450 831 1501 et
865 1442 1028 1509 ierit;
1087 1442 1323 1502 numeri
1367 1438 1612 1519 pluralis
1657 1458 1793 1499 cum
1836 1439 1927 1499 vel
1972 1440 2021 1499 si
2066 1440 2346 1500 iverimus
2389 1446 2449 1500 et
2488 1441 2749 1511 ierimus,
2780 1462 2829 1503 ιο

179 1562 296 1605 cum
336 1543 425 1604 vel
469 1546 520 1605 si
563 1544 786 1605 iveritis
825 1550 883 1603 et
925 1544 1142 1611 ieritis,
1185 1561 1318 1603 cum
1365 1540 1455 1603 vel
1491 1543 1541 1601 si
1581 1541 1793 1602 iverint
1830 1542 1838 1618 Ι
1881 1548 1939 1601 et
1982 1538 2190 1601 ierint:
2245 1538 2271 1622 ΙΙ
2325 1542 2529 1603 eodem
2574 1542 2753 1604 modo

180 1645 364 1705 eodem
409 1653 682 1723 tempore
721 1646 928 1724 specie
973 1643 1550 1724 plusquamperfecta
1594 1644 1713 1703 sive
1748 1641 2115 1703 recordativa
2153 1641 2242 1703 vel
2272 1652 2475 1705 exacta
2520 1645 2755 1705 numeri

181 1746 468 1825 singularis
528 1766 668 1809 cum
713 1746 802 1807 vel
845 1747 896 1806 si
951 1748 1160 1815 issem,
1225 1764 1362 1807 cum
1405 1744 1495 1806 vel
1535 1747 1583 1805 si
1629 1746 1809 1812 isses,
1870 1762 2006 1805 cum
2052 1742 2143 1804 vel
2188 1745 2237 1805 si
2281 1746 2451 1815 isset;
2520 1747 2755 1808 numeri

179 1846 398 1925 pluralis
437 1868 579 1910 cum
623 1848 716 1911 vel
759 1850 810 1910 si
847 1850 1130 1917 issemus,
1179 1867 1312 1911 cum
1357 1846 1448 1908 vel
1493 1848 1540 1908 si
1579 1846 1803 1915 issetis,
1852 1864 1985 1907 cum
2026 1843 2116 1905 vel
2160 1846 2209 1905 si
2252 1847 2462 1908 issent:
2544 1847 2753 1909 eodem

181 1950 336 2009 modo
373 1958 650 2029 tempore
691 1952 890 2013 futuro
949 1951 1184 2012 numeri
1219 1949 1532 2029 singularis
1573 1966 1709 2009 cum
1750 1947 1841 2009 vel
1886 1949 1937 2009 si
1975 1948 2137 2009 ivero
2174 1955 2233 2009 et
2274 1950 2435 2019 iero,
2477 1968 2613 2011 cum
2662 1949 2752 2011 vel
2782 1973 2829 2012 15

182 2052 223 2109 si
251 2054 414 2113 iveris
465 2062 528 2115 et
571 2054 746 2123 ieriS,
804 2072 942 2115 cum
985 2052 1076 2130 vel
1125 2055 1176 2113 si
1231 2054 1398 2115 iverit
1459 2058 1518 2113 et
1559 2052 1725 2119 ierit;
1805 2050 2037 2111 numeri
2091 2046 2335 2127 pluralis
2395 2069 2528 2112 cum
2574 2050 2663 2113 vel
2706 2052 2753 2112 si

183 2154 439 2215 iverimus
473 2162 536 2215 et
576 2156 842 2225 ierimuS,
887 2172 1020 2215 cum
1053 2152 1140 2214 vel
1172 2154 1220 2215 si
1261 2154 1482 2215 iveritis
1511 2160 1570 2215 et
1602 2153 1803 2221 ieritis
1848 2168 1983 2211 cum
2020 2148 2109 2213 vel
2139 2150 2187 2209 si
2230 2152 2444 2211 iverint
2472 2162 2529 2213 et
2556 2153 2749 2213 ierint.

182 2256 334 2316 modo
395 2255 764 2335 inpersonali
819 2258 1084 2319 numeris
1131 2264 1190 2317 et
1230 2258 1503 2335 personis
1548 2254 1808 2315 confusis
1852 2260 2119 2330 tempore
2161 2254 2455 2331 praesenti
2499 2256 2619 2315 sive
2664 2256 2751 2315 in-

183 2359 331 2417 stanti
371 2360 520 2427 itur,
589 2357 800 2419 eodem
845 2359 1024 2421 modo
1068 2366 1336 2437 tempore
1380 2358 1702 2436 praeterito
1760 2356 1959 2434 specie
2000 2355 2346 2433 imperfecta
2394 2357 2515 2417 sive
2556 2358 2755 2418 minus

185 2474 336 2534 quam
378 2460 646 2539 perfecta
689 2461 780 2521 vel
819 2460 1148 2523 inchoativa
1204 2459 1432 2528 ibatur,
1497 2458 1706 2521 eodem
1752 2457 1929 2519 modo
1987 2456 2197 2517 eodem
2242 2464 2511 2537 tempore
2555 2460 2752 2537 specie
2778 2480 2829 2521 πο

185 2560 419 2635 perfecta
467 2563 590 2623 sive
662 2561 928 2623 absoluta
975 2564 1122 2625 itum
1181 2570 1271 2623 est
1335 2568 1394 2623 et
1448 2560 1731 2623 ulteriore
1783 2560 2045 2639 perfecta
2108 2560 2227 2621 sive
2284 2558 2549 2621 absoluta
2602 2562 2749 2623 itum

187 2660 291 2731 luit,
335 2662 541 2725 eodem
582 2663 762 2724 modo
809 2663 1020 2727 eodem
1055 2671 1326 2743 tempore
1370 2663 1567 2741 specie
1608 2660 2188 2741 plusquamperfecta
2232 2664 2353 2723 sive
2384 2662 2751 2723 recordativa

187 2762 256 2823 vel
306 2772 502 2827 exacta
555 2766 704 2827 itum
763 2774 890 2827 erat
975 2773 1034 2828 et
1087 2765 1368 2827 ulteriore
1447 2762 2025 2845 plusquamperfecta
2079 2766 2197 2825 sive
2250 2763 2615 2827 recordativa
2660 2764 2752 2825 vel

187 2874 364 2927 exacta
396 2869 544 2929 itum
581 2867 792 2935 fuerat,
839 2867 1049 2929 eodem
1080 2867 1258 2928 modo
1291 2874 1561 2947 tempore
1589 2866 1789 2930 futuro
1830 2865 2033 2927 ibitur.
2122 2865 2377 2941 gerundi
2408 2873 2547 2926 sunt
2578 2866 2747 2935 haec,

187 2968 336 3027 eundi
402 2970 598 3031 eundo
660 2968 920 3031 eundum
985 2971 1148 3031 itum.
1237 2977 1504 3046 tempora
1573 2968 2015 3046 participiorum
2088 2966 2403 3054 trahuntur
2468 2988 2501 3029 a
2564 2968 2746 3029 verbo
2775 2988 2825 3029 25

190 3071 412 3151 neutrali
452 3073 604 3142 duo,
649 3089 936 3149 praesens
975 3072 1130 3141 iens,
1187 3073 1452 3133 futurum
1499 3071 1708 3131 iturus.
1798 3086 2015 3129 nomen
2054 3070 2200 3137 itor,
2260 3068 2576 3147 appellatio
2620 3070 2748 3131 itio.

189 3168 468 3235 declinatio
525 3173 824 3252 participii
871 3175 1202 3251 praesentis
1257 3172 1570 3249 temporiS,
1633 3170 1790 3249 quod
1847 3172 2004 3231 venit
2046 3190 2079 3233 a
2124 3173 2295 3233 tertia
2340 3172 2751 3249 coniugatione

189 3274 472 3347 producta,
517 3292 674 3353 quae
707 3275 1020 3337 indicativo
1065 3277 1186 3341 sive
1229 3274 1668 3354 pronuntiativo
1705 3273 1883 3334 modo
1935 3274 2219 3352 temporis
2262 3276 2591 3351 praesentis
2627 3275 2749 3335 sive

191 3372 422 3437 instantis
481 3395 554 3437 ex
597 3378 790 3456 prima
829 3394 1084 3455 persona
1135 3377 1368 3437 numeri
1407 3374 1722 3452 singularis
1766 3393 1835 3435 eo
1873 3374 2081 3437 litteris
2139 3375 2443 3445 delinitur,
2502 3384 2567 3437 ut
2604 3382 2759 3454 putav

193 3479 393 3539 numeri
453 3476 774 3558 singularis
835 3479 934 3539 hic
973 3480 1104 3539 iens
1165 3478 1340 3540 huius
1377 3478 1568 3538 euntis
1627 3477 1765 3537 huic
1809 3478 1971 3539 eunti
2031 3476 2190 3537 hunc
2236 3484 2471 3537 euntem
2540 3496 2577 3537 o
2617 3478 2827 3537 iensao

193 3574 252 3637 ab
285 3578 390 3641 hoc
428 3590 636 3649 eunte,
687 3582 924 3644 numeri
967 3578 1210 3659 pluralis
1262 3579 1326 3639 hi
1367 3587 1576 3641 euntes
1617 3579 1833 3640 horum
1880 3580 2141 3641 euntium
2189 3578 2279 3639 liis
2320 3578 2596 3641 euntibus
2638 3579 2750 3641 hos

195 3688 368 3741 euntes
407 3700 442 3741 o
475 3690 690 3745 euntes
731 3682 804 3743 ab
843 3683 936 3745 his
979 3680 1272 3745 euntibus.
1364 3700 1525 3741 nunc
1570 3682 1744 3742 etiam
1790 3680 1906 3742 hoc
1946 3699 2277 3751 monemuS,
2326 3680 2485 3759 quod
2524 3700 2592 3743 ex
2637 3680 2749 3742 hac

195 3782 570 3861 coniugatione
613 3784 750 3865 plus
793 3803 970 3864 quam
1013 3786 1248 3862 triginta
1287 3802 1390 3845 sex
1431 3783 1582 3852 soni,
1629 3783 1746 3843 hoc
1784 3790 1875 3845 est
1917 3801 2093 3861 quam
2132 3784 2371 3861 triginta
2401 3802 2500 3844 sex
2550 3783 2747 3853 verba,

195 3896 292 3943 nou
353 3889 576 3965 possint
640 3886 928 3950 exhiberi.
1017 3887 1100 3948 De
1154 3887 1324 3948 tertia
1384 3885 1795 3962 coniugatione
1840 3884 2161 3962 producta,
2230 3904 2380 3964 quae
2437 3885 2747 3946 indicativo

195 3982 293 4043 sive
326 3990 756 4063 pronuntiative
801 3988 978 4051 modo
1033 3988 1320 4065 temporis
1365 3987 1693 4065 praesentis
1748 3987 1869 4045 sive
1925 3986 2195 4047 instantis
2254 4006 2325 4047 ex
2370 3989 2559 4065 prima
2606 4004 2741 4063 per·
2770 4002 2823 4042 ³5

196 4099 314 4148 sona
362 4094 591 4155 numeri
629 4091 942 4171 singularis
979 4108 1052 4151 eo
1093 4088 1304 4151 litteris
1361 4087 1666 4157 definitur,
1726 4093 2009 4166 quantum
2056 4088 2207 4147 ratio
2256 4086 2567 4166 poscebat,
2627 4095 2747 4147 tra-

198 4188 459 4255 emimus.
491 4189 520 4277 ΙΙ

339 4293 484 4356 Sane
523 4295 642 4361 hoc
689 4314 1020 4365 monemus,
1067 4293 1226 4375 quod
1265 4292 1440 4355 verba
1487 4289 1778 4353 neutralia
1820 4290 1939 4351 sive
1969 4288 2297 4355 inchoativa
2333 4289 2424 4350 vel
2466 4290 2747 4368 frequen-

200 4392 343 4453 tativa
401 4397 724 4459 secundum
781 4398 1226 4475 coniugationes
1270 4412 1406 4455 suas
1471 4394 1544 4455 ad
1599 4395 1853 4454 sormam
1895 4392 2143 4453 activam
2204 4393 2321 4452 sint
2378 4389 2745 4455 declinanda.

201 4500 406 4557 atvero
441 4499 618 4562 verba
662 4500 1016 4577 deponentia
1065 4500 1184 4560 sive
1228 4498 1562 4559 communia
1613 4493 1941 4556 secundum
1994 4492 2435 4571 coniugationes
2480 4510 2617 4555 suas
2670 4493 2742 4554 ad
2774 4510 2825 4552 40

202 4592 416 4661 sormam
457 4602 745 4680 passivam
787 4608 930 4663 sunt
971 4600 1335 4662 declinanda.
1427 4618 1586 4660 nunc
1624 4598 1797 4659 etiam
1845 4596 1963 4657 hoc
1994 4612 2320 4666 monemuS,
2368 4596 2524 4675 quod
2566 4596 2747 4657 verba

315 4743 374 4795 16
403 4746 512 4797 ierit
544 4764 603 4799 w
636 4748 734 4798 erit
763 4748 810 4799 R
956 4749 1018 4800 ,17
1053 4746 1302 4797 inerimus
1337 4752 1386 4795 et
1421 4744 1632 4795 ierimus
1669 4760 1727 4793 νυ
1760 4742 2001 4795 iberimus
2035 4750 2084 4791 et
2120 4742 2337 4791 iux-imus
2373 4742 2421 4793 R
2562 4742 2751 4791 iuerint

203 4822 250 4858 ru
279 4812 480 4869 iuuet-int
511 4818 556 4869 R

2214 4898 2341 4959 12*
