3434 5442
953 334 1345 397 INSTITVTA
1393 334 1677 397 ARTIVM
1723 334 1927 395 772-
1938 335 2062 397 775
2689 340 2809 402 165

316 466 361 505 p.
387 450 475 494 τοι.
496 451 547 492 05
576 452 627 493 a.
1008 502 1018 509 ,
2368 465 2412 505 p.
2440 453 2624 495 aee-oe
2653 452 2707 495 v.

130 588 137 600 ,
224 542 367 594 sem,
406 524 629 585 utinam
678 522 1017 593 docuisseS,
1061 524 1285 585 utinam
1330 523 1661 592 docuisset:
1723 524 1955 585 numeri
2000 522 2246 602 pluralis
2302 526 2528 586 utinam
2572 524 2808 586 docuis-

221 644 423 694 semus,
472 624 1105 694 utinamdocuissetis,
1152 626 1373 687 utinam
1414 624 1786 686 docuissent:
1835 626 2046 688 eodem
2079 628 2256 690 modo
2303 635 2570 706 tempore
2609 627 2808 689 futuro

219 728 442 789 numeri
486 726 805 806 singularis
847 729 1073 788 utinam
1120 727 1387 797 doceam,
1436 727 1657 787 utinam
1704 727 1952 798 doceas,
2001 730 2224 792 utinam
2261 730 2500 800 doceat;
2574 731 2809 791 numeri

220 828 453 911 pluralis
512 830 737 891 utinam
782 830 1137 901 doceamuS,
1196 830 1421 891 utinam
1468 830 1756 898 doceatis,
1817 832 2038 893 utinam
2085 832 2354 894 doceant.
2443 831 2620 893 modo
2664 846 2808 893 con-

218 933 465 995 iunctivo
524 939 793 1009 tempore
838 932 1137 1010 praesenti
1188 932 1309 992 sive
1353 932 1593 992 instanti
1648 933 1880 993 numeri
1921 932 2235 1011 singularis
2292 953 2426 996 cum
2472 934 2562 997 vel
2605 936 2654 997 si
2697 935 2804 996 do·
2857 962 2882 1000 5

218 1052 403 1105 ceam,
448 1052 587 1095 cum
634 1032 723 1093 vel
764 1034 815 1092 si
859 1033 1105 1103 doceas,
1152 1052 1285 1095 cum
1337 1032 1423 1095 vel
1470 1034 1519 1094 si
1564 1034 1805 1103 doceat;
1867 1036 2100 1096 numeri
2139 1034 2390 1115 pluralis
2442 1054 2576 1097 cum
2621 1035 2710 1099 vel
2755 1040 2808 1099 si

218 1138 548 1205 doceamus,
590 1152 723 1196 cum
770 1132 860 1195 vel
902 1134 952 1195 si
992 1134 1273 1206 doceatis,
1318 1152 1453 1195 cum
1494 1134 1585 1195 vel
1622 1135 1669 1197 si
1715 1135 1997 1197 doceant:
2055 1137 2266 1199 eodem
2311 1139 2488 1200 modo
2533 1146 2804 1219 tempore

218 1239 527 1320 praeterito
583 1226 781 1316 specie
835 1235 1183 1317 imperfecta
1246 1238 1367 1298 sive
1421 1236 1615 1297 minus
1662 1256 1840 1318 quam
1884 1237 2148 1318 perfecta
2193 1238 2281 1306 vel
2323 1239 2651 1301 inchoativa
2695 1258 2803 1301 nu-

218 1342 353 1402 meri
391 1336 713 1419 singularis
752 1356 888 1400 cum
931 1338 1023 1399 vel
1064 1340 1113 1399 si
1158 1340 1458 1409 docerem,
1507 1358 1641 1400 cum
1684 1338 1776 1401 vel
1821 1340 1870 1399 si
1912 1341 2180 1412 docereS,
2222 1360 2356 1411 cum
2405 1340 2494 1403 vel
2537 1343 2589 1402 si
2625 1342 2803 1403 doce-

216 1452 323 1513 ret:
396 1442 637 1503 numeri
686 1439 853 1519 plura
870 1438 971 1525 ulis
1026 1457 1157 1502 cum
1202 1440 1293 1503 vel
1334 1442 1382 1501 si
1428 1442 1812 1511 doceremus,
1873 1460 2007 1504 cum
2051 1441 2142 1505 vel
2185 1444 2235 1506 si
2281 1445 2604 1513 doceretis,
2661 1462 2798 1505 cum
2829 1467 2880 1507 ιο

216 1544 295 1608 vel
332 1547 381 1607 si
420 1544 739 1606 docerent:
786 1544 996 1605 eodem
1035 1543 1214 1605 modo
1260 1543 1468 1605 eodem
1512 1552 1782 1623 tempore
1827 1546 2026 1624 specie
2067 1546 2333 1625 perfecta
2377 1548 2498 1607 sive
2534 1542 2800 1606 absoluta

217 1648 437 1709 numeri
484 1644 807 1725 singularis
864 1664 997 1706 cum
1043 1643 1135 1707 vel
1176 1646 1225 1705 si
1272 1645 1608 1716 docuerim,
1664 1664 1800 1707 cum
1847 1644 1937 1707 vel
1979 1648 2027 1707 si
2073 1648 2378 1718 docueri8‚
2439 1666 2575 1709 cum
2617 1646 2710 1709 vel
2753 1648 2804 1707 si

216 1751 505 1818 docuerit:
578 1750 811 1809 numeri
857 1746 1102 1827 pluralis
1154 1766 1289 1809 cum
1336 1746 1427 1809 vel
1470 1748 1517 1809 si
1573 1747 1983 1819 docuerimuS,
2045 1768 2179 1811 cum
2235 1748 2325 1811 vel
2367 1750 2417 1811 si
2461 1750 2798 1822 docueritiS,

216 1870 335 1913 cum
377 1849 472 1911 vel
502 1852 575 1911 ·si
618 1849 960 1911 docuerint:
1030 1850 1239 1913 eodem
1284 1850 1463 1911 modo
1518 1850 1728 1911 eodem
1769 1857 2038 1929 tempore
2094 1853 2292 1931 specie
2347 1849 2800 1930 plusquamper-

214 1956 353 2016 fecta
388 1938 533 2014 sive*
558 1953 931 2015 recordativa
968 1951 1055 2013 vel
1094 1960 1297 2014 exacta
1353 1952 1583 2015 numeri
1630 1952 1946 2031 singularis
1984 1971 2118 2014 cum
2165 1952 2256 2015 vel
2295 1950 2304 2037 Ι
2343 1954 2395 2015 si
2442 1953 2796 2025 docuissem,
2826 1975 2876 2016 15

216 2076 335 2117 cum
380 2054 471 2117 vel
516 2056 567 2117 si
612 2055 945 2125 docuisses,
1001 2074 1137 2117 cum
1190 2054 1279 2117 vel
1323 2056 1376 2115 si
1429 2054 1764 2123 docuisset;
1845 2055 2078 2115 numeri
2129 2054 2378 2136 pluralis
2433 2074 2568 2116 cum
2613 2053 2704 2116 vel
2749 2056 2802 2117 si

216 2160 643 2227 docuissemuS,
692 2172 825 2217 cum
866 2154 958 2216 vel
998 2157 1047 2216 si
1086 2156 1461 2226 docuissetiS,
1519 2174 1673 2217 cum.
1700 2154 1793 2217 vel
1831 2158 1879 2216 si
1924 2155 2294 2219 docuissent:
2367 2158 2577 2219 eodem
2621 2157 2800 2219 modo

216 2268 469 2339 tempore
509 2260 715 2321 futuro
760 2259 993 2319 numeri
1034 2258 1347 2335 singularis
1391 2277 1525 2319 cum
1564 2257 1656 2319 vel
1684 2260 1734 2319 si
1779 2258 2059 2329 docuero,
2105 2276 2242 2319 cum
2279 2258 2370 2320 vel
2409 2260 2456 2319 si
2497 2260 2796 2329 docueris,

217 2381 337 2423 cum
386 2360 479 2423 vel
521 2363 575 2421 si
616 2359 917 2429 docuerit:
988 2361 1220 2422 numeri
1262 2359 1508 2438 pluralis
1559 2378 1695 2422 cum
1741 2358 1830 2421 vel
1877 2362 1928 2421 si
1972 2360 2378 2431 docuerimuS,
2435 2379 2570 2423 cum
2611 2360 2703 2422 vel
2747 2362 2798 2423 si

216 2464 553 2533 docuerim,
612 2482 745 2525 cum
792 2461 884 2523 vel
928 2462 976 2523 si
1032 2462 1360 2523 docuerint.
1450 2462 1627 2524 modo
1683 2462 2046 2541 inpersonali
2094 2463 2359 2524 numeris
2415 2469 2474 2525 et
2523 2465 2798 2542 personis
2823 2484 2876 2525 20

216 2568 465 2629 confusis
516 2574 789 2645 tempore
843 2566 1143 2643 praesenti
1196 2565 1315 2626 sive
1370 2566 1609 2626 instanti
1665 2566 1944 2635 docetur,
2015 2564 2228 2627 eodem
2283 2565 2462 2627 modo
2527 2572 2798 2644 tempo-re

214 2670 525 2749 praeterito
585 2668 782 2745 specie
826 2666 1170 2745 imperfecta
1230 2667 1348 2727 sive
1404 2669 1601 2728 minus
1646 2685 1824 2747 quam
1867 2667 2132 2745 perfecta
2185 2666 2278 2733 vel
2321 2667 2654 2730 inchoativa
2691 2668 2800 2729 do-

217 2770 465 2839 cebatur,
514 2768 723 2830 eodem
753 2769 931 2831 modo
980 2770 1189 2830 eodem
1234 2775 1503 2849 tempore
1548 2772 1744 2848 specie
1781 2769 2046 2849 perfecta
2089 2770 2210 2832 sive
2243 2768 2509 2832 absoluta
2555 2770 2796 2831 doctum

218 2881 293 2935 est
342 2880 399 2933 et
444 2870 731 2933 ulteriore
785 2871 1048 2951 perfecta
1099 2873 1219 2933 sive
1272 2871 1537 2934 absoluta
1594 2872 1831 2934 doctum
1887 2872 2024 2941 fuit,
2096 2872 2304 2933 eodem
2347 2872 2528 2934 modo
2586 2872 2796 2935 eodem

218 2984 469 3053 tempore
518 2974 719 3052 specie
760 2972 1341 3053 plusquamperfecta
1394 2975 1515 3037 sive
1560 2973 1928 3036 recordativa
1984 2972 2073 3035 vel
2120 2982 2322 3035 exacta
2377 2974 2616 3035 doctum
2667 2980 2796 3035 erat
2821 2994 2872 3033 25

216 3086 269 3137 et
310 3076 592 3139 ulteriore
650 3074 1231 3156 plusquamperfecta
1290 3074 1381 3137 vel
1438 3077 1806 3138 recordativa
1867 3075 1956 3137 vel
2015 3083 2219 3138 exacta
2283 3076 2522 3137 doctum
2581 3076 2794 3149 suerat,

218 3180 409 3240 eodem
454 3177 633 3239 modo
690 3184 959 3256 tempore
1004 3178 1205 3239 futuro
1259 3177 1586 3240 docebitur.
1676 3179 1932 3258 gerundi
1969 3187 2108 3239 sunt
2149 3178 2329 3250 baec,
2381 3179 2636 3241 docendi
2689 3178 2798 3239 do-

218 3280 389 3342 cendo
428 3279 767 3342 docendum
806 3280 1067 3343 doctum.
1156 3288 1421 3359 tempora
1474 3282 1924 3360 participiorum
1971 3280 2287 3342 trahuntur
2341 3280 2416 3341 ab
2453 3280 2571 3341 hoc
2612 3280 2795 3341 verbo

216 3385 387 3445 activo
450 3383 605 3453 duo,
672 3400 959 3462 praesens
1020 3389 1079 3443 e’t
1134 3382 1429 3452 futurum,
1490 3401 1778 3463 praesens
1843 3383 2092 3453 docenS,
2157 3384 2422 3445 futurum
2488 3382 2792 3445 docturus,

216 3504 417 3549 nomen
456 3485 533 3548 ab
579 3484 695 3546 boc
736 3483 919 3545 verbo
962 3486 1029 3545 fit
1072 3470 1300 3555 doctor,
1345 3484 1659 3566 appellatio
1702 3484 1991 3547 doctrina.
2816 3503 2870 3545 so

372 3586 697 3651 Declinatio
753 3587 981 3666 passiva
1032 3587 1327 3649 secundae
1382 3588 1830 3665 coniugationis.
1920 3587 2139 3650 doceor
2197 3587 2444 3650 verbum
2493 3588 2794 3667 passivum

218 3691 513 3753 indicativo
556 3690 677 3751 sive
720 3691 1155 3767 pronuntiativo
1195 3690 1373 3751 modo
1422 3691 1643 3752 dictum
1682 3692 1966 3769 temporis
2001 3691 2332 3769 praesentis
2373 3692 2494 3751 sive
2523 3690 2794 3751 instantis

220 3795 433 3854 numeri
474 3790 791 3869 singularis
834 3791 1061 3867 figurae
1094 3794 1453 3870 compositae
1496 3810 1788 3872 personae
1831 3794 2057 3872 primae
2103 3794 2535 3871 coniugationis
2579 3810 2792 3853 secun·

220 3896 340 3965 dae,
398 3894 557 3973 quod
608 3891 1001 3955 declinabitur
1054 3896 1158 3956 sic.
1248 3895 1425 3955 modo
1482 3884 1792 3956 indicativo
1851 3895 1972 3955 sive
2027 3895 2464 3973 pronuntiative
2523 3903 2792 3974 tempore

220 3998 497 4074 praesenti
554 3996 677 4058 sive
720 3996 961 4057 instanti
1016 3997 1249 4059 numeri
1308 3996 1623 4075 singularis
1681 3996 1904 4057 doceor
1946 3996 2179 4057 doceris
2220 3995 2496 4066 docetur,
2557 3996 2792 4057 numeri
2817 4015 2868 4057 ³5

222 4098 445 4176 pluralis
504 4098 793 4159 docemur
857 4098 1153 4160 docemini
1206 4099 1527 4161 docentur:
1573 4095 1600 4181 ΙΙ
1644 4098 1853 4159 eodem
1911 4098 2090 4158 modo
2151 4104 2420 4177 tempore
2463 4098 2786 4177 praeterito

222 4202 399 4278 specie
442 4199 785 4281 imperfecta
842 4202 964 4263 sive
1018 4204 1215 4264 minus
1258 4220 1435 4284 quam
1478 4201 1742 4279 perfecta
1795 4199 1882 4261 vel
1927 4199 2256 4261 inchoativa
2311 4200 2543 4261 numeri
2587 4199 2790 4276 singu-

223 4301 347 4363 laris
386 4301 646 4365 docebar
688 4303 999 4366 docebaris
1044 4303 1405 4375 docebatur,
1445 4305 1683 4365 numeri
1723 4302 1968 4383 pluralis
2009 4300 2374 4365 docebamur
2418 4300 2792 4361 docebamini

222 4402 603 4465 docebantur:
676 4406 887 4468 eodem
940 4406 1120 4468 modo
1176 4406 1382 4468 eodem
1440 4413 1709 4487 tempore
1766 4408 1966 4486 specie
2022 4403 2287 4484 perfecta
2345 4404 2466 4464 sive
2521 4400 2788 4464 absoluta

224 4506 439 4566 numeri
474 4506 789 4584 singularis
837 4508 1047 4583 doctus
1091 4526 1224 4571 sum
1280 4509 1489 4571 doctus
1532 4528 1596 4570 es
1642 4508 1852 4569 doctus
1897 4515 2012 4579 est,
2064 4508 2299 4567 numeri
2341 4503 2587 4585 pluralis
2629 4504 2788 4566 docti
2817 4518 2870 4559 ⁴⁰

344 4753 413 4802 24
450 4750 561 4817 tuit]
600 4764 707 4806 erat
744 4756 845 4809 RB
982 4758 1049 4807 25
1094 4755 1225 4823 erat]
1268 4756 1367 4807 fuit
1399 4756 1475 4806 Rv
1586 4757 1653 4805 27
1687 4755 1815 4805 haee
1851 4770 1946 4805 om.
1979 4754 2046 4815 R,
2081 4754 2210 4807 add.
2247 4754 2300 4804 B
2403 4752 2474 4806 30
2507 4752 2788 4820 appellatio

224 4836 275 4869 ru
304 4819 605 4887 appennino
641 4826 687 4877 13
827 4826 894 4879 33
930 4826 1122 4892 figurae
1152 4826 1404 4892 simplicis
1434 4827 1602 4877 editor·
1633 4824 2039 4877 Vindobonenst's
