3434 5442
1449 1199 1496 1252 Ι.

1001 1339 1086 1408 Μ.
1141 1335 1560 1407 VALERII
1622 1333 1929 1408 PROBI

363 1487 489 1604 nl}
537 1489 1002 1584 tl'l'rultls
1055 1487 1805 1584 SINthARfflvs
1859 1379 2577 1586 FRAGMENTVM.

1290 1779 1645 1790 -.---

346 2005 408 2059 Μ.
443 2003 685 2060 Valerius
713 2003 924 2060 Probus
954 2003 1230 2078 Berytins‚
1272 2006 1366 2078 qui
1408 2003 1596 2060 floruit
1636 2006 1936 2078 imperante
1966 2002 2178 2058 Nerone
2220 2010 2275 2058 et
2316 2003 2383 2060 ad
2405 2003 2762 2061 Domitianum

202 2105 354 2162 usque
383 2091 540 2146 vitam
572 2089 785 2145 videtur
816 2091 1180 2163 protraxisse,
1215 2105 1338 2145 cum
1368 2097 1654 2146 auctorum
1685 2089 2084 2163 exemplaribus
2114 2088 2459 2144 emendandis
2490 2096 2546 2143 et
2575 2088 2767 2144 distin-

203 2174 404 2246 guendis
431 2176 658 2229 maxime
687 2181 926 2234 vacaret,
971 2180 1112 2229 teste
1153 2172 1415 2231 Suetonio
1463 2167 1705 2249 (gramm.
1738 2172 1827 2245 24)
1861 2175 2069 2247 ‘pauca
2113 2180 2322 2230 tantum
2366 2181 2423 2228 et
2464 2176 2657 2247 exigua
2700 2175 2765 2230 de

203 2258 494 2332 quibusdam
526 2261 751 2314 minutis
781 2258 1215 2332 quaestiunculis
1245 2259 1438 2320 edidit,
1492 2258 1714 2332 reliquit
1745 2266 1923 2315 autem
1956 2275 2064 2314 non
2094 2258 2419 2314 mediocrem
2452 2258 2638 2315 silvam
2670 2259 2764 2316 ob-

205 2345 542 2401 servationum
573 2346 840 2400 sermonis
871 2343 1076 2417 antiqui
1090 2343 1130 2405 ',
1175 2343 1374 2416 quibus
1406 2351 1670 2417 quantum
1701 2346 1894 2400 aetatis
1929 2343 2163 2400 labentis
2193 2345 2526 2416 grammatici
2556 2344 2767 2400 Diome·

203 2429 280 2483 des
305 2431 526 2486 maxime
559 2435 614 2483 et
642 2428 952 2484 Priscianus
983 2427 1232 2490 debeant.
1264 2428 1450 2485 docuit
1479 2427 1684 2485 Keilius
1717 2431 1771 2483 in
1804 2428 1907 2484 vol.
1934 2428 1953 2483 1
1984 2428 2151 2502 praes.
2184 2445 2237 2501 p.
2267 2428 2353 2483 LII
2374 2447 2455 2503 sq.
2514 2428 2765 2485 Eiusdem

205 2530 304 2569 esse
329 2514 470 2569 bunc
497 2512 566 2568 de
595 2513 795 2568 litteris
831 2512 1199 2587 singularibus
1233 2521 1521 2570 tractatum
1553 2529 1673 2570 cnm
1706 2513 1921 2569 codices
1962 2512 2228 2586 probant,
2273 2530 2505 2587 quorum
2538 2515 2632 2588 qui
2662 2514 2767 2571 fide

205 2599 326 2670 digni
347 2595 724 2654 sunt‘Valerii
745 2597 942 2654 Probi’
976 2614 1098 2653 eum
1123 2615 1245 2654 esse
1277 2597 1542 2661 scribunt,
1575 2606 1688 2654 tum
1722 2600 1899 2672 ipsum
1932 2604 2330 2672 argumentum.
2374 2597 2505 2654 Nam
2529 2601 2764 2673 primum

205 2683 382 2739 nullum
411 2682 672 2739 indicium
695 2690 842 2739 extat
870 2684 924 2738 in
957 2682 1160 2745 libello,
1192 2683 1337 2758 qnod
1369 2683 1436 2740 ad
1466 2691 1696 2740 aetatem
1728 2683 1890 2740 ducat
1911 2682 2123 2738 Nerone
2152 2685 2547 2758 posteriorem;
2580 2701 2767 2740 recen-

209 2769 382 2824 tissima
424 2769 569 2824 enim
614 2783 754 2842 quae
791 2767 864 2824 ibi
909 2777 1236 2830 occurrunt,
1281 2777 1412 2826 sunt
1457 2769 1541 2824 lex
1570 2769 1700 2825 lulia
1734 2769 1969 2843 Augusti
2013 2768 2080 2824 de
2126 2768 2407 2824 adulteriis
2451 2770 2765 2825 coercendis

207 2855 261 2924 (3,
291 2850 360 2926 10)
393 2861 450 2909 et
479 2861 612 2909 nota
642 2853 739 2908 CL.
771 2870 872 2927 pro
904 2851 1126 2909 Claudio
1158 2851 1228 2924 (2,
1261 2853 1331 2926 8).
1358 2853 1506 2928 qnod
1534 2855 1755 2910 unicum
1786 2854 1861 2909 ibi
1892 2857 2168 2927 reperitur
2198 2856 2435 2909 nominis
2465 2870 2574 2909 non
2604 2853 2765 2927 plene

209 2941 366 3012 scripti
393 2939 728 3012 exemplum,
775 2938 1068 2994 coniuncta
1110 2954 1239 2994 sane
1280 2955 1401 2994 cnm
1445 2944 1607 2994 notae
1638 2939 1878 2994 eiusdem
1909 2955 2014 2995 usu
2058 2939 2113 2994 in
2144 2941 2378 2994 nummis
2420 2955 2530 2994 non
2560 2937 2764 2994 Claudii

208 3023 548 3097 imperatoris,
595 3023 688 3078 sed
731 3025 782 3079 in
827 3023 1150 3097 quibusdam
1194 3025 1437 3097 quamvis
1477 3025 1617 3080 raris
1659 3031 1714 3079 et
1754 3025 1889 3097 ipsis
1928 3022 2177 3079 Neronis.
2263 3023 2397 3078 Item
2441 3022 2584 3095 quod
2627 3023 2766 3094 legis

211 3110 448 3164 actionum
488 3115 703 3164 mature
742 3107 1064 3165 abolitarum
1097 3115 1256 3165 notas
1288 3110 1526 3182 scriptor
1568 3108 1789 3165 curiose
1817 3109 2194 3182 persequitur,
2240 3110 2514 3164 curiarum
2547 3124 2765 3182 qnoque

211 3201 252 3246 et
287 3193 531 3249 similium
577 3208 688 3248 non
730 3193 890 3267 plane
931 3195 1240 3267 praeteriit,
1293 3193 1525 3267 denique
1569 3210 1678 3250 non
1715 3193 1781 3248 de
1824 3193 2000 3249 edicto
2043 3200 2309 3266 perpetuo
2352 3192 2626 3267 loquitur,
2672 3192 2767 3248 sed

214 3278 474 3334 secundum
516 3279 794 3352 antiquam
826 3278 1276 3334 consuetudinem
1316 3278 1382 3334 de
1413 3277 1605 3336 edictis
1635 3279 1919 3351 perpetuis
1966 3272 2021 3348 (S
2052 3281 2083 3331 5
2115 3279 2281 3333 inscr.
2312 3278 2384 3334 cf.
2416 3277 2523 3334 Cic.
2557 3277 2624 3334 ad
2654 3278 2767 3333 Ait.

209 3365 246 3422 6,
273 3365 310 3424 1,
336 3365 428 3426 15;
473 3363 673 3419 Ascon.
706 3364 762 3418 in
791 3362 1004 3418 Cornel.
1039 3380 1092 3436 p.
1123 3366 1190 3417 58
1221 3361 1414 3424 Orell.;
1459 3363 1570 3419 Gai.
1606 3367 1650 3424 1,
1683 3359 1733 3437 6)
1753 3404 1765 3424 ,
1796 3370 1859 3417 ut
1889 3361 1991 3418 alia
2020 3364 2228 3418 mittam
2259 3365 2376 3418 eius
2407 3363 2625 3434 generis
2656 3379 2767 3417 non

211 3463 370 3520 pauca,
415 3463 558 3521 quae
587 3449 804 3503 curiose
831 3447 1244 3520 investigantem
1275 3464 1384 3503 non
1414 3447 1653 3520 fugient,
1707 3455 1986 3503 auctorem
2016 3447 2255 3504 indicant
2283 3449 2518 3521 optimae
2548 3448 2764 3503 aetatis·

211 3530 488 3589 Tractatum
518 3539 728 3595 autem,
778 3548 936 3606 quem
977 3532 1266 3595 habemus,
1313 3550 1423 3589 non
1463 3533 1741 3605 integrum
1784 3547 1904 3588 csse
1947 3533 2120 3606 prima
2150 3532 2310 3588 verba
2340 3531 2647 3588 luculenter
2676 3532 2768 3587 de-

211 3625 508 3681 monstrant;
562 3617 794 3691 deniqne
833 3618 1148 3691 inscriptio,
1197 3633 1336 3691 qnae
1375 3617 1431 3672 in
1462 3618 1624 3673 bonis
1667 3616 1823 3674 libris
1853 3617 1983 3674 haec
2024 3624 2109 3672 est
2148 3614 2253 3672 ‘de
2284 3618 2431 3672 iuris
2459 3617 2765 3673 notarum’

211 3700 273 3756 vel
297 3701 469 3759 ‘iuris
495 3709 766 3758 notarum
783 3702 824 3766 ',
865 3718 1040 3777 neque
1081 3711 1404 3777 argumento
1445 3701 1614 3759 libelli
1657 3705 1793 3759 satis
1834 3711 1959 3776 apta
1990 3709 2075 3758 est
2103 3718 2279 3776 neque
2310 3703 2529 3758 omnino
2558 3701 2766 3759 Latina.

211 3785 458 3844 Sublatam
491 3805 616 3844 eum
641 3803 762 3843 esse
792 3804 855 3843 ex
883 3787 1046 3843 Probi
1078 3786 1682 3850 ‘commentationum’.
1714 3805 1851 3862 quas
1882 3789 2016 3844 citat
2045 3787 2287 3859 generali
2316 3789 2536 3843 nomine
2562 3787 2767 3843 Gellius

213 3874 372 3934 15,30.
405 3873 594 3946 aliquo
626 3872 898 3929 volumine
927 3875 1012 3928 vix
1043 3873 1264 3932 dubium
1295 3881 1408 3936 est,
1445 3875 1600 3930 cuius
1630 3891 1754 3930 cum
1785 3875 1924 3930 ratio
1956 3880 2012 3928 et
2042 3873 2325 3946 inscriptio
2358 3873 2518 3928 hodie
2547 3872 2770 3928 demon-

207 3959 334 4013 strari
360 3975 477 4014 non
521 3958 766 4032 possint,
811 3959 914 4014 hoc
945 3965 1151 4014 tantum
1183 3960 1432 4015 conicere
1472 3959 1600 4015 licet
1629 3957 1867 4015 sortasse
1895 3958 2247 4014 coniunctum
2277 3971 2397 4013 eum
2430 3957 2602 4012 fuisse
2642 3973 2766 4013 cum

213 4040 336 4098 Probi
377 4043 773 4100 commentario
825 4043 918 4118 qui
968 4043 1168 4099 citatur
1208 4044 1350 4117 apud
1393 4043 1622 4099 Gellium
1654 4047 1735 4105 17,
1766 4045 1800 4096 9
1840 4041 1858 4070 ‘
1878 4043 1947 4098 de
1989 4045 2212 4098 occulta
2240 4043 2565 4097 litterarum
2594 4042 2768 4112 siym‘-

211 4127 439 4194 ficatione
467 4131 528 4183 in
559 4129 938 4200 epistularum
962 4125 1019 4184 0.
1036 4127 1304 4184 Caesaris
1327 4127 1675 4200 scriptura'.
1722 4129 2111 4200 Argumentum
2144 4126 2420 4200 quomodo
2447 4133 2769 4200 persecutu-

215 4227 286 4266 rus
309 4215 391 4276 sit,
424 4215 546 4287 ipse
569 4212 787 4270 Probus
817 4212 1020 4270 indicat
1049 4213 1446 4287 quodammodo
1478 4213 1659 4270 verbis
1687 4212 2072 4288 praefationis:
2118 4211 2272 4282 quod
2296 4213 2355 4265 in
2378 4211 2769 4281 praenomini-

216 4295 550 4370 bus‚le91'bus
577 4299 860 4370 publicis,
905 4299 1355 4370 pontificumque
1393 4300 1771 4354 monumentis
1809 4303 1865 4353 et
1890 4298 1951 4352 in
1980 4298 2127 4352 iuris
2154 4295 2335 4351 civilis
2372 4296 2532 4350 libris
2570 4297 2768 4350 etiam-

217 4397 330 4438 nunc
355 4389 588 4444 manet:
630 4401 754 4440 nam
784 4386 1176 4454 praenomina
1217 4384 1495 4458 pertinent
1533 4384 1598 4439 ad
1627 4385 1939 4439 notationes
1970 4399 2091 4444 eas,
2137 4395 2275 4454 quae
2315 4381 2369 4435 in
2400 4381 2769 4435 monumentis

219 4466 426 4536 plurimis
455 4477 512 4524 et
543 4470 598 4523 in
631 4467 983 4524 historiarum
1013 4467 1170 4525 libris
1201 4468 1482 4542 sacrisque
1509 4467 1745 4542 publicis
1776 4468 2143 4540 reperiuntur,
2175 4465 2228 4521 id
2251 4472 2336 4520 est
2366 4464 2430 4521 ad
2453 4466 2767 4521 notationes

218 4567 314 4608 usus
339 4552 634 4626 generalis,
666 4569 808 4626 quae
835 4553 1027 4610 deinde
1057 4553 1094 4625 S
1126 4557 1160 4606 2
1189 4560 1284 4610 aut
1313 4560 1702 4610 enumerantur
1732 4559 1827 4610 aut
1856 4559 2003 4607 certe
2032 4551 2367 4616 indicantur;
2404 4556 2599 4606 contra
2628 4567 2767 4624 quae

219 4645 486 4710 sequuntur
514 4639 848 4694 conveniunt
875 4636 930 4692 in
963 4637 1040 4710 §S
1071 4641 1121 4694 3.
1152 4643 1202 4693 4.
1227 4641 1260 4693 5
1293 4638 1372 4695 sic
1399 4639 1717 4711 inscriptas:
1763 4639 1989 4693 litterae
2018 4637 2344 4708 singulares
2371 4637 2432 4691 in
2461 4636 2591 4691 iure
2618 4635 2775 4691 civili

220 4719 254 4788 l)
275 4723 330 4777 de
359 4723 580 4795 leyibus
608 4729 664 4780 el
682 4723 1032 4796 plebiscitis5
1074 4719 1124 4800 2)
1157 4725 1218 4780 in
1246 4724 1386 4796 ἱερεῖς
1415 4710 1733 4780 actionibus
1742 4743 1765 4783 ;
1806 4721 1855 4787 3)
1886 4722 1946 4776 in
1974 4721 2173 4777 edictis
2194 4723 2513 4791 perpetuis,
2543 4729 2607 4777 nt
2634 4720 2768 4792 legi·

217 4802 290 4862 bus
313 4816 368 4863 et
397 4807 702 4882 plebiscitis
730 4808 1098 4882 respondeant
1139 4808 1495 4882 praefationis
1536 4809 1687 4881 leges
1717 4806 1997 4882 publicae.
2042 4804 2185 4879 legis
2214 4805 2523 4862 actionibus
2554 4805 2771 4880 pontifi·
