3434 5442
683 333 806 396 438
1671 321 1911 384 sssnvu
1962 320 2269 403 [senen]

2820 441 2863 480 p.
2895 427 3003 468 isso.
3028 429 3069 468 ει
3098 428 3136 468 r.

685 523 838 576 sunt.
928 513 966 572 k
1009 513 1141 572 ideo
1189 531 1306 573 non
1351 519 1541 592 potest
1586 511 1871 590 praeponi
1916 529 1951 569 ο
1995 509 2251 578 litterae,
2318 509 2453 588 quia
2500 525 2819 586 numquam
2884 510 3215 586 anteponitur

689 618 799 676 nisi
855 635 886 676 a
941 622 1244 692 sequente.
1331 634 1367 674 o
1413 633 1446 693 y
1492 631 1522 673 z
1577 613 1712 672 ideo
1769 629 1887 672 non
1934 607 2179 691 possunt
2220 611 2532 692 praeponi,
2577 611 2711 691 quia
2758 634 2793 665 s
2842 628 3015 670 unum
3056 619 3217 670 tamen

685 715 959 785 verbum,
1007 717 1162 795 quod
1207 736 1243 776 o
1287 723 1422 777 ante
1466 735 1501 775 o
1547 714 1753 786 habet,
1800 710 2115 783 ut·1eboo,
2163 711 2517 773 ‘reboant
2566 711 2959 791 silvaeque
3002 718 3067 770 et
3102 731 3219 772 ma-

685 837 870 896 gnus
913 818 1020 880 O'.
1107 817 1242 878 ideo
1289 825 1494 879 contra
1537 814 1799 894 regulam
1848 817 2033 886 venit,
2092 816 2225 894 quia
2271 817 2563 876 Graecum
2608 823 2714 876 est.
2792 823 2989 875 cetera
3028 814 3085 873 in
3124 825 3221 876 arte

635 939 659 978 5
687 921 1018 1000 conscripta
1063 928 1216 980 sunt.

1709 1089 1806 1151 DE
1850 1087 2243 1150 ADVERBIO.

855 1226 1210 1288 Adverbium
1276 1223 1496 1288 dictum
1567 1232 1689 1295 est,
1760 1225 1895 1302 quia
1952 1242 2192 1285 necesse
2250 1223 2428 1286 habet
2479 1243 2716 1304 semper
2782 1223 3021 1285 verbum
3072 1228 3227 1303 sequi.

691 1328 870 1389 verbo
919 1337 1113 1390 tamen
1161 1345 1278 1388 non
1324 1345 1569 1388 necesse
1615 1335 1705 1388 est
1749 1344 1925 1406 egere
1970 1345 2206 1406 semper
2252 1325 2548 1388 adverbio.
2616 1345 2753 1388 nam
2786 1345 3021 1406 possum
3066 1326 3229 1386 dicert-⁴

689 1433 802 1502 sic,
849 1429 1009 1509 legit.
1088 1448 1242 1491 nunc
1297 1431 1450 1490 enim
1509 1435 1568 1488 et
1611 1427 1785 1508 plena
1832 1435 1923 1490 est
1964 1428 2234 1497 elocutio,
2283 1437 2343 1490 et
2388 1427 2728 1490 adverbium
2774 1438 2969 1490 tamen
3016 1446 3125 1490 non
3160 1430 3229 1486 in-

616 1557 665 1599 10
695 1535 941 1594 venitur.
1011 1551 1145 1593 nam
1192 1550 1324 1592 cum
1371 1530 1504 1592 dico
1549 1548 1681 1590 cras
1725 1530 1929 1600 hodie,
1976 1546 2095 1590 non
2142 1531 2255 1591 erit
2296 1532 2525 1609 integra
2570 1530 2856 1601 elocutio,
2902 1532 3015 1592 nisi
3056 1529 3230 1590 addam

691 1631 966 1705 vei-bum,
1013 1642 1076 1696 ut
1117 1641 1256 1715 puta
1302 1633 1432 1694 dico
1479 1630 1568 1692 vel
1611 1631 1781 1692 facio.
1872 1630 2213 1694 adverbium
2258 1631 2607 1712 plerumque
2650 1633 2961 1694 confirmat
3003 1631 3231 1701 verbum,

691 1715 1047 1817 plerumque‘
1071 1737 1350 1798 destruit:
1399 1735 1726 1804 confirmat,
1772 1743 1841 1795 ut
1884 1735 2033 1794 ‘iam
2067 1734 2345 1804 faciam'3
2390 1734 2671 1805 destruit,
2720 1743 2787 1796 nt
2825 1741 2981 1795 ‘non
3012 1734 3231 1796 saciam’.

691 1836 968 1900 adverbia
1011 1847 1112 1899 aut
1153 1857 1188 1898 a
1233 1856 1298 1898 se
1341 1839 1614 1898 oriuntur
1659 1843 1760 1898 aut
1802 1835 1875 1897 ab
1922 1834 2051 1898 aliis
2094 1833 2359 1915 partibus
2402 1837 2687 1899 orationis
2715 1837 2985 1906 veniunt,
3030 1836 3167 1896 sicut
3187 1838 3235 1896 in

692 1941 916 2001 artibus
976 1940 1234 2020 positum
1299 1947 1416 2002 est:
1487 1955 1621 2001 nam
1679 1936 1766 1998 ibi
1822 1945 1961 2000 sunt
2014 1937 2283 2018 exempla
2336 1939 2495 2000 varia
2546 1941 2753 2020 posita.
2828 1938 3023 2000 horno
3073 1949 3235 1998 antem

618 2067 666 2108 ιε,
695 2041 839 2102 nihil
885 2049 974 2102 est
1015 2041 1169 2103 aliud
1215 2042 1328 2101 nisi
1371 2041 1486 2101 hoc
1530 2059 1702 2102 anno.
1792 2040 1951 2100 unde
1996 2038 2279 2100 derivatio
2334 2039 2550 2120 duplex
2593 2039 2908 2102 invenitur.
2998 2057 3125 2100 nam
3164 2041 3237 2100 ci-

691 2162 830 2205 cero
875 2142 1018 2204 dicit
1071 2143 1416 2204 hornotinas
1477 2143 1708 2222 fruges;
1756 2142 2033 2204 Horatius
2092 2139 2234 2202 dicit
2276 2141 2495 2204 hornas
2540 2141 2757 2220 frugeS.
2847 2143 2989 2203 item
3034 2143 3237 2202 meatim

691 2243 840 2306 nihil
884 2252 974 2306 est
1015 2244 1171 2307 alind
1219 2246 1332 2306 nisi
1375 2263 1508 2306 meo
1553 2262 1749 2314 more,
1796 2245 2004 2304 tuatim
2050 2251 2150 2304 tuo
2198 2261 2379 2304 more.
2454 2242 2611 2322 quod
2656 2242 2801 2304 dicit
2843 2243 2917 2304 de
2962 2244 3239 2322 participio
3350 2267 3352 2306 ι

692 2346 1031 2410 adverbium
1096 2365 1270 2428 posse
1327 2347 1568 2417 deduci,
1625 2363 1829 2407 verum
1885 2363 2003 2405 non
2062 2353 2170 2406 est.
2250 2347 2469 2406 etenim
2524 2345 2666 2408 illud
2726 2344 3059 2426 exemplum
3110 2345 3239 2425 quod
3350 2371 3352 2374 ⁴

691 2448 963 2530 protulit,
1006 2449 1065 2508 id
1113 2457 1203 2510 est
1245 2448 1584 2527 indulgens,
1643 2465 1765 2508 non
1810 2454 2037 2508 tantum
2083 2447 2456 2526 participium
2504 2455 2621 2508 est:
2688 2467 2826 2509 nam
2871 2449 3081 2527 recipit
3124 2465 3239 2506 con·

617 2575 668 2617 πο
696 2552 1088 2633 parationem;
1146 2550 1286 2612 facit
1341 2552 1498 2612 enim
1553 2549 1955 2628 indulgentior
2008 2547 2572 2628 indulgentissimus.
2660 2567 2805 2628 ergo
2850 2549 3083 2629 qnando
3122 2549 3239 2608 dici·

694 2672 824 2714 mus
868 2652 1273 2731 indulgenter,
1329 2670 1446 2714 non
1505 2651 1773 2713 videmur
1830 2669 1864 2711 a
1918 2653 2229 2732 participio
2288 2652 2565 2712 transisse
2620 2650 2694 2712 ad
2752 2650 3121 2721 adverbium,
3160 2649 3242 2710 sed

693 2774 726 2816 a
772 2756 1029 2816 nomine.
1112 2755 1309 2816 omnia
1368 2753 1641 2816 adverbia
1697 2773 1731 2814 e
1788 2757 2101 2816 terminata
2156 2755 2217 2813 in
2272 2754 2521 2834 positivo
2565 2771 2803 2834 semper
2846 2751 3241 2831 producuntur,
3352 2785 3354 2826 ς

695 2868 762 2918 ut
804 2857 1006 2927 docte,
1065 2859 1328 2936 exceptis
1382 2856 1573 2919 tribus
1627 2854 1849 2934 regulis
1892 2873 2099 2917 eornm
2144 2854 2585 2926 adverbiorum,
2632 2872 2783 2934 quae
2826 2865 2929 2915 aut
2971 2873 3085 2916 non
3128 2873 3244 2914 con·

695 2966 1005 3038 parantur,
1065 2966 1132 3020 ut
1183 2960 1294 3020 rite
1353 2957 1558 3037 (nemo
1615 2959 1773 3019 enim
1830 2957 1971 3018 dicit
2022 2959 2192 3018 ritius
2246 2957 2589 3037 ritissime)‚
2644 2955 2736 3017 vel
2802 2975 2955 3036 quae
3006 2956 3245 3018 anomale

591 3049 670 3127 ‘25
698 3071 1132 3141 conparantur,
1181 3068 1246 3121 ut
1286 3059 1440 3121 bene
1499 3061 1702 3141 (nemo
1750 3060 1907 3120 enim
1952 3058 2095 3120 dicit
2136 3057 2346 3120 benius
2388 3057 2757 3138 benissime),
2804 3058 2896 3119 vel
2940 3077 3087 3139 quae
3127 3077 3157 3120 a
3194 3077 3245 3118 se

695 3163 999 3233 oriuntur,
1045 3170 1111 3224 ut
1152 3163 1374 3242 inpune
1421 3160 1779 3243 [inpunius].
1869 3161 1985 3222 hoc
2038 3159 2266 3222 scilicet
2308 3162 2369 3222 in
2402 3162 2687 3241 ‘positivm
2764 3169 3027 3228 ceterum
3068 3179 3245 3240 super·

576 3289 592 3305 ·
694 3263 902 3326 lativus
943 3263 1162 3342 gradus
1201 3282 1438 3343 semper
1469 3261 1497 3346 ΙΙ
1527 3264 1892 3343 producitur,
1938 3269 2003 3324 ut
2046 3263 2397 3324 doctissime.

865 3366 1060 3427 Facile
1115 3375 1173 3427 et
1225 3365 1466 3427 difficile
1523 3364 1701 3446 [non]
1762 3365 2093 3445 quaeritur,
2152 3371 2349 3429 utrum
2406 3363 2679 3426 adverbia
2738 3368 2857 3427 sint
2900 3384 2974 3427 an
3020 3366 3245 3428 nomina.

699 3474 930 3529 constat
973 3476 1166 3529 antem
1224 3487 1352 3530 esse
1407 3468 1645 3529 nomina
1691 3475 1948 3539 tantum,
2006 3467 2141 3547 quia
2184 3483 2423 3547 semper
2464 3477 2741 3546 correpta
2782 3477 2955 3530 sunt:
3026 3470 3073 3529 si
3114 3470 3247 3528 enim

620 3597 671 3638 30
699 3568 976 3632 adverbia
1029 3579 1254 3642 essent,
1311 3579 1378 3632 nt
1431 3587 1610 3648 supra
1667 3569 1950 3637 diximus,
2018 3567 2523 3649 producerentur:
2600 3569 2844 3640 deinde,
2906 3571 3039 3649 quia
3082 3569 3249 3630 neutri

699 3672 936 3749 generis
979 3671 1232 3733 sormam
1278 3679 1622 3751 sequuntur.
1697 3672 1874 3732 sicuti
1918 3671 2074 3732 enim
2121 3669 2369 3732 dicimus
2414 3670 2605 3732 facilis
2646 3671 2848 3742 facile,
2894 3677 2985 3734 sic
3024 3679 3081 3732 et
3120 3671 3247 3732 disti·

700 3773 830 3834 cilis
874 3771 1132 3834 difficile.
1198 3772 1412 3834 deinde
1455 3775 1506 3834 si
1549 3772 1822 3844 adverbia
1870 3781 2095 3843 essent,
2140 3773 2201 3832 in
2246 3781 2339 3833 ter
2382 3775 2642 3835 exirent:
2700 3774 2930 3836 dativus
2974 3775 3121 3835 enim
3164 3791 3249 3832 ne·

701 3877 878 3938 minis
921 3877 942 3935 i
988 3875 1334 3936 terminatus
1379 3873 1718 3936 adverbium
1765 3877 1827 3935 in
1874 3883 1965 3937 ter
1995 3873 2275 3954 syllabam
2308 3877 2513 3945 mittit,
2558 3885 2625 3936 ut
2667 3876 2805 3937 huic
2850 3877 2993 3936 forti
3019 3875 3248 3940 fortiter:

700 3980 786 4038 sic
830 3977 968 4039 huie
1022 3975 1180 4038 sacili
1236 3975 1517 4044 faciliter,
1576 3977 1716 4038 huic
1772 3975 1999 4038 difficili
2052 3975 2371 4038 difficiliter
2425 3977 2777 4039 diceremus
2868 3995 3013 4055 ergo
3050 3983 3251 4036 constat

624 4107 674 4149 ³5
704 4099 833 4141 esse
881 4079 1136 4140 nomina.
1225 4079 1312 4138 sic
1355 4087 1549 4140 autem
1595 4079 1783 4157 posita
1828 4088 1967 4140 sunt
2008 4097 2119 4158 pro
2165 4077 2483 4151 adverbiiS,
2528 4097 2705 4160 quem
2753 4079 2823 4140 ad
2872 4080 3103 4142 modum
3146 4079 3249 4137 lere

874 4269 908 4317 2
943 4281 1044 4317 non
1088 4273 1301 4332 possunt
1338 4267 1584 4331 praeponi
1619 4265 1774 4330 equia
1800 4280 1897 4315 non
1932 4275 2147 4332 possunt
2182 4267 2401 4332 proponi
2438 4281 2469 4318 e
2510 4281 2665 4316 unum
2697 4267 2763 4328 P,
2792 4275 2847 4317 ut
2881 4267 3034 4318 verba
3066 4267 3177 4328 qnia
3198 4291 3251 4297 --

703 4339 944 4404 proponi,
1009 4353 1105 4388 uae
1134 4353 1226 4390 om.
1266 4351 1330 4396 ς,
1369 4336 1632 4386 videantur·
1668 4343 1921 4398 expuncta
1957 4349 2069 4386 esse
2208 4335 2241 4386 3
2270 4334 2501 4402 reboant]
2542 4339 2701 4403 γει-9.
2724 4351 2904 4402 geom.
2952 4335 3135 4387 111223

709 4409 767 4460 15
804 4353 1008 4473 Ciceroff
1040 4409 1092 4457 in
1137 4409 1291 4458 Vm.
1323 4413 1424 4456 aet.
1457 4422 1561 4460 aec.
1589 4407 1652 4454 ΙΙΙ
1683 4407 1767 4471 18,
1803 4405 1870 4455 45
1916 4405 2015 4456 hoc
2040 4414 2281 4469 quantum
2319 4416 2397 4456 est
2432 4421 2497 4457 ex
2542 4407 2717 4458 Sicilia
2750 4406 2992 4458 frumenti
3024 4403 3247 4456 hornotini

702 4485 1062 4528 exaraverunt:
1091 4477 1161 4540 cf.
1193 4478 1458 4540 Pompeius
1489 4493 1542 4541 p.
1581 4475 1686 4528 329
1828 4474 1892 4526 16
1916 4473 2211 4526 hornotinus
2234 4478 2387 4528 editio
2410 4476 2729 4530 Ascenaiana
2754 4477 3043 4528 horuntinus
3072 4475 3145 4530 Ps-

703 4544 962 4612 Horatius]
1009 4563 1163 4600 carm.
1215 4547 1284 4597 ΙΙΙ
1317 4546 1400 4610 23,
1439 4545 1472 4596 3
1516 4548 1562 4595 si
1603 4555 1714 4596 ture
1758 4545 1977 4612 placaris
2015 4553 2065 4596 et
2099 4546 2263 4596 horna
2294 4546 2453 4612 fruge
2493 4547 2643 4600 lares.
2676 4563 2773 4614 quo
2807 4549 3031 4610 exeniplo
3054 4561 3167 4596 aaut
3190 4549 3251 4591 est

703 4618 973 4681 Pompeius
999 4618 1036 4671 Ι.
1065 4633 1108 4665 c.
1253 4614 1464 4682 hornae]
1507 4615 1747 4666 hornatas
1782 4616 1867 4672 Ρς
2006 4617 2075 4664 24
2109 4615 2361 4683 anomale]
2406 4617 2536 4668 male
2572 4619 2657 4673 Ps-
2794 4618 2862 4669 25
2900 4617 3071 4667 benins
3108 4613 3249 4663 benis·

703 4687 832 4736 sime
866 4687 1130 4750 Pompeius
1163 4704 1217 4752 p.
1253 4688 1356 4739 334
1387 4687 1544 4736 benus
1573 4677 1849 4736 benissimo
1888 4685 1939 4733 P
1960 4685 2144 4736 bonius
2171 4686 2445 4738 benissime
2474 4702 2510 4745 ς
2646 4687 2718 4736 26
2748 4688 2955 4752 impune
2983 4685 3247 4750 corripitur:

707 4769 852 4804 nemo
891 4757 1022 4805 enim
1059 4756 1181 4805 dicit
1213 4757 1450 4822 impunes
1487 4757 1751 4819 Pompeius
1781 4770 1836 4818 p.
1871 4756 1973 4806 :²35
2142 4755 2204 4806 31
2243 4757 2457 4806 dicimus
2499 4766 2548 4808 et
2585 4756 2749 4808 facilis
2783 4756 2933 4807 facile
2964 4757 3035 4808 sie
3056 4752 3249 4804 difficilis

707 4823 913 4873 difficile
943 4839 976 4881 ς
1014 4825 1228 4874 dicimus
1265 4835 1312 4874 et
1351 4825 1519 4876 facilis
1551 4825 1700 4876 facile
1730 4825 1953 4876 difficilis
1984 4825 2195 4876 difficile
2236 4827 2280 4874 Ρ
2316 4855 2335 4868 -
