3434 5442
1037 342 1457 411 CATHOLICA
1502 350 1527 411 1
1570 350 1843 412 58-111
1877 352 1917 414 3
2527 414 2534 419 ,
2693 356 2774 417 33

308 476 347 515 p.
377 462 567 504 irs-so
590 464 642 505 p,
2396 498 2406 509 .
2439 468 2528 511 aaa.
2547 470 2599 509 as
2627 469 2674 513 L.

220 534 301 594 isti
357 532 559 595 borum
602 536 851 596 istorum
915 536 1007 596 his
1041 536 1167 595 istis
1232 535 1341 596 hos
1400 538 1561 597 istos.
1652 538 1852 617 quinta
1905 538 2094 597 forma
2153 547 2240 599 est
2295 480 2446 617 qupae
2509 542 2774 617 quinaria

222 644 602 715 nuncupatur,
646 637 707 696 in
754 654 1001 698 numero
1050 644 1275 698 tantum
1326 638 1505 698 modo
1550 636 1834 717 singulari
1889 645 1948 699 et
1987 658 2204 701 nomen
2258 642 2410 719 regit
2455 649 2513 701 et
2557 660 2776 721 prono·

220 754 369 806 men,
419 738 513 798 hic
546 738 827 799 sacerdos
863 738 1039 800 buius
1081 740 1403 801 sacerdotis
1454 740 1594 801 huic
1638 740 1926 801 sacerdoti
1969 740 2130 802 hunc
2167 740 2554 823 salcerdotem
2601 762 2636 803 o
2683 761 2776 804 sa-

216 838 403 899 cerdos
454 838 525 899 ab
568 840 685 900 boc
728 840 1065 909 sacerdote:
1126 857 1454 919 pronomen
1494 842 1609 911 sic,
1670 842 1780 902 iste
1837 843 2003 903 istius
2061 844 2153 903 isti
2201 845 2373 905 istum
2431 863 2466 903 o
2520 844 2594 905 ab
2645 848 2774 907 isto.

217 941 455 1018 quinaria
514 942 703 1003 forma
766 944 825 1002 in
856 942 883 1023 Η
916 960 1165 1004 numero
1232 940 1444 1020 plurali
1512 961 1621 1004 nec
1664 961 1882 1003 nomen
1945 945 2205 1005 continet
2271 963 2382 1006 nec
2425 963 2773 1025 pronomen.
2829 972 2854 1011 5

216 1050 355 1102 sexta
422 1042 607 1104 forma
667 1047 895 1105 senaria
954 1052 1067 1115 est,
1136 1047 1197 1105 in
1252 1062 1505 1105 numero
1562 1044 1848 1123 singulari
1902 1048 2252 1123 pronomina
2303 1046 2424 1108 sola
2479 1050 2658 1126 regit,
2717 1051 2774 1108 in

216 1142 403 1221 plurali
441 1144 618 1215 nulla,
658 1144 856 1207 nullus
901 1146 1117 1208 nullius
1163 1145 1305 1207 nulli
1350 1146 1577 1207 nullum
1628 1146 1786 1208 nulle
1832 1166 1862 1207 a
1911 1145 2089 1207 nullo,

956 1332 1051 1393 DE
1092 1332 1531 1395 CATHOLlClS
1573 1332 2004 1395 VERBORVM.

362 1449 423 1509 ln
468 1450 583 1511 boc
624 1449 779 1511 libro
822 1452 999 1511 etiam
1044 1452 1118 1512 tle
1162 1451 1358 1513 verbis
1416 1452 1711 1521 tractabo,
1771 1454 1923 1513 sicut
1979 1460 2116 1514 ante
2171 1448 2456 1532 promisi?
2523 1472 2776 1533 quorum

221 1554 481 1612 rationem
518 1570 631 1630 per
664 1550 1025 1631 singularum
1066 1552 1392 1615 litterarum
1432 1552 1683 1632 syllabas
1725 1556 1950 1631 primae
1981 1553 2144 1614 verbi
2185 1572 2493 1633 personae,
2541 1555 2773 1635 qualem
2809 1580 2854 1621 ιο

220 1652 371 1713 saciat
416 1654 767 1723 secundam,
824 1654 983 1717 unde
1036 1655 1195 1715 modi
1250 1656 1575 1735 imperativi
1619 1656 1878 1716 secunda
1938 1674 2190 1735 persona
2235 1657 2643 1733 cognoscitur,
2707 1676 2780 1720 ex

220 1772 317 1831 qua
359 1758 689 1835 coniugatio
734 1764 1159 1834 cognoscetur,
1214 1759 1661 1832 diliyente‘ssime
1710 1758 1822 1817 hoc
1865 1758 2098 1817 docebo.
2191 1765 2368 1836 atque
2424 1760 2660 1821 interim
2707 1758 2782 1819 (le
2901 1792 2929 1800 -

220 1855 491 1919 vocalibus
534 1864 858 1919 tractemus
902 1859 1105 1935 positis
1162 1865 1299 1919 ante
1341 1860 1711 1933 novissimam
1768 1857 2022 1920 litteram
2078 1861 2306 1939 primae
2351 1860 2515 1921 verbi
2575 1878 2780 1939 perso-

218 1974 329 2019 nae.
384 1960 762 2021 inveniuntur
804 1967 999 2021 autem
1046 1959 1279 2021 vocales
1318 1944 1453 2022 ante
1491 1960 1866 2019 novissimam
1907 1959 2160 2021 litteram
2201 1970 2342 2032 treS,
2389 1968 2782 2048 consonantes

218 2058 427 2130 multae,
474 2061 547 2122 de
594 2060 811 2140 quibus
854 2068 1057 2140 postea
1103 2062 1468 2124 docebimus,
1546 2062 1734 2141 prima
1781 2062 2116 2139 coniugatio
2157 2070 2282 2124 tres
2323 2062 2506 2124 habet
2548 2063 2780 2125 vocales
2811 2086 2863 2127 ιε

216 2168 331 2221 ante
387 2164 761 2225 novissimam
830 2161 1085 2223 litteram
1151 2165 1379 2243 primae
1438 2162 1599 2223 verbi
1668 2180 1994 2241 personae:
2062 2166 2274 2251 recipit
2329 2184 2361 2225 e
2418 2172 2775 2245 correptam,

216 2278 455 2325 commeo
478 2274 1119 2335 'commeas.commea,
1167 2267 1205 2331 i.
1254 2263 1409 2325 lanio
1447 2264 1633 2325 lanias
1676 2263 1848 2333 lania,
1893 2284 1950 2335 u,
1993 2264 2214 2343 fluctuo
2257 2264 2511 2326 fluctuas
2539 2266 2778 2327 fluctua.

215 2366 445 2425 secunda
502 2366 839 2449 coniugatio
885 2386 919 2427 e
962 2365 1152 2427 solum
1210 2366 1423 2444 recipit
1477 2367 1857 2445 productam,
1915 2366 2100 2427 doceo
2157 2366 2335 2428 doces
2379 2369 2552 2438 ἄσσα
2609 2369 2780 2429 tertia

214 2474 457 2546 correpta
502 2468 671 2538 duas,
716 2470 752 2537 i,
792 2468 959 2548 rapio
998 2471 1160 2547 rapis
1203 2485 1367 2546 rape,
1418 2487 1472 2537 u,
1522 2486 1632 2528 ruo
1672 2470 1794 2529 ruis
1839 2486 1980 2537 rue;
2027 2470 2195 2529 tertia
2241 2468 2559 2548 producta,
2599 2486 2778 2548 quam

214 2568 423 2645 quidam
469 2576 741 2649 quartam
788 2570 1019 2641 dicunt,
1066 2590 1132 2640 e,
1176 2571 1357 2631 redeo
1400 2570 1559 2632 redis
1600 2570 1758 2639 redi,
1818 2571 1869 2639 i,
1918 2571 2122 2631 munio
2153 2572 2360 2643 ‚munis
2399 2572 2582 2631 muni.
2671 2572 2776 2633 sed
2804 2594 2857 2635 πο

213 2672 460 2746 quoniam
506 2678 629 2732 tota
674 2674 761 2732 vis
804 2670 1117 2733 verborum
1178 2673 1234 2732 in
1282 2678 1551 2750 tempore
1601 2672 1866 2751 perfecto
1908 2671 2084 2732 modo
2141 2671 2458 2733 indicativo
2515 2672 2778 2735 contine-

212 2778 309 2841 tur,
352 2776 499 2837 sicut
536 2776 595 2835 in
644 2774 904 2835 secunda
942 2792 1193 2851 persona
1228 2776 1429 2835 eodem
1468 2775 1641 2835 modo
1680 2780 1944 2851 tempore
1979 2768 2289 2850 pritesen&
2325 2782 2383 2835 et
2417 2778 2478 2834 in
2511 2777 2778 2835 secunda

201 2890 439 2947 persona
482 2876 663 2937 modo
694 2877 1035 2953 imperativo
1081 2882 1347 2952 tempore
1390 2876 1686 2953 praesenti
1729 2875 2076 2944 declinatur,
2122 2894 2232 2955 per
2267 2874 2526 2954 singulas
2555 2874 2779 2937 litteras

212 2976 408 3050 primae
466 2995 760 3056 personae
826 2976 987 3037 verbi
1052 2976 1371 3039 doceamus
1436 2976 1756 3037 secundam
1801 2994 2115 3055 personam
2175 2976 2436 3038 eiusdem
2495 2979 2780 3057 temporis

210 3081 485 3152 praeteriti
532 3080 781 3159 perfec-ti
826 3086 885 3141 et
927 3078 1089 3139 modi
1135 3079 1459 3157 imperativi
1502 3080 1790 3159 temporis
1835 3079 2162 3157 praesentis
2211 3080 2532 3140 secundam
2570 3097 2776 3158 perso·
2801 3104 2852 3143 25

212 3194 352 3249 nam,
396 3200 547 3261 quae
592 3182 658 3242 fit
702 3180 909 3241 litteris
953 3180 1189 3260 quidem
1230 3180 1451 3249 tribuS,
1504 3179 1694 3240 modis
1737 3198 1880 3241 vero
1926 3187 2235 3257 quattuor,
2295 3182 2448 3240 sicut
2495 3180 2777 3259 exemplis

210 3279 363 3356 paulo
402 3291 539 3345 ante
586 3283 938 3344 monstravi:
998 3300 1029 3343 a
1077 3300 1238 3350 ama,
1288 3300 1321 3341 e
1358 3280 1644 3360 producta
1692 3281 1870 3351 doce,
1919 3300 1952 3342 e
1998 3288 2272 3360 correpta
2321 3280 2480 3361 lege,
2527 3282 2546 3341 i
2591 3284 2774 3343 muni.

209 3389 349 3443 extra
388 3384 495 3446 hos
532 3384 745 3446 modos
790 3384 999 3463 siquod
1044 3383 1289 3445 verbum
1336 3384 1742 3444 terminaverit
1795 3381 1902 3443 alia
1953 3380 2146 3444 littera
2195 3384 2516 3444 secundam
2567 3400 2776 3463 perso-

208 3500 323 3545 nam
374 3488 530 3548 modi
580 3487 909 3565 imperativi
966 3486 1250 3564 temporis
1321 3486 1677 3563 praesentis,
1747 3483 1962 3545 nullius
2023 3465 2478 3563 coniugationis'
2516 3485 2778 3547 continet

208 3588 485 3659 rationem,
533 3598 603 3650 ut
646 3606 711 3650 es
750 3589 846 3649 dic
891 3586 1033 3649 velis
1078 3586 1245 3655 cede,
1291 3592 1349 3645 et
1384 3586 1549 3665 siqua
1594 3586 1748 3647 talia.
1783 3583 1810 3669 ΙΙ
2797 3607 2849 3650 ao

353 3691 425 3753 E:
468 3692 627 3751 banc
668 3688 925 3751 litteram
970 3698 1107 3749 ante
1140 3708 1175 3748 o
1218 3686 1491 3747 habentia
1532 3688 1709 3749 verba
1753 3696 1854 3750 aut
1885 3689 2110 3773 primae
2152 3694 2290 3749 sunt
2333 3696 2434 3750 aut
2476 3690 2773 3751 'secundae

206 3798 291 3852 aut
326 3794 527 3855 tertiae
575 3794 916 3873 productae.
1006 3792 1055 3852 si
1096 3791 1323 3868 primae
1368 3790 1499 3859 sint,
1541 3790 1630 3850 avi
1674 3790 1888 3850 sacient
1919 3791 2202 3870 temporis
2242 3792 2541 3868 praeteriti
2578 3795 2769 3871 prima
2881 3854 2888 3862 ,

208 3908 429 3967 persona
490 3895 653 3956 modi
718 3893 1043 3960 indicativi,
1110 3898 1176 3951 ut
1242 3910 1509 3954 commeo
1567 3909 1866 3951 commeas
1926 3893 2280 3960 commeavi;
2347 3894 2396 3952 si
2452 3893 2766 3963 secundae,
2807 3962 2828 3981 ο

207 4001 290 4055 aut
329 3998 447 4067 cui,
509 4015 685 4058 arceo
728 3997 921 4064 arcui,
982 4001 1085 4055 aut
1130 3994 1217 4063 di,
1268 4002 1331 4053 ut
1364 3993 1627 4073 prandeo
1672 3992 1914 4072 prandi,
1961 3993 2254 4053 interdum
2303 4001 2606 4055 crescente
2653 4011 2766 4055 una

326 4216 385 4267 12
420 4232 483 4267 ex
522 4232 623 4281 qua
660 4217 1025 4283 coniugatione
1056 4159 1451 4281 eggiaeceretur
1489 4213 1655 4277 adque
1692 4212 1746 4262 B
1787 4212 1923 4261 unde
1960 4213 2255 4278 coniugatio
2293 4212 2606 4277 declaratur,
2653 4212 2767 4263 dili-

208 4286 479 4349 gentissime
514 4288 613 4338 hoc
648 4286 869 4338 docebo:
908 4298 1058 4349 atque
1082 4282 1342 4334 Sacerdos
1372 4300 1431 4349 p.
1458 4282 1523 4333 61
1692 4282 1756 4334 18
1794 4298 1823 4331 e
1857 4281 2020 4331 solum
2059 4283 2240 4348 recipit
2275 4282 2572 4349 productam
2610 4283 2768 4337 doceo

206 4354 335 4405 doces
370 4358 491 4409 doce
539 4360 686 4407 tertia
725 4364 958 4422 correpta
994 4370 1029 4413 ς
1075 4372 1103 4405 e
1132 4355 1299 4405 solum
1343 4354 1529 4418 recipit
1569 4352 1727 4402 doceo
1766 4352 1920 4401 doces
1966 4352 2216 4419 producta
2260 4353 2410 4401 tertia
2449 4360 2681 4419 correpta
2717 4354 2770 4404 B

802 4422 883 4463 sed
1338 4428 1343 4433 “

324 4476 389 4528 20
422 4478 551 4529 scire
579 4479 827 4529 debemus
847 4477 1101 4541 ,quoniam
1142 4476 1195 4526 B
1367 4476 1435 4525 22
1478 4474 1656 4524 eodem
1694 4472 1846 4521 modo
1872 4498 1942 4510 -
1965 4485 2186 4537 persona
2221 4486 2318 4522 om.
2357 4472 2432 4533 B,
2483 4473 2664 4524 addida·
2696 4490 2768 4525 ex

208 4542 457 4599 Sacerdote
492 4565 545 4612 p.
584 4550 643 4601 61
825 4550 899 4598 24
946 4546 1177 4597 eiusdem
1212 4544 1353 4593 modi
1390 4545 1635 4609 temporis
1670 4540 1932 4592 Sacerdos
1964 4559 2017 4607 p.
2045 4542 2142 4599 62:
2181 4543 2456 4593 secundam
2496 4558 2766 4608 personam

210 4615 327 4664 modi
358 4618 613 4669 indicativi
646 4619 894 4685 temporis
930 4616 1217 4683 praesentis
1257 4622 1307 4663 et
1342 4614 1557 4680 primam
1586 4626 1856 4678 personam
1897 4611 2125 4661 eiusdem
2161 4611 2302 4663 modi
2339 4614 2584 4677 temporis
2617 4628 2768 4678 prae-

209 4684 323 4733 teriti
349 4688 553 4751 perfecti
584 4692 807 4739 volume
840 4689 1035 4738 videtur
1060 4685 1414 4751 yrammaticus
1584 4682 1653 4732 28
1690 4682 1918 4731 secunda
1947 4696 2168 4747 persona
2197 4682 2250 4732 B
2395 4682 2465 4734 30
2499 4691 2553 4734 ut
2589 4698 2645 4733 es
2682 4684 2767 4734 dic

212 4750 436 4807 Socer-dm
460 4774 517 4822 p.
553 4758 621 4810 62
656 4766 713 4807 ut
752 4766 830 4809 est
871 4757 971 4807 dici
1008 4756 1061 4806 B
1091 4763 1150 4804 ut
1185 4762 1263 4804 est
1296 4755 1369 4803 sis
1407 4770 1437 4810 ς
1599 4754 1667 4804 32
1703 4750 1790 4801 aut
1827 4752 1949 4801 fient
1985 4750 2038 4800 B
2070 4752 2121 4800 ui
2158 4750 2343 4801 facient
2381 4767 2415 4809 ς
2577 4753 2644 4803 34
2677 4763 2766 4803 anit

214 4822 283 4871 cui
310 4826 553 4878 Sacerdos
579 4845 634 4893 p.
673 4830 743 4880 62
778 4828 893 4877 acui
928 4826 981 4877 B
1018 4832 1103 4876 aut
1140 4825 1193 4873 ui
1230 4836 1267 4881 ς
1310 4824 1323 4830 “

302 4930 608 4989 eamn,
638 4934 785 4976 Lar.
818 4932 937 4977 1111.
2317 4910 2353 4973 3
