3434 5442
648 277 767 385 154
1825 321 2054 383 Pnosl

749 453 793 493 p.
822 439 981 481 280.81
1014 438 1066 481 ιι.
2791 450 2839 491 p.
2867 438 3048 480 aso-82
3073 437 3134 479 v.

647 510 867 589 gradus
927 512 1162 571 nomina
1220 511 1489 589 recipere
1549 516 1830 589 possunt,
1895 508 2136 570 eosdem
2205 515 2262 569 et
2305 508 2630 570 eorundem
2693 507 2970 570 adverbia
3039 510 3240 570 facere

648 621 957 691 cogantur.

818 714 901 776 De
946 714 1151 791 figura.
1240 713 1426 790 figura
1468 712 1760 774 adverbiis
1813 712 2028 774 accidit
2081 714 2165 775 sic
2212 713 2292 772 uti
2337 720 2396 773 et
2447 714 2662 774 ceteris
2706 712 2974 792 partibus
3017 713 3240 774 oratio-

648 818 769 887 nis,
827 816 941 877 hoc
982 823 1070 877 aet
1116 814 1361 894 simplex
1420 821 1479 875 et
1520 814 1862 894 composita.
1953 814 2202 894 simplex
2253 815 2438 891 figura
2495 814 2916 876 adverbiorum
2981 821 3076 875 est
3123 817 3236 893 pie,

596 943 621 981 5
650 920 969 997 composita
1014 918 1211 995 impie.
1304 916 1407 977 sed
1454 918 1782 996 composita
1837 916 2022 994 figura
2081 914 2298 993 quihus
2341 915 2432 977 vel
2497 924 2642 993 quot
2683 917 2874 978 modis
2929 917 3064 987 fiat,
3123 917 3238 976 iam

646 1022 705 1080 in
751 1022 989 1081 nomine
1034 1020 1174 1081 satis
1216 1020 1615 1079 tractavimus,

816 1121 899 1183 De
945 1128 1231 1199 tempore.
1320 1127 1585 1199 tempora
1630 1119 1924 1181 adverbiis
1967 1119 2242 1181 accidunt
2279 1121 2422 1189 tria,
2479 1137 2763 1199 praesens
2805 1119 3013 1189 hodie,
3065 1137 3239 1198 prae-

646 1225 881 1285 teritum
924 1224 1075 1291 beri,
1113 1224 1381 1285 futurum
1425 1239 1557 1283 cras
1602 1230 1660 1283 et
1705 1229 1902 1283 cetera
1945 1220 2098 1283 talia.
2132 1218 2158 1304 ΙΙ

816 1325 898 1386 De
954 1325 1394 1403 significatione.
1485 1324 1940 1402 significationes
2002 1322 2292 1385 adverbiis
2335 1325 2461 1384 eius
2493 1321 2501 1405 Ι
2537 1322 2695 1383 modi
2747 1323 3018 1385 accidere
3063 1341 3239 1401 repe-

570 1449 621 1489 1⁰
648 1428 900 1496 riuntur,
945 1433 1011 1487 ut
1054 1435 1192 1505 puta
1238 1427 1523 1505 temporis
1562 1435 1628 1486 ut
1665 1424 1860 1494 hodie,
1907 1425 2021 1487 loci
2065 1434 2130 1486 ut
2172 1425 2300 1495 hic,
2345 1426 2576 1485 numeri
2617 1433 2683 1485 ιιι
2721 1423 2920 1494 semel,
2967 1425 3240 1501 negantis

648 1538 713 1590 ut
757 1546 895 1598 non,
944 1528 1252 1589 adnuentis
1294 1534 1361 1588 ut
1403 1546 1573 1598 sane,
1622 1527 2078 1588 demonstrantis
2119 1534 2184 1587 ut
2231 1544 2334 1596 en,
2382 1526 2672 1588 hortantis
2715 1532 2781 1585 ut
2819 1527 2939 1595 eia,
2979 1528 3242 1604 optantis

646 1636 713 1691 ut
754 1632 994 1699 utinam,
1041 1629 1265 1690 ordinis
1308 1637 1371 1690 ut
1402 1629 1632 1699 deinde,
1672 1628 2052 1689 exclamantis
2083 1635 2148 1688 ut
2191 1630 2335 1707 ‘pro
2365 1629 2683 1706 luppiter',
2723 1629 3146 1707 interrogantis
3176 1635 3240 1688 ut

646 1750 785 1801 cur,
842 1730 1237 1793 similitudinis
1271 1738 1337 1793 ut
1380 1733 1566 1810 quasi,
1610 1731 1916 1792 irascentis
1960 1736 2024 1790 ιιι
2065 1730 2206 1791 ‘vae
2252 1729 2468 1799 vobis',
2505 1730 2824 1790 dubitantis
2867 1736 2932 1790 ιιι
2966 1729 3236 1797 fortasse,

650 1835 972 1895 invocantis
1016 1840 1081 1893 ut
1118 1834 1285 1903 heus,
1331 1834 1746 1911 respondentis
1781 1840 1850 1893 ut
1886 1832 2034 1901 heu,
2082 1832 2451 1911 prohibentis
2492 1839 2560 1893 ut
2598 1850 2704 1901 ne,
2751 1832 3242 1893 communicantis

578 1957 625 1997 ιε
654 1943 718 1997 ιιι
758 1935 961 2005 simul,
1016 1935 1344 2013 separantis
1396 1942 1461 1995 ut
1512 1952 1812 2005 seorsum,
1870 1936 2268 2013 comparantis
2318 1941 2384 1995 ut
2433 1935 2649 2012 magis,
2712 1935 2902 1995 eventi
2959 1939 3026 1993 ut
3067 1933 3238 2007 forte,

650 2036 944 2117 qualitatis
986 2044 1052 2097 ut
1094 2036 1277 2106 bene,
1338 2037 1677 2115 quantitatis
1723 2043 1788 2097 ut
1829 2038 2040 2104 nimie,
2087 2034 2418 2115 personalis
2463 2043 2526 2097 ut
2569 2054 2830 2106 mecum,
2887 2036 3137 2097 iurantis
3177 2042 3242 2095 ut

650 2138 1005 2201 mehercule.
1096 2140 1181 2199 sic
1226 2146 1285 2199 et
1328 2138 1439 2199 alia
1488 2138 1764 2199 adverbia
1819 2136 2142 2199 secundum
2193 2136 2552 2199 intellectum
2599 2155 2772 2199 suum
2829 2156 2968 2198 suas
3019 2136 3240 2214 signiti-

651 2243 913 2303 cationes
957 2241 1381 2302 demonstrant.
1472 2246 1611 2301 sunt
1654 2239 1959 2315 adverbia,
2009 2228 2161 2317 quae
2201 2258 2334 2301 cum
2385 2257 2566 2301 unum
2613 2240 2972 2318 significent,
3015 2236 3242 2317 duplici

652 2342 743 2405 vel
786 2362 857 2404 eo
894 2341 1145 2420 amplius
1189 2343 1365 2405 modo
1410 2342 1750 2413 efferantur,
1799 2348 1863 2403 ιιι
1903 2349 2042 2420 puta
2091 2359 2234 2402 num
2279 2350 2335 2403 et
2377 2360 2554 2410 nunc,
2600 2350 2724 2403 tum
2771 2347 2830 2403 et
2873 2348 3034 2410 tunc,
3079 2347 3146 2399 ut
3183 2347 3244 2400 et

575 2464 627 2505 ιο
653 2446 755 2514 uti,
800 2443 954 2505 sicut
998 2451 1056 2504 et
1090 2445 1277 2514 sicuti,
1322 2462 1439 2523 quo
1484 2452 1541 2505 et
1576 2444 1790 2522 aliquo,
1836 2444 1940 2505 ubi
1979 2452 2038 2505 et
2065 2444 2298 2513 alicubi,
2345 2442 2429 2504 ibi
2473 2451 2532 2504 et
2569 2442 2814 2517 ibidem,
2859 2442 2956 2503 hic
2993 2450 3056 2504 et
3091 2443 3242 2511 istic,

650 2546 792 2607 hinc
838 2553 899 2607 et
939 2548 1139 2615 istinc,
1203 2544 1321 2606 illic
1364 2554 1423 2606 et
1466 2545 1654 2614 illinc,
1718 2544 1818 2606 illo
1865 2554 1925 2607 et
1965 2545 2131 2615 illuc,
2196 2562 2408 2606 rursus
2453 2552 2512 2607 et
2551 2563 2822 2615 rursum,
2889 2562 3138 2625 prorsus
3185 2551 3245 2605 et

651 2665 961 2729 prorsum,
1016 2646 1169 2707 forte
1222 2654 1281 2708 et
1324 2647 1575 2709 fortasse
1617 2654 1675 2710 et
1722 2649 1988 2709 fortassis
2031 2655 2089 2709 et
2126 2648 2392 2709 forsitan.
2483 2649 2570 2709 sic
2611 2654 2748 2709 sunt
2789 2654 2847 2707 et
2889 2645 2996 2707 alia
3035 2640 3244 2707 adverss

652 2750 768 2820 bia,
810 2768 961 2831 quae
994 2747 1214 2826 duplici
1246 2748 1331 2811 vel
1372 2768 1441 2809 eo
1487 2749 1738 2827 amplius
1774 2750 1952 2811 modo
1995 2752 2378 2827 reperiuntur
2415 2750 2804 2828 pronuntiari.
2873 2756 3009 2811 sunt
3051 2748 3242 2827 aliqua

654 2851 948 2921 adverbia,
996 2870 1147 2931 quae
1192 2849 1302 2911 sibi
1348 2852 1710 2929 respondere
1755 2854 2168 2932 reperiuntur:
2222 2857 2346 2912 tum
2391 2868 2552 2920 num,
2599 2858 2666 2911 ut
2698 2858 2836 2929 puta

576 2972 627 3012 ιι
959 2961 1105 3013 tum
1149 2952 1435 3023 decuit,
1482 2972 1637 3014 cum
1679 2959 1983 3033 sceptra
2025 2953 2286 3020 dabas:

1771 3072 1940 3116 num
1985 3063 2053 3115 te
2095 3054 2298 3115 facta
2335 3056 2546 3132 inpia
2587 3060 2936 3130 tangunt:

653 3164 811 3227 tum,
873 3160 1034 3219 ‘tum
1097 3156 1437 3219 inchoatum
1478 3162 1631 3226 est';
1699 3174 1872 3227 num,
1928 3160 2102 3218 ‘num
2151 3157 2476 3235 perfectum
2521 3160 2678 3217 est':
2749 3164 2890 3217 tunc
2937 3174 3131 3225 nunc,
3182 3164 3249 3217 ut

652 3267 793 3340 puta
840 3262 1019 3323 ‘tunc
1063 3259 1271 3328 fecisti,
1316 3276 1477 3321 nunc
1520 3264 1792 3338 patere’:
1853 3277 2028 3339 quam
2073 3266 2223 3327 tam,
2270 3265 2336 3319 ιιι
2377 3265 2518 3338 puta
2561 3257 2774 3335 ‘quam
2821 3266 2884 3319 tu
2926 3266 3048 3319 tam
3086 3256 3244 3319 ille’.

652 3364 738 3423 sic
780 3369 921 3425 sunt
963 3369 1022 3423 et
1060 3360 1171 3422 alia
1210 3359 1507 3430 adverbia,
1550 3379 1701 3440 quae
1743 3360 1858 3423 sibi
1893 3362 2256 3439 respondere
2294 3361 2688 3439 reperiantur.
2752 3359 2858 3421 sed
2903 3360 3050 3421 haec
3093 3379 3248 3439 quae

576 3480 629 3522 ao
656 3464 747 3525 vel
786 3470 935 3545 quot
976 3465 1110 3531 sint,
1157 3464 1219 3523 in
1264 3463 1427 3524 sonis
1470 3469 1858 3540 conpetenter
1899 3460 2302 3523 tractabimus,
2369 3461 2644 3523 adverbia
2690 3462 3052 3541 quantitatis,
3095 3479 3250 3540 quae

654 3564 791 3644 plus
832 3566 1101 3625 minusve
1142 3564 1368 3626 scilicet
1410 3566 1758 3641 significant,
1807 3566 1956 3625 haec
2001 3566 2268 3643 genetivo
2321 3566 2484 3626 casui
2524 3562 2890 3643 respondere
2931 3567 3250 3643 reperiun-

656 3674 773 3737 tur,
814 3672 883 3727 ut
922 3674 1064 3743 puta
1104 3665 1389 3726 ‘multum
1424 3666 1539 3726 vini
1568 3664 1751 3736 bibi’,
1794 3666 2118 3727 ‘infinitum
2151 3669 2346 3727 carnis
2375 3669 2578 3746 accepi
2593 3672 2634 3737 ⁹,
2673 3668 2850 3727 ‘satis
2875 3668 2966 3726 rei
2993 3665 3248 3727 habeo’.

656 3769 741 3829 sic
786 3773 845 3829 et
888 3774 1083 3827 cetera
1130 3767 1262 3828 talia
1306 3766 1583 3828 adverbia
1628 3769 1968 3846 quantitatis
2011 3771 2281 3846 genetivo
2311 3770 2474 3829 casui
2519 3769 2889 3847 respondere
2934 3770 3252 3847 reperiun-

654 3876 773 3931 tur.
862 3868 1138 3930 adverhia
1182 3869 1391 3931 localia
1434 3876 1707 3948 quattuor
1753 3870 1946 3931 modis
1987 3871 2348 3947 figurantur:
2400 3888 2508 3948 per
2536 3869 2752 3940 locum,
2795 3877 2859 3931 ιιι
2887 3866 2916 3951 ΙΙ
3005 3862 3011 3868 ’

580 3985 631 4027 35
963 3971 1103 4032 hac
1146 3972 1293 4033 iter
1339 3971 1663 4051 Elysium
1714 3971 1960 4041 nobis;

655 4075 717 4135 in
762 4070 977 4143 locum,
1025 4080 1091 4133 ut

964 4175 1109 4235 huc
1150 4175 1356 4245 ades,
1406 4194 1441 4235 o
1485 4176 1816 4236 formose
1856 4193 2068 4253 puer;

656 4278 721 4337 in
763 4275 915 4347 loco,
962 4284 1029 4337 ut

798 4516 859 4565 21
896 4516 1047 4567 istinc
1081 4530 1139 4566 ru
1171 4515 1303 4565 stinc
1336 4515 1384 4566 R
1557 4514 1626 4566 22
1664 4523 1782 4565 sunt
1811 4516 1914 4565 alia
1951 4516 1998 4566 R
2034 4521 2152 4565 stunt
2185 4516 2238 4566 B
2407 4514 2474 4566 25
2506 4522 2612 4565 tum
2649 4513 2818 4566 decuit
2855 4514 2900 4564 R
2935 4522 3046 4563 tum
3081 4513 3258 4563 docuit

658 4584 737 4635 B:
783 4586 940 4650 Verq.
972 4586 1105 4636 Aen.
1143 4584 1237 4635 1111
1268 4584 1390 4635 597.
1420 4582 1525 4635 596
1665 4586 1826 4637 dabas
1860 4586 1906 4637 R
1943 4585 2100 4635 dabat
2135 4586 2188 4635 B
2325 4585 2394 4637 26
2431 4584 2564 4636 faeta
2599 4584 2698 4635 RB
2733 4583 2840 4634 fata
2871 4599 2902 4633 r
3041 4586 3110 4634 27
3151 4592 3258 4633 ιιιιιι

660 4660 763 4703 tum
804 4680 870 4689 —
906 4654 1189 4719 perfectum
1225 4662 1303 4705 est
1338 4669 1431 4707 om.
1471 4655 1539 4717 B,
1576 4656 1700 4707 add.
1741 4655 1786 4705 R
1961 4656 2029 4707 29
2067 4664 2116 4705 et
2149 4670 2239 4705 om.
2277 4656 2344 4715 R,
2375 4657 2502 4707 add.
2538 4670 2598 4705 ru
2771 4652 2898 4717 alia]
2939 4653 3121 4716 aliqua
3159 4653 3260 4703 RB

798 4722 867 4773 33
900 4733 1070 4773 cetera
1105 4724 1209 4774 alia
1244 4724 1321 4775 Ro
1488 4722 1556 4775 35
1591 4723 1709 4791 hac]
1757 4728 1916 4791 Vero.
1953 4724 2088 4775 Aen.
2127 4726 2198 4776 vl
2233 4726 2336 4776 542
2479 4727 2544 4777 37
2584 4724 2684 4774 huc
2713 4724 2758 4773 R
2795 4723 2930 4773 hunc
2967 4723 3049 4773 B.-
3093 4724 3256 4787 Very.

660 4793 820 4844 bucol.
854 4795 906 4858 2,
940 4794 1009 4844 45
1149 4793 1405 4844 formonse
1440 4794 1491 4843 B
