<?xml version="1.0" encoding="UTF-8"?>
<!DOCTYPE html PUBLIC "-//W3C//DTD XHTML 1.0 Transitional//EN"
    "http://www.w3.org/TR/xhtml1/DTD/xhtml1-transitional.dtd">
<html xmlns="http://www.w3.org/1999/xhtml" xml:lang="en" lang="en">
 <head>
  <title>
</title>
<meta http-equiv="Content-Type" content="text/html;charset=utf-8" />
  <meta name='ocr-system' content='tesseract 3.04.00' />
  <meta name='ocr-capabilities' content='ocr_page ocr_carea ocr_par ocr_line ocrx_word'/>
</head>
<body>
  <div class='ocr_page' id='page_1' title='image "./grammaticilatin01unkngoog_0588.png"; bbox 0 0 3434 5442; ppageno 0'>
   <div class='ocr_carea' id='block_1_1' title="bbox 929 367 2825 440">
    <p class='ocr_par' dir='ltr' id='par_1_1' title="bbox 929 367 2825 440">
     <span class='ocr_line' id='line_1_1' title="bbox 929 367 2825 440; baseline 0.005 -10"><span class='ocrx_word' id='word_1_1' title='bbox 929 367 1345 431; x_wconf 78' lang='lat' dir='ltr'><strong>EXPLANAT.</strong></span> <span class='ocrx_word' id='word_1_2' title='bbox 1392 369 1470 431; x_wconf 90' lang='lat' dir='ltr'><strong>IN</strong></span> <span class='ocrx_word' id='word_1_3' title='bbox 1513 369 1873 432; x_wconf 80' lang='lat' dir='ltr'>DONATVM</span> <span class='ocrx_word' id='word_1_4' title='bbox 1917 371 2059 433; x_wconf 87' lang='lat' dir='ltr'><strong>LIB.</strong></span> <span class='ocrx_word' id='word_1_5' title='bbox 2106 371 2131 432; x_wconf 95' lang='lat'>1</span> <span class='ocrx_word' id='word_1_6' title='bbox 2703 380 2825 440; x_wconf 87' lang='lat'><strong>527</strong></span> 
     </span>
    </p>
   </div>
   <div class='ocr_carea' id='block_1_2' title="bbox 235 472 2899 3186">
    <p class='ocr_par' dir='ltr' id='par_1_2' title="bbox 239 472 2875 1247">
     <span class='ocr_line' id='line_1_2' title="bbox 348 472 2723 533; baseline 0.005 -19"><span class='ocrx_word' id='word_1_7' title='bbox 348 472 381 517; x_wconf 84' lang='lat' dir='ltr'><strong>f.</strong></span> <span class='ocrx_word' id='word_1_8' title='bbox 411 474 476 516; x_wconf 78' lang='lat'><strong>57.</strong></span> <span class='ocrx_word' id='word_1_9' title='bbox 503 475 582 516; x_wconf 71' lang='lat'><strong>57*</strong></span> <span class='ocrx_word' id='word_1_10' title='bbox 609 475 703 517; x_wconf 71' lang='lat' dir='ltr'><strong>eoa.</strong></span> <span class='ocrx_word' id='word_1_11' title='bbox 733 473 836 518; x_wconf 65' lang='lat' dir='ltr'><strong>rav.</strong></span> <span class='ocrx_word' id='word_1_12' title='bbox 2384 491 2428 533; x_wconf 82' lang='lat' dir='ltr'><strong>p.</strong></span> <span class='ocrx_word' id='word_1_13' title='bbox 2458 481 2637 523; x_wconf 78' lang='lat'><strong>527—29</strong></span> <span class='ocrx_word' id='word_1_14' title='bbox 2670 480 2723 525; x_wconf 73' lang='grc' dir='ltr'><strong>ν.</strong></span> 
     </span>
     <span class='ocr_line' id='line_1_3' title="bbox 549 553 2519 637; baseline 0.003 -23"><span class='ocrx_word' id='word_1_15' title='bbox 549 553 827 616; x_wconf 79' lang='lat' dir='ltr'><strong>creber</strong></span> <span class='ocrx_word' id='word_1_16' title='bbox 871 565 1194 636; x_wconf 87' lang='lat' dir='ltr'><strong>utraque</strong></span> <span class='ocrx_word' id='word_1_17' title='bbox 1236 574 1447 617; x_wconf 90' lang='lat' dir='ltr'><strong>manu</strong></span> <span class='ocrx_word' id='word_1_18' title='bbox 1489 557 1736 637; x_wconf 88' lang='lat' dir='ltr'><strong>pulsat</strong></span> <span class='ocrx_word' id='word_1_19' title='bbox 1776 565 2174 637; x_wconf 81' lang='lat' dir='ltr'><strong>versatque</strong></span> <span class='ocrx_word' id='word_1_20' title='bbox 2218 559 2519 630; x_wconf 78' lang='lat' dir='ltr'><strong>Dareta,</strong></span> 
     </span>
     <span class='ocr_line' id='line_1_4' title="bbox 243 655 2823 740; baseline 0.002 -24"><span class='ocrx_word' id='word_1_21' title='bbox 243 655 870 736; x_wconf 81' lang='lat' dir='ltr'><strong>‘Dodonaeosque</strong></span> <span class='ocrx_word' id='word_1_22' title='bbox 913 656 1260 728; x_wconf 85' lang='lat' dir='ltr'><strong>lebetas’,</strong></span> <span class='ocrx_word' id='word_1_23' title='bbox 1307 657 1520 719; x_wconf 80' lang='lat' dir='ltr'><strong>Dareta</strong></span> <span class='ocrx_word' id='word_1_24' title='bbox 1567 665 1626 718; x_wconf 90' lang='lat' dir='ltr'><strong>et</strong></span> <span class='ocrx_word' id='word_1_25' title='bbox 1678 656 1905 720; x_wconf 78' lang='lat' dir='ltr'><strong>lebetas</strong></span> <span class='ocrx_word' id='word_1_26' title='bbox 1952 657 1961 740; x_wconf 76' lang='grc' dir='ltr'>Ι</span> <span class='ocrx_word' id='word_1_27' title='bbox 2008 679 2116 740; x_wconf 91' lang='lat' dir='ltr'><strong>per</strong></span> <span class='ocrx_word' id='word_1_28' title='bbox 2160 678 2223 721; x_wconf 91' lang='lat' dir='ltr'><strong>se</strong></span> <span class='ocrx_word' id='word_1_29' title='bbox 2266 659 2467 740; x_wconf 85' lang='lat' dir='ltr'><strong>legere</strong></span> <span class='ocrx_word' id='word_1_30' title='bbox 2524 659 2823 730; x_wconf 58' lang='lat' dir='ltr'><strong>dehemus</strong></span> 
     </span>
     <span class='ocr_line' id='line_1_5' title="bbox 241 757 2828 842; baseline 0.003 -24"><span class='ocrx_word' id='word_1_31' title='bbox 241 759 508 838; x_wconf 86' lang='lat' dir='ltr'><strong>quamvis</strong></span> <span class='ocrx_word' id='word_1_32' title='bbox 562 757 878 838; x_wconf 87' lang='lat' dir='ltr'><strong>utrobique</strong></span> <span class='ocrx_word' id='word_1_33' title='bbox 934 767 1144 820; x_wconf 88' lang='lat' dir='ltr'><strong>natura</strong></span> <span class='ocrx_word' id='word_1_34' title='bbox 1212 758 1386 839; x_wconf 81' lang='lat' dir='ltr'><strong>longa</strong></span> <span class='ocrx_word' id='word_1_35' title='bbox 1452 761 1530 820; x_wconf 90' lang='lat' dir='ltr'><strong>sit</strong></span> <span class='ocrx_word' id='word_1_36' title='bbox 1592 760 1982 839; x_wconf 88' lang='lat' dir='ltr'><strong>paenultima;</strong></span> <span class='ocrx_word' id='word_1_37' title='bbox 2048 762 2153 824; x_wconf 90' lang='lat' dir='ltr'><strong>sed</strong></span> <span class='ocrx_word' id='word_1_38' title='bbox 2211 765 2347 842; x_wconf 91' lang='lat' dir='ltr'><strong>quia</strong></span> <span class='ocrx_word' id='word_1_39' title='bbox 2406 763 2627 824; x_wconf 86' lang='lat' dir='ltr'><strong>Graeca</strong></span> <span class='ocrx_word' id='word_1_40' title='bbox 2688 771 2828 825; x_wconf 90' lang='lat' dir='ltr'><strong>sunt</strong></span> 
     </span>
     <span class='ocr_line' id='line_1_6' title="bbox 242 859 2828 940; baseline 0.002 -20"><span class='ocrx_word' id='word_1_41' title='bbox 242 877 557 938; x_wconf 82' lang='lat' dir='ltr'><strong>germana,</strong></span> <span class='ocrx_word' id='word_1_42' title='bbox 618 860 958 922; x_wconf 87' lang='lat' dir='ltr'><strong>Latinorum</strong></span> <span class='ocrx_word' id='word_1_43' title='bbox 1017 869 1364 921; x_wconf 80' lang='lat' dir='ltr'><strong>accentuum</strong></span> <span class='ocrx_word' id='word_1_44' title='bbox 1422 859 1552 940; x_wconf 83' lang='lat' dir='ltr'><strong>lege</strong></span> <span class='ocrx_word' id='word_1_45' title='bbox 1609 880 1672 922; x_wconf 89' lang='lat' dir='ltr'><strong>se</strong></span> <span class='ocrx_word' id='word_1_46' title='bbox 1738 862 2011 924; x_wconf 87' lang='lat' dir='ltr'><strong>liberant.</strong></span> <span class='ocrx_word' id='word_1_47' title='bbox 2104 866 2434 925; x_wconf 88' lang='lat' dir='ltr'><strong>communia</strong></span> <span class='ocrx_word' id='word_1_48' title='bbox 2496 883 2633 925; x_wconf 83' lang='lat' dir='ltr'><strong>vero</strong></span> <span class='ocrx_word' id='word_1_49' title='bbox 2690 874 2828 927; x_wconf 91' lang='lat' dir='ltr'><strong>sunt</strong></span> 
     </span>
     <span class='ocr_line' id='line_1_7' title="bbox 240 960 2875 1048; baseline 0.003 -26"><span class='ocrx_word' id='word_1_50' title='bbox 240 980 396 1041; x_wconf 87' lang='lat' dir='ltr'><strong>quae</strong></span> <span class='ocrx_word' id='word_1_51' title='bbox 439 961 511 1023; x_wconf 91' lang='lat' dir='ltr'><strong>ab</strong></span> <span class='ocrx_word' id='word_1_52' title='bbox 558 960 842 1024; x_wconf 85' lang='lat' dir='ltr'><strong>alterutro</strong></span> <span class='ocrx_word' id='word_1_53' title='bbox 887 971 1014 1024; x_wconf 86' lang='lat' dir='ltr'><strong>orta</strong></span> <span class='ocrx_word' id='word_1_54' title='bbox 1059 969 1338 1024; x_wconf 81' lang='lat' dir='ltr'><strong>sermone</strong></span> <span class='ocrx_word' id='word_1_55' title='bbox 1379 964 1442 1022; x_wconf 92' lang='lat' dir='ltr'><strong>in</strong></span> <span class='ocrx_word' id='word_1_56' title='bbox 1486 962 1727 1026; x_wconf 87' lang='lat' dir='ltr'><strong>alterius</strong></span> <span class='ocrx_word' id='word_1_57' title='bbox 1756 963 2211 1026; x_wconf 84' lang='lat' dir='ltr'><strong>declinationem</strong></span> <span class='ocrx_word' id='word_1_58' title='bbox 2244 967 2601 1036; x_wconf 88' lang='lat' dir='ltr'><strong>concedunt,</strong></span> <span class='ocrx_word' id='word_1_59' title='bbox 2647 967 2825 1048; x_wconf 89' lang='lat' dir='ltr'><strong>idque</strong></span> <span class='ocrx_word' id='word_1_60' title='bbox 2848 987 2875 1028; x_wconf 79' lang='lat' dir='ltr'><strong>s</strong></span> 
     </span>
     <span class='ocr_line' id='line_1_8' title="bbox 239 1063 2825 1148; baseline 0.002 -24"><span class='ocrx_word' id='word_1_61' title='bbox 239 1065 308 1125; x_wconf 83' lang='lat' dir='ltr'><strong>fit</strong></span> <span class='ocrx_word' id='word_1_62' title='bbox 365 1063 555 1124; x_wconf 88' lang='lat' dir='ltr'><strong>modis</strong></span> <span class='ocrx_word' id='word_1_63' title='bbox 611 1063 861 1127; x_wconf 77' lang='lat' dir='ltr'><strong>duobus,</strong></span> <span class='ocrx_word' id='word_1_64' title='bbox 950 1083 1086 1126; x_wconf 91' lang='lat' dir='ltr'><strong>nam</strong></span> <span class='ocrx_word' id='word_1_65' title='bbox 1140 1072 1240 1125; x_wconf 87' lang='lat' dir='ltr'><strong>aut</strong></span> <span class='ocrx_word' id='word_1_66' title='bbox 1295 1065 1499 1126; x_wconf 89' lang='lat' dir='ltr'><strong>Latina</strong></span> <span class='ocrx_word' id='word_1_67' title='bbox 1558 1064 1929 1128; x_wconf 84' lang='lat' dir='ltr'><strong>declinantur</strong></span> <span class='ocrx_word' id='word_1_68' title='bbox 1984 1069 2045 1127; x_wconf 91' lang='lat' dir='ltr'><strong>in</strong></span> <span class='ocrx_word' id='word_1_69' title='bbox 2103 1068 2359 1138; x_wconf 86' lang='lat' dir='ltr'><strong>Graeca,</strong></span> <span class='ocrx_word' id='word_1_70' title='bbox 2414 1077 2479 1128; x_wconf 88' lang='lat' dir='ltr'><strong>ut</strong></span> <span class='ocrx_word' id='word_1_71' title='bbox 2524 1069 2825 1148; x_wconf 84' lang='lat' dir='ltr'><strong>Scipiadas</strong></span> 
     </span>
     <span class='ocr_line' id='line_1_9' title="bbox 239 1165 2824 1247; baseline 0.003 -20"><span class='ocrx_word' id='word_1_72' title='bbox 239 1165 653 1238; x_wconf 79' lang='lat' dir='ltr'><strong>MemmiadeS,</strong></span> <span class='ocrx_word' id='word_1_73' title='bbox 716 1175 816 1228; x_wconf 88' lang='lat' dir='ltr'><strong>aut</strong></span> <span class='ocrx_word' id='word_1_74' title='bbox 872 1166 1096 1228; x_wconf 86' lang='lat' dir='ltr'><strong>Graeca</strong></span> <span class='ocrx_word' id='word_1_75' title='bbox 1141 1166 1216 1227; x_wconf 87' lang='lat' dir='ltr'><strong>de</strong></span> <span class='ocrx_word' id='word_1_76' title='bbox 1260 1167 1446 1246; x_wconf 88' lang='lat' dir='ltr'><strong>stirpe</strong></span> <span class='ocrx_word' id='word_1_77' title='bbox 1487 1185 1593 1228; x_wconf 92' lang='lat' dir='ltr'><strong>sua</strong></span> <span class='ocrx_word' id='word_1_78' title='bbox 1637 1169 2002 1247; x_wconf 81' lang='lat' dir='ltr'><strong>degenerant</strong></span> <span class='ocrx_word' id='word_1_79' title='bbox 2044 1177 2103 1231; x_wconf 88' lang='lat' dir='ltr'><strong>et</strong></span> <span class='ocrx_word' id='word_1_80' title='bbox 2168 1170 2377 1231; x_wconf 91' lang='lat' dir='ltr'><strong>Latine</strong></span> <span class='ocrx_word' id='word_1_81' title='bbox 2437 1169 2824 1244; x_wconf 84' lang='lat' dir='ltr'><strong>declinantur,</strong></span> 
     </span>
    </p>

    <p class='ocr_par' dir='ltr' id='par_1_3' title="bbox 239 1267 2373 1351">
     <span class='ocr_line' id='line_1_10' title="bbox 239 1267 2373 1351; baseline 0.002 -23"><span class='ocrx_word' id='word_1_82' title='bbox 239 1275 308 1328; x_wconf 87' lang='lat' dir='ltr'><strong>ut</strong></span> <span class='ocrx_word' id='word_1_83' title='bbox 367 1268 600 1329; x_wconf 81' lang='lat' dir='ltr'><strong>‘aeris</strong></span> <span class='ocrx_word' id='word_1_84' title='bbox 655 1269 734 1328; x_wconf 88' lang='lat' dir='ltr'><strong>in</strong></span> <span class='ocrx_word' id='word_1_85' title='bbox 791 1270 1070 1349; x_wconf 90' lang='lat' dir='ltr'><strong>campis</strong></span> <span class='ocrx_word' id='word_1_86' title='bbox 1123 1267 1334 1330; x_wconf 87' lang='lat' dir='ltr'><strong>latis’</strong></span> <span class='ocrx_word' id='word_1_87' title='bbox 1395 1277 1454 1329; x_wconf 89' lang='lat' dir='ltr'><strong>et</strong></span> <span class='ocrx_word' id='word_1_88' title='bbox 1501 1269 1953 1330; x_wconf 82' lang='lat' dir='ltr'><strong>‘Euandrum</strong></span> <span class='ocrx_word' id='word_1_89' title='bbox 1998 1273 2373 1351; x_wconf 87' lang='lat' dir='ltr'><strong>petimus’.</strong></span> 
     </span>
    </p>

    <p class='ocr_par' dir='ltr' id='par_1_4' title="bbox 235 1369 2899 3186">
     <span class='ocr_line' id='line_1_11' title="bbox 411 1369 2821 1455; baseline 0.002 -24"><span class='ocrx_word' id='word_1_90' title='bbox 411 1369 637 1441; x_wconf 86' lang='lat' dir='ltr'><strong>Latina,</strong></span> <span class='ocrx_word' id='word_1_91' title='bbox 683 1389 834 1450; x_wconf 89' lang='lat' dir='ltr'><strong>quae</strong></span> <span class='ocrx_word' id='word_1_92' title='bbox 879 1370 1138 1432; x_wconf 86' lang='lat' dir='ltr'><strong>Graecae</strong></span> <span class='ocrx_word' id='word_1_93' title='bbox 1183 1369 1595 1432; x_wconf 84' lang='lat' dir='ltr'><strong>declinationis</strong></span> <span class='ocrx_word' id='word_1_94' title='bbox 1650 1369 1912 1432; x_wconf 89' lang='lat' dir='ltr'><strong>colorem</strong></span> <span class='ocrx_word' id='word_1_95' title='bbox 1969 1372 2292 1445; x_wconf 86' lang='lat' dir='ltr'><strong>duxerunt,</strong></span> <span class='ocrx_word' id='word_1_96' title='bbox 2340 1374 2631 1436; x_wconf 89' lang='lat' dir='ltr'><strong>Graecum</strong></span> <span class='ocrx_word' id='word_1_97' title='bbox 2678 1395 2821 1455; x_wconf 92' lang='lat' dir='ltr'><strong>quo-</strong></span> 
     </span>
     <span class='ocr_line' id='line_1_12' title="bbox 241 1470 2899 1554; baseline 0.001 -21"><span class='ocrx_word' id='word_1_98' title='bbox 241 1489 359 1552; x_wconf 88' lang='lat' dir='ltr'><strong>que</strong></span> <span class='ocrx_word' id='word_1_99' title='bbox 416 1474 676 1534; x_wconf 88' lang='lat' dir='ltr'><strong>retinent</strong></span> <span class='ocrx_word' id='word_1_100' title='bbox 731 1481 1060 1534; x_wconf 87' lang='lat' dir='ltr'><strong>accentum.</strong></span> <span class='ocrx_word' id='word_1_101' title='bbox 1149 1489 1334 1552; x_wconf 89' lang='lat' dir='ltr'><strong>quare</strong></span> <span class='ocrx_word' id='word_1_102' title='bbox 1389 1477 1454 1533; x_wconf 85' lang='lat' dir='ltr'><strong>ut</strong></span> <span class='ocrx_word' id='word_1_103' title='bbox 1508 1470 1797 1534; x_wconf 75' lang='lat' dir='ltr'><strong>Miltiades</strong></span> <span class='ocrx_word' id='word_1_104' title='bbox 1850 1473 2253 1554; x_wconf 72' lang='lat' dir='ltr'><strong>Asclepiades,</strong></span> <span class='ocrx_word' id='word_1_105' title='bbox 2310 1477 2389 1536; x_wconf 86' lang='lat' dir='ltr'><strong>ita</strong></span> <span class='ocrx_word' id='word_1_106' title='bbox 2432 1476 2719 1537; x_wconf 81' lang='lat' dir='ltr'><strong>Luciades</strong></span> <span class='ocrx_word' id='word_1_107' title='bbox 2764 1486 2823 1538; x_wconf 90' lang='lat' dir='ltr'><strong>et</strong></span> <span class='ocrx_word' id='word_1_108' title='bbox 2852 1494 2899 1536; x_wconf 81' lang='grc' dir='ltr'><strong>ιο</strong></span> 
     </span>
     <span class='ocr_line' id='line_1_13' title="bbox 241 1573 2823 1659; baseline 0.002 -25"><span class='ocrx_word' id='word_1_109' title='bbox 241 1573 626 1636; x_wconf 79' lang='lat' dir='ltr'><strong>Memmiades</strong></span> <span class='ocrx_word' id='word_1_110' title='bbox 657 1573 962 1654; x_wconf 73' lang='lat' dir='ltr'><strong>Scipiades</strong></span> <span class='ocrx_word' id='word_1_111' title='bbox 992 1582 1164 1635; x_wconf 91' lang='lat' dir='ltr'><strong>acuta</strong></span> <span class='ocrx_word' id='word_1_112' title='bbox 1195 1575 1458 1659; x_wconf 86' lang='lat' dir='ltr'><strong>quamvis</strong></span> <span class='ocrx_word' id='word_1_113' title='bbox 1489 1573 1659 1635; x_wconf 87' lang='lat' dir='ltr'><strong>brevi</strong></span> <span class='ocrx_word' id='word_1_114' title='bbox 1700 1574 2059 1655; x_wconf 84' lang='lat' dir='ltr'><strong>paenultima</strong></span> <span class='ocrx_word' id='word_1_115' title='bbox 2106 1578 2509 1656; x_wconf 72' lang='lat' dir='ltr'><strong>proferuntur.</strong></span> <span class='ocrx_word' id='word_1_116' title='bbox 2570 1587 2630 1638; x_wconf 90' lang='lat' dir='ltr'><strong>at</strong></span> <span class='ocrx_word' id='word_1_117' title='bbox 2672 1597 2823 1658; x_wconf 88' lang='lat' dir='ltr'><strong>quae</strong></span> 
     </span>
     <span class='ocr_line' id='line_1_14' title="bbox 243 1675 2822 1754; baseline 0.002 -19"><span class='ocrx_word' id='word_1_118' title='bbox 243 1676 506 1738; x_wconf 88' lang='lat' dir='ltr'><strong>radicem</strong></span> <span class='ocrx_word' id='word_1_119' title='bbox 573 1676 796 1737; x_wconf 88' lang='lat' dir='ltr'><strong>ducunt</strong></span> <span class='ocrx_word' id='word_1_120' title='bbox 853 1695 885 1738; x_wconf 89' lang='lat' dir='ltr'><strong>a</strong></span> <span class='ocrx_word' id='word_1_121' title='bbox 943 1677 1187 1737; x_wconf 86' lang='lat' dir='ltr'><strong>Graecia</strong></span> <span class='ocrx_word' id='word_1_122' title='bbox 1245 1685 1303 1737; x_wconf 92' lang='lat' dir='ltr'><strong>et</strong></span> <span class='ocrx_word' id='word_1_123' title='bbox 1356 1677 1496 1754; x_wconf 83' lang='lat' dir='ltr'><strong>iugo</strong></span> <span class='ocrx_word' id='word_1_124' title='bbox 1550 1675 1893 1738; x_wconf 88' lang='lat' dir='ltr'><strong>Latinarum</strong></span> <span class='ocrx_word' id='word_1_125' title='bbox 1954 1677 2415 1741; x_wconf 85' lang='lat' dir='ltr'><strong>declinationum</strong></span> <span class='ocrx_word' id='word_1_126' title='bbox 2480 1680 2822 1750; x_wconf 87' lang='lat' dir='ltr'><strong>succedunt,</strong></span> 
     </span>
     <span class='ocr_line' id='line_1_15' title="bbox 241 1776 2827 1862; baseline 0.002 -24"><span class='ocrx_word' id='word_1_127' title='bbox 241 1777 518 1840; x_wconf 79' lang='lat' dir='ltr'><strong>bifariam</strong></span> <span class='ocrx_word' id='word_1_128' title='bbox 563 1777 812 1839; x_wconf 89' lang='lat' dir='ltr'><strong>deducta</strong></span> <span class='ocrx_word' id='word_1_129' title='bbox 857 1776 1162 1854; x_wconf 85' lang='lat' dir='ltr'><strong>ambiguas</strong></span> <span class='ocrx_word' id='word_1_130' title='bbox 1206 1784 1480 1838; x_wconf 88' lang='lat' dir='ltr'><strong>tonorum</strong></span> <span class='ocrx_word' id='word_1_131' title='bbox 1528 1779 1648 1838; x_wconf 84' lang='lat' dir='ltr'><strong>vias</strong></span> <span class='ocrx_word' id='word_1_132' title='bbox 1690 1787 1991 1839; x_wconf 88' lang='lat' dir='ltr'><strong>secuntur.</strong></span> <span class='ocrx_word' id='word_1_133' title='bbox 2071 1789 2243 1862; x_wconf 88' lang='lat' dir='ltr'><strong>atque</strong></span> <span class='ocrx_word' id='word_1_134' title='bbox 2288 1781 2421 1842; x_wconf 87' lang='lat' dir='ltr'><strong>ideo</strong></span> <span class='ocrx_word' id='word_1_135' title='bbox 2467 1783 2723 1842; x_wconf 89' lang='lat' dir='ltr'><strong>aetheris</strong></span> <span class='ocrx_word' id='word_1_136' title='bbox 2766 1791 2827 1843; x_wconf 88' lang='lat' dir='ltr'><strong>et</strong></span> 
     </span>
     <span class='ocr_line' id='line_1_16' title="bbox 243 1879 2821 1964; baseline 0.002 -24"><span class='ocrx_word' id='word_1_137' title='bbox 243 1881 427 1950; x_wconf 88' lang='lat' dir='ltr'><strong>aeris,</strong></span> <span class='ocrx_word' id='word_1_138' title='bbox 485 1881 620 1961; x_wconf 89' lang='lat' dir='ltr'><strong>quia</strong></span> <span class='ocrx_word' id='word_1_139' title='bbox 677 1881 906 1959; x_wconf 85' lang='lat' dir='ltr'><strong>origine</strong></span> <span class='ocrx_word' id='word_1_140' title='bbox 951 1879 1174 1942; x_wconf 87' lang='lat' dir='ltr'><strong>Graeca</strong></span> <span class='ocrx_word' id='word_1_141' title='bbox 1231 1888 1394 1951; x_wconf 86' lang='lat' dir='ltr'><strong>sunt,</strong></span> <span class='ocrx_word' id='word_1_142' title='bbox 1451 1880 1712 1942; x_wconf 84' lang='lat' dir='ltr'><strong>Graecae</strong></span> <span class='ocrx_word' id='word_1_143' title='bbox 1759 1899 1992 1960; x_wconf 90' lang='lat' dir='ltr'><strong>quoque</strong></span> <span class='ocrx_word' id='word_1_144' title='bbox 2035 1883 2347 1962; x_wconf 85' lang='lat' dir='ltr'><strong>prosodiae</strong></span> <span class='ocrx_word' id='word_1_145' title='bbox 2390 1883 2643 1944; x_wconf 81' lang='lat' dir='ltr'><strong>formam</strong></span> <span class='ocrx_word' id='word_1_146' title='bbox 2688 1893 2821 1964; x_wconf 86' lang='lat' dir='ltr'><strong>apte</strong></span> 
     </span>
     <span class='ocr_line' id='line_1_17' title="bbox 240 1980 2899 2066; baseline 0.002 -24"><span class='ocrx_word' id='word_1_147' title='bbox 240 1983 566 2062; x_wconf 84' lang='lat' dir='ltr'><strong>recipiunt,</strong></span> <span class='ocrx_word' id='word_1_148' title='bbox 624 1989 688 2042; x_wconf 91' lang='lat' dir='ltr'><strong>ut</strong></span> <span class='ocrx_word' id='word_1_149' title='bbox 747 1980 904 2043; x_wconf 76' lang='lat' dir='ltr'><strong>aeris</strong></span> <span class='ocrx_word' id='word_1_150' title='bbox 958 1982 1215 2044; x_wconf 76' lang='lat' dir='ltr'><strong>aetheris</strong></span> <span class='ocrx_word' id='word_1_151' title='bbox 1269 1983 1356 2043; x_wconf 89' lang='lat' dir='ltr'><strong>sic</strong></span> <span class='ocrx_word' id='word_1_152' title='bbox 1413 1982 1683 2043; x_wconf 87' lang='lat' dir='ltr'><strong>dicantur</strong></span> <span class='ocrx_word' id='word_1_153' title='bbox 1740 1982 1943 2044; x_wconf 86' lang='lat' dir='ltr'><strong>Latine</strong></span> <span class='ocrx_word' id='word_1_154' title='bbox 1998 1984 2355 2065; x_wconf 87' lang='lat' dir='ltr'><strong>paenultima</strong></span> <span class='ocrx_word' id='word_1_155' title='bbox 2412 1995 2607 2063; x_wconf 79' lang='lat' dir='ltr'><strong>acuta,</strong></span> <span class='ocrx_word' id='word_1_156' title='bbox 2654 1988 2821 2066; x_wconf 90' lang='lat' dir='ltr'><strong>quasi</strong></span> <span class='ocrx_word' id='word_1_157' title='bbox 2846 2004 2899 2047; x_wconf 80' lang='lat'><strong>15</strong></span> 
     </span>
     <span class='ocr_line' id='line_1_18' title="bbox 241 2073 2823 2167; baseline 0.001 -22"><span class='ocrx_word' id='word_1_158' title='bbox 241 2083 470 2146; x_wconf 87' lang='lat' dir='ltr'><strong>Graece</strong></span> <span class='ocrx_word' id='word_1_159' title='bbox 515 2073 710 2164; x_wconf 76' lang='grc' dir='ltr'><strong><em>ἀέρος</em></strong></span> <span class='ocrx_word' id='word_1_160' title='bbox 753 2077 1054 2163; x_wconf 47' lang='grc' dir='ltr'><strong><em>αἰθέρος</em></strong></span> <span class='ocrx_word' id='word_1_161' title='bbox 1103 2085 1236 2165; x_wconf 91' lang='lat' dir='ltr'><strong>quia</strong></span> <span class='ocrx_word' id='word_1_162' title='bbox 1279 2093 1472 2146; x_wconf 90' lang='lat' dir='ltr'><strong>autem</strong></span> <span class='ocrx_word' id='word_1_163' title='bbox 1506 2083 1899 2146; x_wconf 83' lang='lat' dir='ltr'><strong>declinatione</strong></span> <span class='ocrx_word' id='word_1_164' title='bbox 1942 2083 2095 2146; x_wconf 80' lang='lat' dir='ltr'><strong>facta</strong></span> <span class='ocrx_word' id='word_1_165' title='bbox 2140 2093 2277 2147; x_wconf 87' lang='lat' dir='ltr'><strong>sunt</strong></span> <span class='ocrx_word' id='word_1_166' title='bbox 2318 2087 2555 2158; x_wconf 89' lang='lat' dir='ltr'><strong>Latina,</strong></span> <span class='ocrx_word' id='word_1_167' title='bbox 2600 2088 2823 2167; x_wconf 89' lang='lat' dir='ltr'><strong>inpune</strong></span> 
     </span>
     <span class='ocr_line' id='line_1_19' title="bbox 241 2185 2822 2267; baseline 0.002 -22"><span class='ocrx_word' id='word_1_168' title='bbox 241 2187 360 2247; x_wconf 88' lang='lat' dir='ltr'><strong>ritu</strong></span> <span class='ocrx_word' id='word_1_169' title='bbox 403 2192 611 2247; x_wconf 85' lang='lat' dir='ltr'><strong>nostro</strong></span> <span class='ocrx_word' id='word_1_170' title='bbox 657 2187 716 2246; x_wconf 89' lang='lat' dir='ltr'><strong>in</strong></span> <span class='ocrx_word' id='word_1_171' title='bbox 761 2187 953 2267; x_wconf 88' lang='lat' dir='ltr'><strong>prima</strong></span> <span class='ocrx_word' id='word_1_172' title='bbox 997 2185 1218 2265; x_wconf 80' lang='lat' dir='ltr'><strong>syllaba</strong></span> <span class='ocrx_word' id='word_1_173' title='bbox 1263 2192 1584 2256; x_wconf 85' lang='lat' dir='ltr'><strong>acuuntur,</strong></span> <span class='ocrx_word' id='word_1_174' title='bbox 1642 2187 1781 2266; x_wconf 90' lang='lat' dir='ltr'><strong>quia</strong></span> <span class='ocrx_word' id='word_1_175' title='bbox 1824 2185 2019 2248; x_wconf 84' lang='lat' dir='ltr'><strong>brevis</strong></span> <span class='ocrx_word' id='word_1_176' title='bbox 2066 2194 2156 2247; x_wconf 88' lang='lat' dir='ltr'><strong>est</strong></span> <span class='ocrx_word' id='word_1_177' title='bbox 2195 2187 2581 2267; x_wconf 87' lang='lat' dir='ltr'><strong>paenultima,</strong></span> <span class='ocrx_word' id='word_1_178' title='bbox 2638 2199 2706 2250; x_wconf 86' lang='lat' dir='ltr'><strong>ut</strong></span> <span class='ocrx_word' id='word_1_179' title='bbox 2746 2191 2822 2251; x_wconf 91' lang='lat' dir='ltr'><strong>sit</strong></span> 
     </span>
     <span class='ocr_line' id='line_1_20' title="bbox 241 2287 2822 2366; baseline 0.001 -18"><span class='ocrx_word' id='word_1_180' title='bbox 241 2287 399 2348; x_wconf 79' lang='lat' dir='ltr'><strong>aeris</strong></span> <span class='ocrx_word' id='word_1_181' title='bbox 453 2287 740 2357; x_wconf 76' lang='lat' dir='ltr'><strong>aetheris,</strong></span> <span class='ocrx_word' id='word_1_182' title='bbox 811 2289 979 2366; x_wconf 86' lang='lat' dir='ltr'><strong>quasi</strong></span> <span class='ocrx_word' id='word_1_183' title='bbox 1043 2288 1269 2348; x_wconf 78' lang='lat' dir='ltr'><strong>anseris</strong></span> <span class='ocrx_word' id='word_1_184' title='bbox 1334 2288 1566 2348; x_wconf 68' lang='lat' dir='ltr'><strong>asseris.</strong></span> <span class='ocrx_word' id='word_1_185' title='bbox 1654 2287 1924 2348; x_wconf 89' lang='lat' dir='ltr'><strong>similiter</strong></span> <span class='ocrx_word' id='word_1_186' title='bbox 1990 2288 2305 2350; x_wconf 82' lang='lat' dir='ltr'><strong>Simoentis</strong></span> <span class='ocrx_word' id='word_1_187' title='bbox 2365 2290 2822 2352; x_wconf 78' lang='lat' dir='ltr'><strong>Thermodontis</strong></span> 
     </span>
     <span class='ocr_line' id='line_1_21' title="bbox 239 2387 2823 2470; baseline 0.001 -20"><span class='ocrx_word' id='word_1_188' title='bbox 239 2397 716 2470; x_wconf 75' lang='lat' dir='ltr'><strong>proparoxytona</strong></span> <span class='ocrx_word' id='word_1_189' title='bbox 773 2396 941 2458; x_wconf 88' lang='lat' dir='ltr'><strong>sunt,</strong></span> <span class='ocrx_word' id='word_1_190' title='bbox 999 2391 1052 2450; x_wconf 90' lang='lat' dir='ltr'><strong>si</strong></span> <span class='ocrx_word' id='word_1_191' title='bbox 1105 2388 1177 2450; x_wconf 88' lang='lat' dir='ltr'><strong>ad</strong></span> <span class='ocrx_word' id='word_1_192' title='bbox 1237 2391 1494 2452; x_wconf 88' lang='lat' dir='ltr'><strong>Graecos</strong></span> <span class='ocrx_word' id='word_1_193' title='bbox 1547 2390 1861 2468; x_wconf 83' lang='lat' dir='ltr'><strong>respicias,</strong></span> <span class='ocrx_word' id='word_1_194' title='bbox 1918 2391 2020 2470; x_wconf 88' lang='lat' dir='ltr'><strong>qui</strong></span> <span class='ocrx_word' id='word_1_195' title='bbox 2063 2392 2148 2451; x_wconf 92' lang='lat' dir='ltr'><strong>sic</strong></span> <span class='ocrx_word' id='word_1_196' title='bbox 2190 2390 2415 2452; x_wconf 79' lang='lat' dir='ltr'><strong>iaciunt</strong></span> <span class='ocrx_word' id='word_1_197' title='bbox 2458 2387 2823 2470; x_wconf 82' lang='grc' dir='ltr'><strong><em>Σιμόεντος</em></strong></span> 
     </span>
     <span class='ocr_line' id='line_1_22' title="bbox 244 2483 2895 2574; baseline 0.002 -21"><span class='ocrx_word' id='word_1_198' title='bbox 244 2483 755 2571; x_wconf 72' lang='grc' dir='ltr'><strong><em>Θερμώδοντοςς</em></strong></span> <span class='ocrx_word' id='word_1_199' title='bbox 810 2499 1173 2571; x_wconf 65' lang='grc' dir='ltr'><strong>Ρποητοηει</strong></span> <span class='ocrx_word' id='word_1_200' title='bbox 1229 2497 1457 2562; x_wconf 90' lang='lat' dir='ltr'><strong>autem,</strong></span> <span class='ocrx_word' id='word_1_201' title='bbox 1512 2493 1564 2551; x_wconf 88' lang='lat' dir='ltr'><strong>si</strong></span> <span class='ocrx_word' id='word_1_202' title='bbox 1622 2491 1695 2553; x_wconf 89' lang='lat' dir='ltr'><strong>ad</strong></span> <span class='ocrx_word' id='word_1_203' title='bbox 1754 2499 2018 2552; x_wconf 86' lang='lat' dir='ltr'><strong>nostram</strong></span> <span class='ocrx_word' id='word_1_204' title='bbox 2062 2492 2299 2570; x_wconf 81' lang='lat' dir='ltr'><strong>redigas</strong></span> <span class='ocrx_word' id='word_1_205' title='bbox 2339 2493 2635 2572; x_wconf 83' lang='lat' dir='ltr'><strong>regulam:</strong></span> <span class='ocrx_word' id='word_1_206' title='bbox 2704 2514 2817 2574; x_wconf 90' lang='lat' dir='ltr'><strong>quo</strong></span> <span class='ocrx_word' id='word_1_207' title='bbox 2842 2514 2895 2558; x_wconf 75' lang='lat' dir='ltr'><strong>aa</strong></span> 
     </span>
     <span class='ocr_line' id='line_1_23' title="bbox 240 2591 2817 2674; baseline 0 -18"><span class='ocrx_word' id='word_1_208' title='bbox 240 2593 418 2656; x_wconf 89' lang='lat' dir='ltr'><strong>modo</strong></span> <span class='ocrx_word' id='word_1_209' title='bbox 487 2592 734 2655; x_wconf 88' lang='lat' dir='ltr'><strong>dicimus</strong></span> <span class='ocrx_word' id='word_1_210' title='bbox 796 2591 1077 2674; x_wconf 78' lang='lat' dir='ltr'><strong>sapientis</strong></span> <span class='ocrx_word' id='word_1_211' title='bbox 1143 2592 1439 2664; x_wconf 77' lang='lat' dir='ltr'><strong>audentis,</strong></span> <span class='ocrx_word' id='word_1_212' title='bbox 1507 2595 1593 2656; x_wconf 89' lang='lat' dir='ltr'><strong>sic</strong></span> <span class='ocrx_word' id='word_1_213' title='bbox 1663 2593 1985 2656; x_wconf 75' lang='lat' dir='ltr'><strong>Simoentis</strong></span> <span class='ocrx_word' id='word_1_214' title='bbox 2049 2594 2525 2671; x_wconf 74' lang='lat' dir='ltr'><strong>Thermodontis.</strong></span> <span class='ocrx_word' id='word_1_215' title='bbox 2616 2597 2817 2658; x_wconf 88' lang='lat' dir='ltr'><strong>eadem</strong></span> 
     </span>
     <span class='ocr_line' id='line_1_24' title="bbox 241 2694 2817 2776; baseline 0.001 -20"><span class='ocrx_word' id='word_1_216' title='bbox 241 2698 472 2756; x_wconf 89' lang='lat' dir='ltr'><strong>ratione</strong></span> <span class='ocrx_word' id='word_1_217' title='bbox 501 2694 844 2756; x_wconf 77' lang='lat' dir='ltr'><strong>Euandrum</strong></span> <span class='ocrx_word' id='word_1_218' title='bbox 874 2695 1209 2774; x_wconf 75' lang='lat' dir='ltr'><strong>tyrannum,</strong></span> <span class='ocrx_word' id='word_1_219' title='bbox 1243 2696 1408 2775; x_wconf 91' lang='lat' dir='ltr'><strong>quasi</strong></span> <span class='ocrx_word' id='word_1_220' title='bbox 1438 2695 1755 2757; x_wconf 82' lang='lat' dir='ltr'><strong>amandum</strong></span> <span class='ocrx_word' id='word_1_221' title='bbox 1798 2696 2183 2765; x_wconf 80' lang='lat' dir='ltr'><strong>Britannum,</strong></span> <span class='ocrx_word' id='word_1_222' title='bbox 2230 2697 2586 2776; x_wconf 88' lang='lat' dir='ltr'><strong>paenultima</strong></span> <span class='ocrx_word' id='word_1_223' title='bbox 2630 2707 2817 2771; x_wconf 81' lang='lat' dir='ltr'><strong>acuta,</strong></span> 
     </span>
     <span class='ocr_line' id='line_1_25' title="bbox 239 2795 2821 2880; baseline 0.001 -21"><span class='ocrx_word' id='word_1_224' title='bbox 239 2800 377 2879; x_wconf 88' lang='lat' dir='ltr'><strong>quia</strong></span> <span class='ocrx_word' id='word_1_225' title='bbox 441 2798 733 2878; x_wconf 87' lang='lat' dir='ltr'><strong>positione</strong></span> <span class='ocrx_word' id='word_1_226' title='bbox 797 2795 976 2876; x_wconf 80' lang='lat' dir='ltr'><strong>longa</strong></span> <span class='ocrx_word' id='word_1_227' title='bbox 1042 2806 1157 2868; x_wconf 87' lang='lat' dir='ltr'><strong>est,</strong></span> <span class='ocrx_word' id='word_1_228' title='bbox 1223 2798 1612 2878; x_wconf 56' lang='lat' dir='ltr'><strong>proferimur„</strong></span> <span class='ocrx_word' id='word_1_229' title='bbox 1653 2795 1974 2880; x_wconf 71' lang='lat' dir='ltr'><strong>{Latinum</strong></span> <span class='ocrx_word' id='word_1_230' title='bbox 2041 2801 2227 2860; x_wconf 88' lang='lat' dir='ltr'><strong>secuti</strong></span> <span class='ocrx_word' id='word_1_231' title='bbox 2271 2809 2671 2878; x_wconf 87' lang='lat' dir='ltr'><strong>praeceptum.</strong></span> <span class='ocrx_word' id='word_1_232' title='bbox 2760 2809 2821 2861; x_wconf 88' lang='lat' dir='ltr'><strong>et</strong></span> 
     </span>
     <span class='ocr_line' id='line_1_26' title="bbox 237 2898 2822 2964; baseline 0 -2"><span class='ocrx_word' id='word_1_233' title='bbox 237 2919 450 2962; x_wconf 87' lang='lat' dir='ltr'><strong>rursus</strong></span> <span class='ocrx_word' id='word_1_234' title='bbox 493 2901 556 2961; x_wconf 88' lang='lat' dir='ltr'><strong>in</strong></span> <span class='ocrx_word' id='word_1_235' title='bbox 599 2900 792 2961; x_wconf 85' lang='lat' dir='ltr'><strong>isdem</strong></span> <span class='ocrx_word' id='word_1_236' title='bbox 837 2898 1172 2961; x_wconf 88' lang='lat' dir='ltr'><strong>nominibus</strong></span> <span class='ocrx_word' id='word_1_237' title='bbox 1215 2901 1447 2961; x_wconf 88' lang='lat' dir='ltr'><strong>tertiam</strong></span> <span class='ocrx_word' id='word_1_238' title='bbox 1478 2899 1552 2961; x_wconf 91' lang='lat' dir='ltr'><strong>ab</strong></span> <span class='ocrx_word' id='word_1_239' title='bbox 1595 2898 1801 2961; x_wconf 88' lang='lat' dir='ltr'><strong>ultima</strong></span> <span class='ocrx_word' id='word_1_240' title='bbox 1846 2919 2057 2962; x_wconf 89' lang='lat' dir='ltr'><strong>acuere</strong></span> <span class='ocrx_word' id='word_1_241' title='bbox 2102 2899 2419 2962; x_wconf 86' lang='lat' dir='ltr'><strong>absurdum</strong></span> <span class='ocrx_word' id='word_1_242' title='bbox 2466 2920 2584 2962; x_wconf 90' lang='lat' dir='ltr'><strong>non</strong></span> <span class='ocrx_word' id='word_1_243' title='bbox 2629 2910 2719 2964; x_wconf 87' lang='lat' dir='ltr'><strong>est</strong></span> <span class='ocrx_word' id='word_1_244' title='bbox 2763 2913 2822 2963; x_wconf 89' lang='lat' dir='ltr'><strong>et</strong></span> 
     </span>
     <span class='ocr_line' id='line_1_27' title="bbox 235 2993 2893 3084; baseline 0.001 -21"><span class='ocrx_word' id='word_1_245' title='bbox 235 3005 318 3065; x_wconf 88' lang='lat' dir='ltr'><strong>ita</strong></span> <span class='ocrx_word' id='word_1_246' title='bbox 365 3003 705 3072; x_wconf 89' lang='lat' dir='ltr'><strong>enuntiare,</strong></span> <span class='ocrx_word' id='word_1_247' title='bbox 751 3001 1097 3062; x_wconf 76' lang='lat' dir='ltr'><strong>Euandrum</strong></span> <span class='ocrx_word' id='word_1_248' title='bbox 1144 2997 1474 3079; x_wconf 70' lang='lat' dir='ltr'><strong>ty&#39;rannum,</strong></span> <span class='ocrx_word' id='word_1_249' title='bbox 1523 2997 1552 3084; x_wconf 77' lang='lat' dir='ltr'>ss</span> <span class='ocrx_word' id='word_1_250' title='bbox 1579 3010 1645 3062; x_wconf 87' lang='lat' dir='ltr'><strong>ut</strong></span> <span class='ocrx_word' id='word_1_251' title='bbox 1683 3003 1898 3063; x_wconf 86' lang='lat' dir='ltr'><strong>Graeci</strong></span> <span class='ocrx_word' id='word_1_252' title='bbox 1939 2993 2300 3082; x_wconf 79' lang='grc' dir='ltr'><strong><em>Εὔανδρον</em></strong></span> <span class='ocrx_word' id='word_1_253' title='bbox 2342 2997 2684 3083; x_wconf 82' lang='grc' dir='ltr'><strong><em>τύραννον</em></strong></span> <span class='ocrx_word' id='word_1_254' title='bbox 2726 3003 2813 3064; x_wconf 89' lang='lat' dir='ltr'><strong>di·</strong></span> <span class='ocrx_word' id='word_1_255' title='bbox 2841 3026 2893 3068; x_wconf 77' lang='lat'><strong>25</strong></span> 
     </span>
     <span class='ocr_line' id='line_1_28' title="bbox 237 3101 2818 3186; baseline 0 -19"><span class='ocrx_word' id='word_1_256' title='bbox 237 3113 400 3167; x_wconf 85' lang='lat' dir='ltr'><strong>cunt.</strong></span> <span class='ocrx_word' id='word_1_257' title='bbox 445 3123 482 3159; x_wconf 60' lang='grc' dir='ltr'>ι</span> <span class='ocrx_word' id='word_1_258' title='bbox 539 3106 781 3167; x_wconf 90' lang='lat' dir='ltr'><strong>nomina</strong></span> <span class='ocrx_word' id='word_1_259' title='bbox 822 3101 1104 3165; x_wconf 86' lang='lat' dir='ltr'><strong>utrolibet</strong></span> <span class='ocrx_word' id='word_1_260' title='bbox 1149 3110 1354 3164; x_wconf 88' lang='lat' dir='ltr'><strong>tenore</strong></span> <span class='ocrx_word' id='word_1_261' title='bbox 1398 3105 1670 3183; x_wconf 82' lang='lat' dir='ltr'><strong>proferre</strong></span> <span class='ocrx_word' id='word_1_262' title='bbox 1717 3103 1961 3185; x_wconf 88' lang='lat' dir='ltr'><strong>[iudicio</strong></span> <span class='ocrx_word' id='word_1_263' title='bbox 2004 3123 2152 3186; x_wconf 89' lang='lat' dir='ltr'><strong>opus</strong></span> <span class='ocrx_word' id='word_1_264' title='bbox 2196 3113 2311 3176; x_wconf 88' lang='lat' dir='ltr'><strong>est,</strong></span> <span class='ocrx_word' id='word_1_265' title='bbox 2358 3124 2476 3186; x_wconf 90' lang='lat' dir='ltr'><strong>quo</strong></span> <span class='ocrx_word' id='word_1_266' title='bbox 2518 3105 2577 3166; x_wconf 90' lang='lat' dir='ltr'><strong>id</strong></span> <span class='ocrx_word' id='word_1_267' title='bbox 2622 3107 2818 3186; x_wconf 88' lang='lat' dir='ltr'><strong>potius</strong></span> 
     </span>
    </p>
   </div>
   <div class='ocr_carea' id='block_1_3' title="bbox 231 3305 2843 4918">
    <p class='ocr_par' dir='ltr' id='par_1_5' title="bbox 235 3305 2815 3654">
     <span class='ocr_line' id='line_1_29' title="bbox 409 3305 2815 3376; baseline 0.001 -17"><span class='ocrx_word' id='word_1_268' title='bbox 409 3313 436 3363; x_wconf 91' lang='lat' dir='ltr'><strong>l</strong></span> <span class='ocrx_word' id='word_1_269' title='bbox 476 3307 670 3376; x_wconf 86' lang='lat' dir='ltr'><strong>creber]</strong></span> <span class='ocrx_word' id='word_1_270' title='bbox 717 3309 872 3374; x_wconf 74' lang='lat' dir='ltr'><strong>Ver-9.</strong></span> <span class='ocrx_word' id='word_1_271' title='bbox 913 3306 1045 3361; x_wconf 84' lang='lat' dir='ltr'><strong>Aen.</strong></span> <span class='ocrx_word' id='word_1_272' title='bbox 1083 3308 1128 3357; x_wconf 91' lang='lat' dir='ltr'>V</span> <span class='ocrx_word' id='word_1_273' title='bbox 1169 3305 1274 3358; x_wconf 80' lang='lat'><strong>460</strong></span> <span class='ocrx_word' id='word_1_274' title='bbox 1447 3309 1480 3357; x_wconf 86' lang='lat'><strong>2</strong></span> <span class='ocrx_word' id='word_1_275' title='bbox 1521 3308 1913 3374; x_wconf 84' lang='lat' dir='ltr'><strong>dodonaeosque</strong></span> <span class='ocrx_word' id='word_1_276' title='bbox 1952 3309 2312 3374; x_wconf 86' lang='lat' dir='ltr'><strong>(dodoneoque</strong></span> <span class='ocrx_word' id='word_1_277' title='bbox 2350 3308 2417 3372; x_wconf 91' lang='lat'><strong>0)</strong></span> <span class='ocrx_word' id='word_1_278' title='bbox 2451 3310 2645 3360; x_wconf 81' lang='lat' dir='ltr'><strong>leuetas</strong></span> <span class='ocrx_word' id='word_1_279' title='bbox 2685 3311 2815 3366; x_wconf 82' lang='lat' dir='ltr'><strong>LO:</strong></span> 
     </span>
     <span class='ocr_line' id='line_1_30' title="bbox 245 3377 2815 3446; baseline 0.001 -15"><span class='ocrx_word' id='word_1_280' title='bbox 245 3383 405 3446; x_wconf 65' lang='grc' dir='ltr'><em>γει-9.</em></span> <span class='ocrx_word' id='word_1_281' title='bbox 437 3379 572 3434; x_wconf 81' lang='lat' dir='ltr'><strong>Aen.</strong></span> <span class='ocrx_word' id='word_1_282' title='bbox 613 3381 680 3430; x_wconf 92' lang='lat' dir='ltr'><strong>Ill</strong></span> <span class='ocrx_word' id='word_1_283' title='bbox 711 3379 814 3431; x_wconf 78' lang='lat'><strong>466</strong></span> <span class='ocrx_word' id='word_1_284' title='bbox 931 3377 1124 3428; x_wconf 82' lang='lat' dir='ltr'><strong>leuetas</strong></span> <span class='ocrx_word' id='word_1_285' title='bbox 1153 3392 1274 3444; x_wconf 90' lang='lat' dir='ltr'><strong>pars</strong></span> <span class='ocrx_word' id='word_1_286' title='bbox 1304 3378 1508 3444; x_wconf 80' lang='lat' dir='ltr'><strong>elegere</strong></span> <span class='ocrx_word' id='word_1_287' title='bbox 1537 3378 1783 3430; x_wconf 87' lang='lat' dir='ltr'><strong>debemus</strong></span> <span class='ocrx_word' id='word_1_288' title='bbox 1819 3395 1912 3445; x_wconf 87' lang='lat' dir='ltr'><strong>par</strong></span> <span class='ocrx_word' id='word_1_289' title='bbox 1948 3389 2025 3430; x_wconf 86' lang='lat' dir='ltr'><strong>est</strong></span> <span class='ocrx_word' id='word_1_290' title='bbox 2054 3382 2287 3444; x_wconf 83' lang='lat' dir='ltr'><strong>quamuis</strong></span> <span class='ocrx_word' id='word_1_291' title='bbox 2326 3379 2417 3430; x_wconf 89' lang='lat' dir='ltr'><strong>LO</strong></span> <span class='ocrx_word' id='word_1_292' title='bbox 2454 3379 2645 3430; x_wconf 79' lang='lat' dir='ltr'><strong>lebetas</strong></span> <span class='ocrx_word' id='word_1_293' title='bbox 2678 3397 2815 3446; x_wconf 81' lang='grc' dir='ltr'><strong><em>προ-</em></strong></span> 
     </span>
     <span class='ocr_line' id='line_1_31' title="bbox 235 3441 2815 3517; baseline -0 -16"><span class='ocrx_word' id='word_1_294' title='bbox 235 3441 640 3514; x_wconf 78' lang='grc' dir='ltr'><strong><em>παροξυτόνως</em></strong></span> <span class='ocrx_word' id='word_1_295' title='bbox 675 3448 846 3514; x_wconf 81' lang='lat' dir='ltr'><strong>legere</strong></span> <span class='ocrx_word' id='word_1_296' title='bbox 891 3445 1180 3515; x_wconf 83' lang='lat' dir='ltr'><strong>[debemus]</strong></span> <span class='ocrx_word' id='word_1_297' title='bbox 1216 3461 1310 3513; x_wconf 85' lang='lat' dir='ltr'><strong>par</strong></span> <span class='ocrx_word' id='word_1_298' title='bbox 1343 3455 1436 3507; x_wconf 80' lang='lat' dir='ltr'><strong>est,</strong></span> <span class='ocrx_word' id='word_1_299' title='bbox 1475 3449 1710 3511; x_wconf 83' lang='lat' dir='ltr'><strong>quamvis</strong></span> <span class='ocrx_word' id='word_1_300' title='bbox 1747 3466 1807 3502; x_wconf 84' lang='lat' dir='ltr'><strong>v.-</strong></span> <span class='ocrx_word' id='word_1_301' title='bbox 1860 3449 1930 3512; x_wconf 81' lang='lat' dir='ltr'><strong>cf.</strong></span> <span class='ocrx_word' id='word_1_302' title='bbox 1972 3451 2227 3502; x_wconf 63' lang='lat' dir='ltr'><strong>moiun.</strong></span> <span class='ocrx_word' id='word_1_303' title='bbox 2264 3463 2319 3512; x_wconf 81' lang='lat' dir='ltr'><strong>p.</strong></span> <span class='ocrx_word' id='word_1_304' title='bbox 2356 3449 2456 3501; x_wconf 81' lang='lat'><strong>961</strong></span> <span class='ocrx_word' id='word_1_305' title='bbox 2495 3451 2692 3499; x_wconf 86' lang='lat' dir='ltr'><strong>acuitur</strong></span> <span class='ocrx_word' id='word_1_306' title='bbox 2727 3467 2815 3517; x_wconf 88' lang='lat' dir='ltr'><strong>per</strong></span> 
     </span>
     <span class='ocr_line' id='line_1_32' title="bbox 236 3517 2810 3586; baseline 0.002 -17"><span class='ocrx_word' id='word_1_307' title='bbox 236 3535 314 3584; x_wconf 86' lang='lat' dir='ltr'><strong>se,</strong></span> <span class='ocrx_word' id='word_1_308' title='bbox 355 3521 408 3568; x_wconf 90' lang='lat' dir='ltr'><strong>in</strong></span> <span class='ocrx_word' id='word_1_309' title='bbox 438 3517 649 3568; x_wconf 85' lang='lat' dir='ltr'><strong>lectione</strong></span> <span class='ocrx_word' id='word_1_310' title='bbox 685 3533 806 3568; x_wconf 83' lang='lat' dir='ltr'><strong>vero</strong></span> <span class='ocrx_word' id='word_1_311' title='bbox 842 3526 1104 3584; x_wconf 78' lang='lat' dir='ltr'><strong>gravatur,</strong></span> <span class='ocrx_word' id='word_1_312' title='bbox 1139 3519 1259 3571; x_wconf 76' lang='lat' dir='ltr'><strong>ibid.</strong></span> <span class='ocrx_word' id='word_1_313' title='bbox 1285 3535 1340 3583; x_wconf 80' lang='grc' dir='ltr'><strong>ρ.</strong></span> <span class='ocrx_word' id='word_1_314' title='bbox 1385 3517 1520 3570; x_wconf 85' lang='grc'><strong>1228</strong></span> <span class='ocrx_word' id='word_1_315' title='bbox 1554 3534 1644 3583; x_wconf 87' lang='lat' dir='ltr'><strong>per</strong></span> <span class='ocrx_word' id='word_1_316' title='bbox 1679 3535 1737 3570; x_wconf 82' lang='lat' dir='ltr'><strong>se</strong></span> <span class='ocrx_word' id='word_1_317' title='bbox 1774 3529 1939 3582; x_wconf 87' lang='lat' dir='ltr'><strong>acuto,</strong></span> <span class='ocrx_word' id='word_1_318' title='bbox 1977 3521 2029 3570; x_wconf 90' lang='lat' dir='ltr'><strong>in</strong></span> <span class='ocrx_word' id='word_1_319' title='bbox 2066 3535 2219 3570; x_wconf 83' lang='lat' dir='ltr'><strong>versu</strong></span> <span class='ocrx_word' id='word_1_320' title='bbox 2248 3534 2369 3569; x_wconf 83' lang='lat' dir='ltr'><strong>vero</strong></span> <span class='ocrx_word' id='word_1_321' title='bbox 2406 3521 2569 3586; x_wconf 81' lang='lat' dir='ltr'><strong>gravi,</strong></span> <span class='ocrx_word' id='word_1_322' title='bbox 2610 3519 2810 3582; x_wconf 79' lang='lat' dir='ltr'><strong>Quintil.</strong></span> 
     </span>
     <span class='ocr_line' id='line_1_33' title="bbox 237 3587 2814 3654; baseline 0.001 -16"><span class='ocrx_word' id='word_1_323' title='bbox 237 3591 336 3649; x_wconf 86' lang='lat'><strong>15,</strong></span> <span class='ocrx_word' id='word_1_324' title='bbox 373 3587 442 3638; x_wconf 89' lang='grc'><strong>28</strong></span> <span class='ocrx_word' id='word_1_325' title='bbox 470 3588 636 3637; x_wconf 86' lang='lat' dir='ltr'><strong>evenit</strong></span> <span class='ocrx_word' id='word_1_326' title='bbox 671 3598 726 3638; x_wconf 89' lang='lat' dir='ltr'><strong>ut</strong></span> <span class='ocrx_word' id='word_1_327' title='bbox 763 3589 909 3638; x_wconf 83' lang='lat' dir='ltr'><strong>metri</strong></span> <span class='ocrx_word' id='word_1_328' title='bbox 947 3603 1148 3652; x_wconf 88' lang='lat' dir='ltr'><strong>quoque</strong></span> <span class='ocrx_word' id='word_1_329' title='bbox 1176 3587 1408 3638; x_wconf 90' lang='lat' dir='ltr'><strong>condicio</strong></span> <span class='ocrx_word' id='word_1_330' title='bbox 1444 3596 1602 3638; x_wconf 85' lang='lat' dir='ltr'><strong>mutet</strong></span> <span class='ocrx_word' id='word_1_331' title='bbox 1635 3598 1899 3639; x_wconf 86' lang='lat' dir='ltr'><strong>accentum</strong></span> <span class='ocrx_word' id='word_1_332' title='bbox 2071 3589 2104 3641; x_wconf 81' lang='grc'>3</span> <span class='ocrx_word' id='word_1_333' title='bbox 2142 3590 2410 3654; x_wconf 83' lang='lat' dir='ltr'><strong>utrubique</strong></span> <span class='ocrx_word' id='word_1_334' title='bbox 2451 3590 2498 3639; x_wconf 89' lang='lat' dir='ltr'><em>L</em></span> <span class='ocrx_word' id='word_1_335' title='bbox 2536 3602 2748 3654; x_wconf 86' lang='lat' dir='ltr'><strong>utroque</strong></span> <span class='ocrx_word' id='word_1_336' title='bbox 2774 3589 2814 3639; x_wconf 92' lang='lat' dir='ltr'><em>O</em></span> 
     </span>
    </p>

    <p class='ocr_par' dir='ltr' id='par_1_6' title="bbox 231 3656 2843 4918">
     <span class='ocr_line' id='line_1_34' title="bbox 377 3656 2843 3727; baseline -0.001 -18"><span class='ocrx_word' id='word_1_337' title='bbox 377 3659 412 3709; x_wconf 84' lang='lat'>4</span> <span class='ocrx_word' id='word_1_338' title='bbox 441 3672 686 3724; x_wconf 80' lang='lat' dir='ltr'><strong>germana</strong></span> <span class='ocrx_word' id='word_1_339' title='bbox 711 3675 742 3708; x_wconf 83' lang='lat' dir='ltr'><strong><em>v</em></strong></span> <span class='ocrx_word' id='word_1_340' title='bbox 777 3658 1042 3724; x_wconf 82' lang='lat' dir='ltr'><strong>germania</strong></span> <span class='ocrx_word' id='word_1_341' title='bbox 1080 3656 1122 3707; x_wconf 90' lang='lat'><strong><em>0</em></strong></span> <span class='ocrx_word' id='word_1_342' title='bbox 1154 3659 1440 3724; x_wconf 79' lang='lat' dir='ltr'><strong>germinnia</strong></span> <span class='ocrx_word' id='word_1_343' title='bbox 1468 3673 1604 3711; x_wconf 80' lang='lat' dir='ltr'><strong>corr.</strong></span> <span class='ocrx_word' id='word_1_344' title='bbox 1639 3661 1903 3725; x_wconf 83' lang='lat' dir='ltr'><strong>germania</strong></span> <span class='ocrx_word' id='word_1_345' title='bbox 1932 3659 1979 3708; x_wconf 85' lang='lat' dir='ltr'><em>L</em></span> <span class='ocrx_word' id='word_1_346' title='bbox 2076 3669 2339 3711; x_wconf 85' lang='lat' dir='ltr'><strong>accentum</strong></span> <span class='ocrx_word' id='word_1_347' title='bbox 2378 3659 2492 3726; x_wconf 82' lang='lat' dir='ltr'><strong>lege</strong></span> <span class='ocrx_word' id='word_1_348' title='bbox 2530 3676 2585 3711; x_wconf 87' lang='lat' dir='ltr'><strong>se</strong></span> <span class='ocrx_word' id='word_1_349' title='bbox 2616 3662 2843 3727; x_wconf 79' lang='lat' dir='ltr'><strong>(legere.</strong></span> 
     </span>
     <span class='ocr_line' id='line_1_35' title="bbox 236 3725 2811 3795; baseline 0.001 -17"><span class='ocrx_word' id='word_1_350' title='bbox 236 3727 306 3792; x_wconf 88' lang='grc'><strong>0)</strong></span> <span class='ocrx_word' id='word_1_351' title='bbox 335 3730 505 3778; x_wconf 83' lang='lat' dir='ltr'><strong>iurant</strong></span> <span class='ocrx_word' id='word_1_352' title='bbox 542 3725 636 3778; x_wconf 77' lang='lat' dir='ltr'><strong>Lo</strong></span> <span class='ocrx_word' id='word_1_353' title='bbox 673 3739 968 3778; x_wconf 80' lang='lat' dir='ltr'><strong>accentuum</strong></span> <span class='ocrx_word' id='word_1_354' title='bbox 1007 3727 1152 3795; x_wconf 80' lang='lat' dir='ltr'><strong>leges</strong></span> <span class='ocrx_word' id='word_1_355' title='bbox 1183 3729 1381 3778; x_wconf 85' lang='lat' dir='ltr'><strong>eiurant</strong></span> <span class='ocrx_word' id='word_1_356' title='bbox 1407 3743 1437 3777; x_wconf 84' lang='lat' dir='ltr'><strong><em>v</em></strong></span> <span class='ocrx_word' id='word_1_357' title='bbox 1574 3729 1608 3780; x_wconf 78' lang='grc' dir='ltr'><strong>ὅ</strong></span> <span class='ocrx_word' id='word_1_358' title='bbox 1645 3737 1754 3778; x_wconf 83' lang='lat' dir='ltr'><strong>orta</strong></span> <span class='ocrx_word' id='word_1_359' title='bbox 1782 3732 1801 3778; x_wconf 82' lang='grc' dir='ltr'><strong><em>ἱ</em></strong></span> <span class='ocrx_word' id='word_1_360' title='bbox 1835 3737 1945 3779; x_wconf 91' lang='lat' dir='ltr'><strong>orto</strong></span> <span class='ocrx_word' id='word_1_361' title='bbox 1982 3727 2072 3778; x_wconf 88' lang='lat' dir='ltr'><strong>LO</strong></span> <span class='ocrx_word' id='word_1_362' title='bbox 2211 3730 2599 3781; x_wconf 84' lang='lat' dir='ltr'><strong>declinationem</strong></span> <span class='ocrx_word' id='word_1_363' title='bbox 2634 3745 2811 3781; x_wconf 85' lang='lat' dir='ltr'><strong>conee-</strong></span> 
     </span>
     <span class='ocr_line' id='line_1_36' title="bbox 236 3798 2815 3851; baseline 0 -1"><span class='ocrx_word' id='word_1_364' title='bbox 236 3799 366 3850; x_wconf 87' lang='lat' dir='ltr'><strong>dunt</strong></span> <span class='ocrx_word' id='word_1_365' title='bbox 395 3800 604 3849; x_wconf 75' lang='lat' dir='ltr'><strong>coniecit</strong></span> <span class='ocrx_word' id='word_1_366' title='bbox 629 3800 794 3850; x_wconf 77' lang='lat' dir='ltr'><strong>editor·</strong></span> <span class='ocrx_word' id='word_1_367' title='bbox 837 3798 1238 3848; x_wconf 76' lang='lat' dir='ltr'><strong>Vindobonensis</strong></span> <span class='ocrx_word' id='word_1_368' title='bbox 1275 3798 1608 3848; x_wconf 84' lang='lat' dir='ltr'><strong>declinatione</strong></span> <span class='ocrx_word' id='word_1_369' title='bbox 1655 3799 1937 3850; x_wconf 87' lang='lat' dir='ltr'><strong>consednnt</strong></span> <span class='ocrx_word' id='word_1_370' title='bbox 1975 3798 2068 3849; x_wconf 89' lang='lat' dir='ltr'><strong>LO</strong></span> <span class='ocrx_word' id='word_1_371' title='bbox 2237 3799 2273 3851; x_wconf 79' lang='grc'><strong>6</strong></span> <span class='ocrx_word' id='word_1_372' title='bbox 2306 3815 2421 3850; x_wconf 83' lang='lat' dir='ltr'><strong>nam</strong></span> <span class='ocrx_word' id='word_1_373' title='bbox 2460 3809 2515 3851; x_wconf 87' lang='lat' dir='ltr'><strong>ut</strong></span> <span class='ocrx_word' id='word_1_374' title='bbox 2549 3799 2590 3851; x_wconf 90' lang='lat' dir='ltr'><em>O</em></span> <span class='ocrx_word' id='word_1_375' title='bbox 2759 3809 2815 3851; x_wconf 87' lang='lat' dir='ltr'><strong>ut</strong></span> 
     </span>
     <span class='ocr_line' id='line_1_37' title="bbox 233 3866 2814 4006; baseline -0.001 -16"><span class='ocrx_word' id='word_1_376' title='bbox 233 3884 506 3990; x_wconf 52' lang='lat' dir='ltr'><strong>,affl-:³5⁶2</strong></span> <span class='ocrx_word' id='word_1_377' title='bbox 540 3936 582 3987; x_wconf 86' lang='grc' dir='ltr'><strong><em>ο</em></strong></span> <span class='ocrx_word' id='word_1_378' title='bbox 617 3866 1382 4006; x_wconf 46' lang='grc' dir='ltr'><strong>’ωρᾶἶὲἒῐέἓηῖθὶξ”ἓὲἓίτῖιςι</strong></span> <span class='ocrx_word' id='word_1_379' title='bbox 1397 3868 1504 3986; x_wconf 61' lang='lat'><strong>⁶510</strong></span> <span class='ocrx_word' id='word_1_380' title='bbox 1517 3869 1677 3990; x_wconf 50' lang='lat' dir='ltr'><strong>Vm&amp;</strong></span> <span class='ocrx_word' id='word_1_381' title='bbox 1706 3884 1884 4006; x_wconf 48' lang='lat'><strong>{2531</strong></span> <span class='ocrx_word' id='word_1_382' title='bbox 1925 3869 2278 4006; x_wconf 41' lang='lat' dir='ltr'><strong>{fiel-2912?</strong></span> <span class='ocrx_word' id='word_1_383' title='bbox 2297 3869 2521 3990; x_wconf 39' lang='grc' dir='ltr'><strong>ἓξὲξ</strong></span> <span class='ocrx_word' id='word_1_384' title='bbox 2646 3871 2814 3989; x_wconf 52' lang='lat'><strong>{12:31</strong></span> 
     </span>
     <span class='ocr_line' id='line_1_38' title="bbox 234 4006 2813 4076; baseline -0.001 -16"><span class='ocrx_word' id='word_1_385' title='bbox 234 4006 406 4076; x_wconf 86' lang='lat' dir='ltr'><strong>drum]</strong></span> <span class='ocrx_word' id='word_1_386' title='bbox 459 4009 612 4074; x_wconf 69' lang='lat' dir='ltr'><strong>Vera.</strong></span> <span class='ocrx_word' id='word_1_387' title='bbox 645 4009 776 4063; x_wconf 80' lang='lat' dir='ltr'><strong>Aen.</strong></span> <span class='ocrx_word' id='word_1_388' title='bbox 815 4009 926 4058; x_wconf 83' lang='lat' dir='ltr'><strong>vm</strong></span> <span class='ocrx_word' id='word_1_389' title='bbox 969 4006 1067 4058; x_wconf 83' lang='lat'><strong>119</strong></span> <span class='ocrx_word' id='word_1_390' title='bbox 1205 4006 1239 4058; x_wconf 82' lang='lat'>9</span> <span class='ocrx_word' id='word_1_391' title='bbox 1273 4007 1531 4070; x_wconf 86' lang='lat' dir='ltr'><strong>latinaque</strong></span> <span class='ocrx_word' id='word_1_392' title='bbox 1568 4023 1723 4074; x_wconf 79' lang='lat' dir='ltr'><strong>greca</strong></span> <span class='ocrx_word' id='word_1_393' title='bbox 1758 4007 1849 4058; x_wconf 87' lang='lat' dir='ltr'><strong>LO</strong></span> <span class='ocrx_word' id='word_1_394' title='bbox 1992 4010 2057 4062; x_wconf 83' lang='lat'><strong>10</strong></span> <span class='ocrx_word' id='word_1_395' title='bbox 2094 4009 2364 4060; x_wconf 84' lang='lat' dir='ltr'><strong>militiades</strong></span> <span class='ocrx_word' id='word_1_396' title='bbox 2400 4009 2708 4073; x_wconf 82' lang='lat' dir='ltr'><strong>asclipiades</strong></span> <span class='ocrx_word' id='word_1_397' title='bbox 2743 4011 2813 4058; x_wconf 87' lang='lat' dir='ltr'><strong>ita</strong></span> 
     </span>
     <span class='ocr_line' id='line_1_39' title="bbox 237 4077 2814 4143; baseline -0.001 -13"><span class='ocrx_word' id='word_1_398' title='bbox 237 4077 520 4130; x_wconf 86' lang='lat' dir='ltr'><strong>lucidiades</strong></span> <span class='ocrx_word' id='word_1_399' title='bbox 557 4088 606 4128; x_wconf 87' lang='lat' dir='ltr'><strong>et</strong></span> <span class='ocrx_word' id='word_1_400' title='bbox 640 4077 973 4130; x_wconf 82' lang='lat' dir='ltr'><strong>memmiades</strong></span> <span class='ocrx_word' id='word_1_401' title='bbox 1001 4079 1050 4127; x_wconf 91' lang='lat' dir='ltr'><em>L</em></span> <span class='ocrx_word' id='word_1_402' title='bbox 1080 4077 1336 4127; x_wconf 83' lang='lat' dir='ltr'><strong>miltiades</strong></span> <span class='ocrx_word' id='word_1_403' title='bbox 1366 4078 1668 4143; x_wconf 84' lang='lat' dir='ltr'><strong>asclipiades</strong></span> <span class='ocrx_word' id='word_1_404' title='bbox 1704 4078 1775 4128; x_wconf 82' lang='lat' dir='ltr'><strong>ita</strong></span> <span class='ocrx_word' id='word_1_405' title='bbox 1812 4079 2027 4130; x_wconf 84' lang='lat' dir='ltr'><strong>lutiades</strong></span> <span class='ocrx_word' id='word_1_406' title='bbox 2064 4088 2113 4129; x_wconf 89' lang='lat' dir='ltr'><strong>et</strong></span> <span class='ocrx_word' id='word_1_407' title='bbox 2142 4079 2437 4129; x_wconf 86' lang='lat' dir='ltr'><strong>menniades</strong></span> <span class='ocrx_word' id='word_1_408' title='bbox 2470 4078 2512 4129; x_wconf 91' lang='lat'><strong><em>0</em></strong></span> <span class='ocrx_word' id='word_1_409' title='bbox 2620 4079 2684 4130; x_wconf 88' lang='lat'><strong>12</strong></span> <span class='ocrx_word' id='word_1_410' title='bbox 2720 4079 2814 4128; x_wconf 88' lang='lat' dir='ltr'><strong>du-</strong></span> 
     </span>
     <span class='ocr_line' id='line_1_40' title="bbox 236 4146 2813 4217; baseline 0 -19"><span class='ocrx_word' id='word_1_411' title='bbox 236 4159 360 4198; x_wconf 86' lang='lat' dir='ltr'><strong>cunt</strong></span> <span class='ocrx_word' id='word_1_412' title='bbox 395 4161 582 4216; x_wconf 77' lang='lat' dir='ltr'><strong>graeca</strong></span> <span class='ocrx_word' id='word_1_413' title='bbox 613 4159 662 4199; x_wconf 85' lang='lat' dir='ltr'><strong>et</strong></span> <span class='ocrx_word' id='word_1_414' title='bbox 699 4151 876 4217; x_wconf 78' lang='lat' dir='ltr'><strong>iugum</strong></span> <span class='ocrx_word' id='word_1_415' title='bbox 915 4146 956 4198; x_wconf 91' lang='lat' dir='ltr'><em>O</em></span> <span class='ocrx_word' id='word_1_416' title='bbox 1099 4147 1364 4196; x_wconf 88' lang='lat' dir='ltr'><strong>latinarum</strong></span> <span class='ocrx_word' id='word_1_417' title='bbox 1399 4163 1429 4197; x_wconf 82' lang='lat' dir='ltr'><strong><em>v</em></strong></span> <span class='ocrx_word' id='word_1_418' title='bbox 1467 4147 1737 4198; x_wconf 86' lang='lat' dir='ltr'><strong>latinorum</strong></span> <span class='ocrx_word' id='word_1_419' title='bbox 1775 4147 1867 4198; x_wconf 91' lang='lat' dir='ltr'><strong>LO</strong></span> <span class='ocrx_word' id='word_1_420' title='bbox 2044 4148 2108 4200; x_wconf 84' lang='lat'><strong>13</strong></span> <span class='ocrx_word' id='word_1_421' title='bbox 2145 4147 2329 4198; x_wconf 73' lang='lat' dir='ltr'><strong>bifaria</strong></span> <span class='ocrx_word' id='word_1_422' title='bbox 2367 4149 2587 4212; x_wconf 85' lang='lat' dir='ltr'><strong>(binaria</strong></span> <span class='ocrx_word' id='word_1_423' title='bbox 2617 4149 2692 4211; x_wconf 85' lang='lat' dir='ltr'><strong>L)</strong></span> <span class='ocrx_word' id='word_1_424' title='bbox 2724 4149 2813 4199; x_wconf 85' lang='lat' dir='ltr'><strong>‹le—</strong></span> 
     </span>
     <span class='ocr_line' id='line_1_41' title="bbox 235 4215 2813 4285; baseline -0.001 -16"><span class='ocrx_word' id='word_1_425' title='bbox 235 4219 388 4270; x_wconf 81' lang='lat' dir='ltr'><strong>ducta</strong></span> <span class='ocrx_word' id='word_1_426' title='bbox 417 4218 659 4284; x_wconf 83' lang='lat' dir='ltr'><strong>ambigua</strong></span> <span class='ocrx_word' id='word_1_427' title='bbox 695 4229 926 4272; x_wconf 85' lang='lat' dir='ltr'><strong>tonorum</strong></span> <span class='ocrx_word' id='word_1_428' title='bbox 961 4218 1078 4269; x_wconf 86' lang='lat' dir='ltr'><strong>uias</strong></span> <span class='ocrx_word' id='word_1_429' title='bbox 1114 4215 1228 4283; x_wconf 88' lang='lat' dir='ltr'><strong>(uia</strong></span> <span class='ocrx_word' id='word_1_430' title='bbox 1265 4218 1336 4279; x_wconf 87' lang='lat' dir='ltr'><strong>L)</strong></span> <span class='ocrx_word' id='word_1_431' title='bbox 1379 4225 1618 4268; x_wconf 85' lang='lat' dir='ltr'><strong>secuntur</strong></span> <span class='ocrx_word' id='word_1_432' title='bbox 1654 4216 1752 4268; x_wconf 88' lang='lat' dir='ltr'><strong>LO</strong></span> <span class='ocrx_word' id='word_1_433' title='bbox 1892 4229 2043 4284; x_wconf 81' lang='lat' dir='ltr'><strong>atque</strong></span> <span class='ocrx_word' id='word_1_434' title='bbox 2079 4219 2175 4268; x_wconf 90' lang='lat' dir='ltr'><strong>deo</strong></span> <span class='ocrx_word' id='word_1_435' title='bbox 2213 4217 2255 4268; x_wconf 91' lang='lat'><strong><em>0</em></strong></span> <span class='ocrx_word' id='word_1_436' title='bbox 2397 4219 2462 4270; x_wconf 77' lang='lat'><strong>15</strong></span> <span class='ocrx_word' id='word_1_437' title='bbox 2505 4219 2813 4285; x_wconf 88' lang='lat' dir='ltr'><strong>penultimae</strong></span> 
     </span>
     <span class='ocr_line' id='line_1_42' title="bbox 234 4284 2813 4425; baseline -0 -15"><span class='ocrx_word' id='word_1_438' title='bbox 234 4289 934 4423; x_wconf 56' lang='lat' dir='ltr'><strong>‘¹⁰⁸⁸*10ss‘22‘322222u523ffl</strong></span> <span class='ocrx_word' id='word_1_439' title='bbox 966 4301 1087 4408; x_wconf 58' lang='lat'><strong><em>⁶13⁷·</em></strong></span> <span class='ocrx_word' id='word_1_440' title='bbox 1073 4301 1285 4420; x_wconf 57' lang='lat'><strong>42:¹53]</strong></span> <span class='ocrx_word' id='word_1_441' title='bbox 1295 4284 1556 4408; x_wconf 54' lang='lat'><strong>&#39;231232225</strong></span> <span class='ocrx_word' id='word_1_442' title='bbox 1558 4302 1659 4406; x_wconf 56' lang='grc' dir='ltr'><strong>ωδ·</strong></span> <span class='ocrx_word' id='word_1_443' title='bbox 1707 4285 2813 4425; x_wconf 46' lang='lat' dir='ltr'><strong>⁸&#39;zitssssnssiffzzsssszfflaffinitatis}</strong></span> 
     </span>
     <span class='ocr_line' id='line_1_43' title="bbox 233 4424 2812 4495; baseline -0 -14"><span class='ocrx_word' id='word_1_444' title='bbox 233 4437 356 4481; x_wconf 78' lang='lat' dir='ltr'><strong>sunt</strong></span> <span class='ocrx_word' id='word_1_445' title='bbox 385 4429 832 4495; x_wconf 84' lang='lat' dir='ltr'><strong>(proparoxitanos</strong></span> <span class='ocrx_word' id='word_1_446' title='bbox 869 4427 934 4494; x_wconf 88' lang='lat'><strong>0)</strong></span> <span class='ocrx_word' id='word_1_447' title='bbox 969 4428 1014 4478; x_wconf 88' lang='lat' dir='ltr'><strong>si</strong></span> <span class='ocrx_word' id='word_1_448' title='bbox 1052 4424 1180 4477; x_wconf 83' lang='lat' dir='ltr'><strong>LO:</strong></span> <span class='ocrx_word' id='word_1_449' title='bbox 1215 4427 1284 4490; x_wconf 78' lang='lat' dir='ltr'><strong>cf.</strong></span> <span class='ocrx_word' id='word_1_450' title='bbox 1317 4428 1462 4480; x_wconf 79' lang='lat' dir='ltr'><strong>Serv.</strong></span> <span class='ocrx_word' id='word_1_451' title='bbox 1499 4429 1552 4478; x_wconf 81' lang='lat' dir='ltr'><strong>t‘n</strong></span> <span class='ocrx_word' id='word_1_452' title='bbox 1597 4427 1757 4494; x_wconf 71' lang='lat' dir='ltr'><strong>Ver-9.</strong></span> <span class='ocrx_word' id='word_1_453' title='bbox 1795 4429 1925 4478; x_wconf 79' lang='lat' dir='ltr'><strong>Aen.</strong></span> <span class='ocrx_word' id='word_1_454' title='bbox 1968 4429 1985 4477; x_wconf 90' lang='lat' dir='ltr'><strong>l</strong></span> <span class='ocrx_word' id='word_1_455' title='bbox 2024 4428 2125 4479; x_wconf 90' lang='lat'><strong>100</strong></span> <span class='ocrx_word' id='word_1_456' title='bbox 2300 4427 2364 4479; x_wconf 84' lang='lat'><strong>19</strong></span> <span class='ocrx_word' id='word_1_457' title='bbox 2399 4431 2679 4480; x_wconf 80' lang='lat' dir='ltr'><strong>simoentos</strong></span> <span class='ocrx_word' id='word_1_458' title='bbox 2713 4439 2812 4480; x_wconf 84' lang='lat' dir='ltr'><strong>ter-—</strong></span> 
     </span>
     <span class='ocr_line' id='line_1_44' title="bbox 232 4495 2810 4565; baseline 0 -14"><span class='ocrx_word' id='word_1_459' title='bbox 232 4501 506 4551; x_wconf 84' lang='lat' dir='ltr'><strong>modentos</strong></span> <span class='ocrx_word' id='word_1_460' title='bbox 537 4502 840 4565; x_wconf 84' lang='lat' dir='ltr'><strong>paroxitona</strong></span> <span class='ocrx_word' id='word_1_461' title='bbox 881 4496 974 4548; x_wconf 90' lang='lat' dir='ltr'><strong>LO</strong></span> <span class='ocrx_word' id='word_1_462' title='bbox 1139 4495 1208 4545; x_wconf 88' lang='grc'><strong>20</strong></span> <span class='ocrx_word' id='word_1_463' title='bbox 1243 4511 1342 4558; x_wconf 90' lang='lat' dir='ltr'><strong>quo</strong></span> <span class='ocrx_word' id='word_1_464' title='bbox 1379 4495 1554 4564; x_wconf 89' lang='lat' dir='ltr'><strong>modo]</strong></span> <span class='ocrx_word' id='word_1_465' title='bbox 1597 4512 1748 4562; x_wconf 83' lang='lat' dir='ltr'><strong>quam</strong></span> <span class='ocrx_word' id='word_1_466' title='bbox 1787 4497 1879 4548; x_wconf 83' lang='lat' dir='ltr'><strong>Lo</strong></span> <span class='ocrx_word' id='word_1_467' title='bbox 1923 4500 2161 4562; x_wconf 83' lang='lat' dir='ltr'><strong>quoniam</strong></span> <span class='ocrx_word' id='word_1_468' title='bbox 2190 4515 2220 4549; x_wconf 83' lang='lat' dir='ltr'><strong><em>v</em></strong></span> <span class='ocrx_word' id='word_1_469' title='bbox 2380 4501 2441 4549; x_wconf 87' lang='lat'><strong>21</strong></span> <span class='ocrx_word' id='word_1_470' title='bbox 2479 4501 2810 4552; x_wconf 83' lang='lat' dir='ltr'><strong>termodontis</strong></span> 
     </span>
     <span class='ocr_line' id='line_1_45' title="bbox 233 4566 2813 4632; baseline -0.001 -10"><span class='ocrx_word' id='word_1_471' title='bbox 233 4569 329 4622; x_wconf 90' lang='lat' dir='ltr'><strong>LO</strong></span> <span class='ocrx_word' id='word_1_472' title='bbox 504 4571 571 4621; x_wconf 89' lang='grc'><strong>22</strong></span> <span class='ocrx_word' id='word_1_473' title='bbox 598 4571 909 4620; x_wconf 86' lang='lat' dir='ltr'><strong>brittannum</strong></span> <span class='ocrx_word' id='word_1_474' title='bbox 943 4566 984 4617; x_wconf 89' lang='grc' dir='ltr'><em>Ο</em></span> <span class='ocrx_word' id='word_1_475' title='bbox 1018 4567 1292 4617; x_wconf 71' lang='lat' dir='ltr'><strong>brittonum</strong></span> <span class='ocrx_word' id='word_1_476' title='bbox 1327 4566 1618 4618; x_wconf 81' lang='lat' dir='ltr'><strong>lbrittanus</strong></span> <span class='ocrx_word' id='word_1_477' title='bbox 1654 4568 1702 4616; x_wconf 90' lang='lat' dir='ltr'><em>L</em></span> <span class='ocrx_word' id='word_1_478' title='bbox 1876 4567 1945 4618; x_wconf 80' lang='lat'><strong>23</strong></span> <span class='ocrx_word' id='word_1_479' title='bbox 1981 4569 2099 4632; x_wconf 83' lang='lat' dir='ltr'><strong>quia</strong></span> <span class='ocrx_word' id='word_1_480' title='bbox 2133 4585 2161 4619; x_wconf 79' lang='grc' dir='ltr'>υ</span> <span class='ocrx_word' id='word_1_481' title='bbox 2201 4583 2329 4632; x_wconf 88' lang='lat' dir='ltr'><strong>quae</strong></span> <span class='ocrx_word' id='word_1_482' title='bbox 2364 4567 2456 4619; x_wconf 87' lang='lat' dir='ltr'><strong>LO</strong></span> <span class='ocrx_word' id='word_1_483' title='bbox 2629 4571 2697 4622; x_wconf 85' lang='grc'><strong>25</strong></span> <span class='ocrx_word' id='word_1_484' title='bbox 2726 4579 2813 4620; x_wconf 85' lang='lat' dir='ltr'><strong>aut</strong></span> 
     </span>
     <span class='ocr_line' id='line_1_46' title="bbox 233 4635 2823 4708; baseline 0 -18"><span class='ocrx_word' id='word_1_485' title='bbox 233 4642 408 4708; x_wconf 78' lang='lat' dir='ltr'><strong>graeci</strong></span> <span class='ocrx_word' id='word_1_486' title='bbox 452 4639 676 4691; x_wconf 61' lang='lat' dir='ltr'><strong>euandro,</strong></span> <span class='ocrx_word' id='word_1_487' title='bbox 722 4655 822 4690; x_wconf 90' lang='lat' dir='ltr'><strong>non</strong></span> <span class='ocrx_word' id='word_1_488' title='bbox 866 4637 1128 4688; x_wconf 87' lang='lat' dir='ltr'><strong>dinomina</strong></span> <span class='ocrx_word' id='word_1_489' title='bbox 1163 4636 1402 4686; x_wconf 88' lang='lat' dir='ltr'><strong>utrolibet</strong></span> <span class='ocrx_word' id='word_1_490' title='bbox 1435 4637 1757 4703; x_wconf 88' lang='lat' dir='ltr'><strong>(utrumlibet</strong></span> <span class='ocrx_word' id='word_1_491' title='bbox 1792 4635 1859 4701; x_wconf 89' lang='lat' dir='ltr'><strong>O)</strong></span> <span class='ocrx_word' id='word_1_492' title='bbox 1892 4645 2065 4688; x_wconf 86' lang='lat' dir='ltr'><strong>tenore</strong></span> <span class='ocrx_word' id='word_1_493' title='bbox 2103 4637 2307 4703; x_wconf 73' lang='lat' dir='ltr'><strong>(fenore</strong></span> <span class='ocrx_word' id='word_1_494' title='bbox 2346 4639 2417 4704; x_wconf 86' lang='lat' dir='ltr'><strong>L)</strong></span> <span class='ocrx_word' id='word_1_495' title='bbox 2452 4637 2682 4707; x_wconf 78' lang='lat' dir='ltr'><strong>proferre</strong></span> <span class='ocrx_word' id='word_1_496' title='bbox 2718 4639 2823 4708; x_wconf 33' lang='lat' dir='ltr'><strong>LO·</strong></span> 
     </span>
     <span class='ocr_line' id='line_1_47' title="bbox 232 4701 2809 4776; baseline 0 -15"><span class='ocrx_word' id='word_1_497' title='bbox 232 4720 287 4761; x_wconf 87' lang='lat' dir='ltr'><strong>ut</strong></span> <span class='ocrx_word' id='word_1_498' title='bbox 317 4710 495 4760; x_wconf 82' lang='lat' dir='ltr'><strong>Graeci</strong></span> <span class='ocrx_word' id='word_1_499' title='bbox 516 4701 844 4775; x_wconf 78' lang='grc' dir='ltr'><strong><em>Εὔανδρον.</em></strong></span> <span class='ocrx_word' id='word_1_500' title='bbox 884 4723 984 4758; x_wconf 91' lang='lat' dir='ltr'><strong>non</strong></span> <span class='ocrx_word' id='word_1_501' title='bbox 1003 4708 1118 4759; x_wconf 90' lang='lat' dir='ltr'><strong>dico</strong></span> <span class='ocrx_word' id='word_1_502' title='bbox 1146 4708 1350 4756; x_wconf 86' lang='lat' dir='ltr'><strong>nomina</strong></span> <span class='ocrx_word' id='word_1_503' title='bbox 1369 4709 1608 4757; x_wconf 83' lang='lat' dir='ltr'><strong>utrolibet</strong></span> <span class='ocrx_word' id='word_1_504' title='bbox 1630 4717 1804 4758; x_wconf 88' lang='lat' dir='ltr'><strong>tenore</strong></span> <span class='ocrx_word' id='word_1_505' title='bbox 1838 4707 2061 4774; x_wconf 75' lang='lat' dir='ltr'><strong>proferri</strong></span> <span class='ocrx_word' id='word_1_506' title='bbox 2090 4724 2135 4762; x_wconf 83' lang='grc' dir='ltr'><strong>υ.</strong></span> <span class='ocrx_word' id='word_1_507' title='bbox 2177 4711 2377 4770; x_wconf 80' lang='lat' dir='ltr'><strong>lacuna,</strong></span> <span class='ocrx_word' id='word_1_508' title='bbox 2402 4727 2549 4776; x_wconf 79' lang='lat' dir='ltr'><strong>quam</strong></span> <span class='ocrx_word' id='word_1_509' title='bbox 2570 4711 2809 4772; x_wconf 62' lang='lat' dir='ltr'><strong>iudicavi,</strong></span> 
     </span>
     <span class='ocr_line' id='line_1_48' title="bbox 231 4777 2813 4844; baseline 0 -12"><span class='ocrx_word' id='word_1_510' title='bbox 231 4783 332 4832; x_wconf 75' lang='lat' dir='ltr'><strong>nisi</strong></span> <span class='ocrx_word' id='word_1_511' title='bbox 360 4783 520 4844; x_wconf 72' lang='lat' dir='ltr'><strong>ptura</strong></span> <span class='ocrx_word' id='word_1_512' title='bbox 553 4781 889 4843; x_wconf 67' lang='lat' dir='ltr'><strong>excidemur,</strong></span> <span class='ocrx_word' id='word_1_513' title='bbox 926 4779 1000 4830; x_wconf 77' lang='lat' dir='ltr'><strong>ita</strong></span> <span class='ocrx_word' id='word_1_514' title='bbox 1029 4779 1146 4842; x_wconf 78' lang='lat' dir='ltr'><strong>fere</strong></span> <span class='ocrx_word' id='word_1_515' title='bbox 1176 4781 1452 4828; x_wconf 77' lang='lat' dir='ltr'><strong>oracionem</strong></span> <span class='ocrx_word' id='word_1_516' title='bbox 1503 4779 1738 4842; x_wconf 78' lang='lat' dir='ltr'><strong>supplere</strong></span> <span class='ocrx_word' id='word_1_517' title='bbox 1768 4781 1940 4842; x_wconf 76' lang='lat' dir='ltr'><strong>possis</strong></span> <span class='ocrx_word' id='word_1_518' title='bbox 1958 4818 1973 4842; x_wconf 91' lang='lat'><strong>,</strong></span> <span class='ocrx_word' id='word_1_519' title='bbox 2026 4777 2153 4829; x_wconf 89' lang='lat' dir='ltr'><strong>haec</strong></span> <span class='ocrx_word' id='word_1_520' title='bbox 2186 4781 2323 4830; x_wconf 89' lang='lat' dir='ltr'><strong>enim</strong></span> <span class='ocrx_word' id='word_1_521' title='bbox 2362 4783 2529 4831; x_wconf 87' lang='lat' dir='ltr'><strong>omnia</strong></span> <span class='ocrx_word' id='word_1_522' title='bbox 2577 4781 2813 4832; x_wconf 82' lang='lat' dir='ltr'><strong>utrolibet</strong></span> 
     </span>
     <span class='ocr_line' id='line_1_49' title="bbox 235 4848 1338 4918; baseline -0.006 -15"><span class='ocrx_word' id='word_1_523' title='bbox 235 4861 410 4903; x_wconf 86' lang='lat' dir='ltr'><strong>tenore</strong></span> <span class='ocrx_word' id='word_1_524' title='bbox 445 4848 678 4918; x_wconf 75' lang='lat' dir='ltr'><strong>proferre</strong></span> <span class='ocrx_word' id='word_1_525' title='bbox 713 4865 1004 4916; x_wconf 85' lang='lat' dir='ltr'><strong>possumus,</strong></span> <span class='ocrx_word' id='word_1_526' title='bbox 1045 4848 1338 4899; x_wconf 85' lang='lat' dir='ltr'><strong>dnmmodo.</strong></span> 
     </span>
    </p>
   </div>
  </div>
 </body>
</html>
