3434 5442
591 333 760 384 ΚΒΝ
1671 319 2091 383 PRAEFATIO

591 509 831 574 librum
855 509 1026 595 elegi
1046 507 1753 590 hosNindobonensem
1770 517 1865 590 16,
1892 507 2045 572 olim
2057 507 2464 590 Bobiensem,
2490 507 2571 573 de
2595 529 2723 596 quo
2746 529 2945 592 supra
2968 507 3173 594 p.VII

593 611 836 676 dietum
877 620 1008 692 est,
1054 606 1121 676 in
1164 633 1290 698 quo
1324 609 1534 675 Servii
1577 609 1743 675 liber
1772 611 2049 698 scriptus
2080 620 2179 675 est
2206 609 2256 674 f.
2290 618 2652 694 139⁴—1413
2696 611 3173 690 Monacensem‚

594 713 747 779 olim
793 713 1279 799 Frisingensem
1325 722 1393 784 81
1407 717 1435 794 ‚'
1469 712 1518 778 f.
1566 713 1931 796 72—76;*)
1988 712 2374 778 Leidensem
2421 721 2573 793 122,
2631 711 2711 776 de
2756 735 2882 799 quo
2926 712 3174 777 dictum

595 826 694 880 est
734 840 798 903 p.
835 815 1112 897 XXXI,
1156 815 1206 879 f.
1239 825 1319 886 59
1365 820 1614 880 Seruius
1656 821 1991 881 honoratus
2034 822 2305 895 aquilino
2346 822 2597 880 salutem
2624 853 2711 863 —-
2738 817 2786 880 f.
2832 824 2912 886 62
2954 822 3177 894 lonqae

591 930 732 982 sunt
761 939 901 998 exp.
937 925 1013 982 de
1048 924 1339 995 finalibus
1381 925 1594 982 litteris
1635 923 1920 982 honorati
1958 925 2350 997 qrammatici
2360 941 2382 990 ,·
2426 917 2885 982 Monacensem
2916 919 3175 982 Emme-

591 1043 844 1085 ramum
875 1021 957 1086 G.
992 1029 1106 1090 121
1145 1019 1258 1106 (cf.
1289 1043 1355 1106 p.
1389 1019 1700 1105 XXXII)
1732 1019 1780 1083 f.
1816 1027 1939 1089 184
1980 1024 2231 1084 Seruius
2272 1027 2501 1084 marius
2545 1026 2877 1087 honoratus
2904 1025 3176 1099 aquilino

592 1129 848 1187 salutem
893 1161 977 1172 --
1019 1123 1067 1186 f.
1118 1131 1237 1193 188
1281 1130 1506 1202 lonqae
1547 1134 1701 1187 sunt.
1794 1122 1906 1187 sed
1950 1123 2293 1187 Bobiensis
2340 1121 2549 1187 codex
2604 1132 2669 1187 et
2712 1123 3172 1206 FrisingensiS,

593 1225 704 1311 qui
746 1225 1124 1312 plerumque
1167 1226 1336 1289 inter
1379 1247 1448 1288 se
1493 1225 1931 1304 consentiunt,
1991 1225 2419 1310 antiquiorem
2472 1223 2623 1289 libri
2676 1224 2949 1288 formam
2994 1223 3175 1287 exhi-

593 1325 750 1392 bere
807 1327 1138 1407 videntur,
1196 1327 1533 1391 Leidensis
1592 1337 1658 1391 et
1711 1327 2157 1392 Emmeramus
2213 1329 2634 1392 recentiorem
2690 1349 2773 1392 ex
2830 1325 3175 1412 interpola-

595 1429 879 1494 tionibus
913 1439 979 1494 et
1006 1430 1470 1494 mutationibus
1509 1429 1939 1514 posteriorum
1979 1431 2549 1513 grammaticorum
2590 1429 2969 1515 profectam.
3031 1427 3177 1491 reli-

594 1533 706 1618 qui
749 1541 968 1596 autem
1009 1531 1296 1613 codices,
1341 1551 1502 1617 quos
1548 1529 1811 1616 quidem
1852 1531 1993 1615 ipse
2038 1532 2202 1612 vidi,
2246 1533 2485 1618 partim
2526 1530 2705 1596 illam
2747 1532 3179 1618 antiquiorem

595 1633 868 1698 formam
896 1633 1233 1720 praebent,
1263 1634 1503 1718 partim
1530 1632 2067 1719 interpolatorum
2096 1632 2412 1698 librorum
2448 1635 2765 1697 rationem
2794 1640 3176 1718 sequuntur.

763 1737 1052 1801 Primum
1111 1735 1323 1800 editus
1385 1744 1484 1799 est
1535 1735 1640 1799 hic
1699 1734 1910 1800 Servii
1965 1735 2132 1800 liber
2186 1734 2538 1800 Mediolani
2582 1757 2641 1800 a.
2691 1743 2874 1815 1473,
2920 1734 3177 1800 ‘Bedae

596 1838 763 1903 liber
818 1839 898 1902 de
955 1839 1392 1903 schematibus
1453 1847 1518 1902 et
1573 1845 1784 1922 tropo.
1873 1837 2163 1902 eiusdem
2219 1837 2355 1902 diui
2411 1837 2635 1902 Bedae
2692 1837 2773 1902 de
2827 1836 3052 1922 figuris
3112 1845 3181 1899 et

595 1941 842 2004 metris.
931 1940 1482 2006 Commentarium
1538 1940 1751 2024 Sergii
1818 1938 1899 2003 de
1963 1938 2198 2004 littera.
2301 1939 2849 2004 Commentarium
2904 1939 3177 2003 Maximi

596 2042 914 2107 Victorini
960 2043 1040 2106 de
1083 2043 1333 2107 ratione
1377 2051 1746 2105 metrorum.
1818 2041 2169 2106 Metrocius
2212 2041 2540 2107 Maximus
2586 2041 2667 2106 de
2709 2041 2941 2106 litteris
2986 2051 3052 2106 et
3094 2039 3179 2104 de

597 2143 888 2231 syllabis.
963 2145 1067 2210 De
1111 2144 1416 2209 finalibus
1463 2142 1694 2207 litteris
1739 2143 2056 2228 Honorati
2102 2146 2530 2228 grammatici.
2606 2145 2817 2208 Servii
2860 2165 3178 2227 gramma-

596 2247 709 2310 tici
751 2246 1165 2312 Centimetra.
1226 2246 1438 2310 Focae
1482 2247 1885 2330 grammatici
1929 2243 2093 2311 liber
2136 2247 2217 2310 de
2260 2249 2517 2311 nomine
2560 2255 2627 2310 et
2667 2245 2869 2310 verbo
2900 2283 2981 2292 —-
3012 2265 3180 2329 opus

595 2350 984 2435 impressum
1013 2347 1364 2414 Mediolani
1409 2369 1525 2432 per
1566 2347 1660 2411 M.
1693 2349 2051 2413 Antonium
2098 2348 2405 2413 Zarotum
2438 2351 2856 2414 Parmensem
2900 2347 3005 2412 die
3034 2347 3181 2411 XII

597 2453 1049 2537 semptembris
1079 2449 1743 2532 MCCOCLXX11123
1789 2439 2015 2535 postea
2058 2451 2395 2515 Laurentii
2438 2451 2761 2515 Abstemii
2806 2473 3003 2534 opera
3033 2447 3183 2514 Cal-

597 2552 667 2616 lii
707 2576 767 2616 a.
805 2562 988 2634 1476,
1037 2552 1283 2618 ‘Servii
1313 2551 1636 2616 Honorati
1678 2552 1971 2617 Libellus
2017 2552 2096 2616 de
2140 2551 2385 2616 ultimis
2433 2552 2701 2638 syllabis
2748 2563 2815 2616 et
2858 2551 3183 2616 Centime-

599 2665 770 2719 trum
803 2693 878 2702 -
914 2653 1136 2734 Canii,
1182 2653 1507 2718 Robertus
1555 2653 1635 2718 de
1681 2655 1861 2719 Fano
1907 2666 1971 2718 et
2013 2653 2455 2718 Bernardinus
2502 2653 2581 2718 de
2612 2655 2931 2738 Bergomo
2967 2661 3181 2723 1476’·

598 2765 944 2843 utramque
1000 2757 1344 2821 editionem
1399 2778 1530 2820 non
1584 2757 1743 2822 vidi.
1842 2764 1972 2821 tres
2040 2765 2257 2820 autem
2312 2757 2655 2837 editiones,
2720 2755 2956 2842 quibus
3020 2777 3181 2818 usus

601 2881 772 2940 sum,
847 2857 1348 2923 Mediolanensis
1415 2859 1562 2922 Iani
1626 2858 1957 2922 Parrhasii
2032 2879 2178 2921 cum
2240 2859 2559 2923 institutis
2619 2857 2814 2922 Probi
2880 2879 2937 2924 a.
2994 2865 3182 2938 1504,

600 2961 1039 3048 Tubingensis
1083 2959 1400 3026 Ioac-himi
1443 2959 1801 3025 Camerarii
1844 2981 1993 3024 cum
2033 2961 2243 3025 Mario
2286 2961 2622 3024 Victorino
2666 2982 2726 3024 a.
2777 2967 2958 3041 1537,
3004 2959 3184 3044 Lug-

771 3200 825 3268 *)
873 3201 1060 3254 Codex
1104 3201 1457 3253 Monacensis
1503 3201 1630 3253 Lat.
1676 3202 1839 3265 6281,
1884 3201 2258 3268 Frisingensis
2304 3201 2367 3251 81
2414 3202 2609 3253 memb.
2645 3201 2677 3250 4
2713 3215 2859 3251 saec.
2898 3201 2947 3251 X
2984 3201 3021 3251 f.
3064 3203 3089 3250 1
3132 3203 3187 3252 in

600 3291 794 3340 nominc
819 3289 1006 3339 domini
1028 3290 1192 3338 nostri
1225 3288 1379 3351 incip.
1405 3287 1581 3352 regula
1616 3289 1783 3336 aureli
1814 3289 2067 3352 augustini
2099 3289 2163 3337 dc
2188 3304 2314 3337 nom.
2366 3286 2539 3336 Omnia
2576 3288 2774 3336 nomina
2796 3315 2865 3323 —
2890 3287 2923 3336 s.
2950 3289 3015 3336 27
3041 3289 3188 3337 inde-

601 3373 831 3426 ceinabite
873 3381 950 3422 επ
991 3375 1134 3436 eath.
1167 3368 1190 3438 ll
1233 3372 1270 3421 s.
1299 3373 1364 3421 27
1400 3371 1596 3436 Incipit
1629 3374 1917 3436 expositum
1949 3374 2108 3436 sergii
2150 3374 2213 3423 de
2248 3379 2361 3422 octo
2403 3371 2639 3437 partibus
2678 3373 2943 3424 orationis.
3004 3371 3187 3422 Oratio

601 3461 788 3510 dicitur
819 3484 890 3493 —
924 3458 964 3507 f.
1003 3459 1067 3507 52
1101 3457 1472 3522 proferuntur:
1510 3455 1690 3520 Sergii
1730 3455 2157 3520 explanationes
2194 3456 2249 3506 in
2286 3459 2563 3508 Donatum
2600 3459 2719 3520 487,
2757 3458 3028 3518 22--518‚
3054 3460 3140 3507 29.
3170 3454 3189 3520 ΙΙ

603 3545 641 3596 f.
679 3545 742 3593 52
790 3544 868 3592 De
904 3544 1098 3592 littera.
1159 3542 1364 3591 Littera
1399 3543 1536 3591 dicta
1572 3549 1648 3590 est
1681 3568 1752 3576 --
1789 3541 1825 3590 f.
1864 3538 1963 3590 62*
2011 3541 2077 3590 de
2126 3541 2513 3593 interiectione
2550 3549 2601 3593 et
2634 3544 2781 3608 siqua
2820 3549 2937 3592 sunt
2972 3543 3189 3592 sinaeilia:

604 3631 865 3692 excerpta
903 3643 968 3676 ex
1005 3625 1216 3675 Donati
1251 3629 1371 3675 arte
1405 3627 1612 3676 maiore
1675 3633 1733 3674 et
1768 3625 1949 3692 Sergii
1985 3627 2042 3676 in
2081 3641 2201 3676 eam
2253 3627 2756 3694 explanationibus.
2782 3623 2805 3692 Η
2832 3627 2869 3678 f.
2906 3627 2971 3676 63
3010 3625 3189 3677 Omnia

603 3716 802 3764 nomina
837 3739 905 3746 —
939 3712 978 3761 f.
1017 3709 1116 3760 72*
1155 3712 1485 3760 deserendum
1525 3711 1767 3760 inuenies.
1817 3713 2033 3776 explicit
2071 3713 2321 3763 institutio
2362 3715 2613 3777 prisciani
2649 3713 2963 3778 grammatici
2994 3713 3058 3761 de
3098 3727 3191 3762 no·

601 3801 728 3849 mine
762 3799 1054 3867 propomine
1091 3803 1141 3846 et
1175 3796 1346 3849 uerbo,
1371 3790 1396 3862 ΙΙ
1419 3795 1458 3846 f.
1486 3797 1550 3845 72
1587 3793 1801 3845 Seruius
1834 3797 2113 3847 honoratus
2145 3799 2367 3864 aquilino
2404 3824 2470 3832 —
2505 3798 2544 3847 f.
2574 3800 2638 3848 76
2674 3801 2853 3862 Ionyae
2875 3803 3019 3847 sunt:
3056 3797 3191 3846 Ser-

600 3884 722 3936 vius
759 3882 826 3932 de
862 3880 1137 3932 finalibus.
1162 3877 1187 3948 11
1221 3880 1261 3932 f.
1299 3883 1363 3931 76
1399 3879 1593 3944 Incipit
1626 3882 2008 3932 commentarius
2042 3885 2211 3948 seraqi
2244 3885 2333 3934 de.
2379 3883 2584 3933 Littera
2619 3885 2757 3934 dicta
2792 3889 2871 3933 est
2900 3909 2969 3918 --
3006 3881 3043 3932 f.
3081 3881 3189 3930 81*

603 3986 730 4020 cano
769 3969 932 4018 troiae
960 3969 1083 4030 sinit
1115 3967 1243 4016 liber
1276 3968 1466 4030 sereqii
1493 3968 1837 4030 yrammatici:
1874 3954 2105 4033 Sergius
2126 3967 2192 4016 de
2219 3967 2413 4017 littera
2440 3973 2543 4020 etc.
2580 3983 2629 4033 p.
2658 3968 2943 4019 475—-485,
2968 3963 2992 4033 ΙΙ
3016 3968 3055 4018 f.
3082 3963 3189 4016 81*

603 4055 795 4119 Incipit
838 4054 1238 4102 commentarium
1282 4051 1574 4100 maximiani
1614 4054 1857 4103 victorini
1899 4055 1962 4104 de
2007 4055 2206 4104 ratione
2249 4061 2532 4104 metrorum.
2596 4055 2760 4117 primo
2805 4055 2868 4104 de
2916 4053 3101 4104 litteris·
3137 4061 3193 4102 et
3283 4049 3289 4055 ’

599 4139 822 4205 syllabis·
865 4139 1144 4204 Liquentes
1179 4163 1246 4171 —-
1279 4136 1319 4186 f.
1348 4133 1446 4186 87*
1486 4145 1750 4190 exerceat.
1778 4139 1869 4200 fin.
1907 4138 2036 4188 liber
2068 4139 2365 4188 maximiani
2391 4139 2671 4204 yramatici.
2699 4133 2721 4204 Ι]
2748 4139 2885 4198 Quae
2905 4139 3007 4188 sint
3028 4153 3191 4202 prae-

603 4232 747 4275 terea
785 4232 889 4274 tres
919 4225 1118 4288 primae
1153 4224 1367 4272 maaeimi
1397 4224 1595 4286 figurae
1631 4222 1837 4271 dicendi
1867 4248 1935 4257 ——
1969 4222 2009 4273 f.
2035 4225 2099 4272 88
2136 4223 2473 4272 uehementia:
2509 4223 2576 4272 de
2614 4224 2909 4288 generibus
2946 4223 3189 4272 dicendi.

606 4310 613 4372 Ι
675 4310 712 4361 s.
749 4311 815 4359 88
861 4309 1144 4359 Metrorias
1189 4309 1252 4356 de
1298 4287 1468 4356 latinis
1513 4313 1564 4356 et
1609 4308 1660 4354 in
1703 4321 1848 4356 roma
1888 4307 1992 4371 fuit
2036 4314 2085 4357 et
2132 4307 2427 4358 nobilissimi
2456 4310 2662 4373 generis
2707 4315 2857 4372 patre
2902 4309 3097 4359 solonio
3134 4316 3193 4358 et

602 4401 761 4444 matre
792 4394 1146 4458 priesionatia.
1181 4393 1360 4458 incipit
1384 4394 1448 4442 de
1475 4389 1714 4456 finalibus
1751 4392 1933 4441 [icteris
1968 4393 2050 4440 uel
2080 4393 2291 4456 syllabis
2324 4395 2567 4443 metrorii.
2598 4391 2901 4459 Quamquam
2922 4419 2990 4428 -—
3014 4393 3053 4442 f.
3082 4391 3189 4443 91*

601 4479 854 4528 meliboei:
908 4476 1058 4528 anal.
1096 4493 1325 4542 gramm.
1365 4475 1593 4529 vindob.
1630 4493 1680 4543 p.
1718 4478 2023 4527 455—469.
2064 4471 2089 4542 l}
2130 4478 2169 4526 f.
2206 4475 2309 4528 91*
2360 4479 2553 4542 Incipit
2586 4493 2677 4528 ars
2715 4478 2828 4541 soci
2854 4481 3191 4544 yrammatici.

606 4564 715 4613 Ars
749 4579 859 4612 mea
893 4589 959 4596 —
996 4562 1035 4613 f.
1078 4561 1207 4612 108*
1243 4564 1442 4612 similia.
1479 4565 1622 4626 expl.
1660 4577 1750 4612 ars
1779 4563 1898 4623 soce
1930 4564 2247 4640 grammatici
2280 4565 2343 4614 de
2380 4565 2573 4614 nomine
2610 4569 2657 4614 et
2695 4563 2865 4614 uerbo.
2908 4560 2931 4629 ΙΙ
2972 4563 3011 4615 f.
3051 4563 3187 4613 108*

605 4648 863 4713 Incipiunt
900 4649 1262 4698 declinationes
1309 4649 1567 4698 nominum.
1623 4647 1791 4698 Iastia
1839 4662 2013 4697 nomen
2048 4673 2115 4681 —
2150 4648 2189 4699 f.
2230 4647 2358 4697 114*
2412 4648 2661 4698 subiectis,
2704 4643 2726 4713 Η
2768 4647 2808 4697 f.
2848 4643 2975 4696 114*
3016 4647 3188 4712 lncip.

603 4749 692 4784 ars
727 4734 906 4796 asperi
937 4733 1000 4782 de
1033 4733 1267 4796 partibas
1292 4735 1560 4786 orationis,
1609 4735 1799 4784 Partes
1823 4733 2069 4783 orationis
2090 4739 2209 4782 sunt
2241 4761 2310 4768 —
2346 4733 2383 4783 f.
2417 4730 2543 4782 126*
2571 4739 2622 4782 et
2653 4735 2801 4798 siqua
2836 4740 2951 4782 sunt
2983 4735 3187 4783 similia.

607 4837 670 4870 ex
709 4818 1055 4882 Frisingensi
1094 4817 1281 4867 codice
1319 4817 1628 4882 descriptus
1666 4822 1752 4869 est
1787 4817 2223 4883 Tegernseensis
2261 4819 2354 4868 181
2394 4833 2542 4869 saec.
2584 4817 2676 4868 XI.
