3434 5442
660 314 741 375 90
1604 376 1611 384 ,
1837 309 2064 411 Pnom

761 443 803 484 ρ.
829 431 965 473 mosa
992 429 1047 470 n.
2811 439 2854 478 p.
2883 426 3049 468 28⁴.ae
3081 424 3136 468 v.

828 502 911 562 De
955 517 1172 577 genere
1214 498 1553 560 masculino.
1642 498 1945 560 masculini
1993 498 2226 576 generis
2267 501 2535 568 nomina,
2598 517 2748 576 quae
2793 496 3044 559 ablativo
3089 517 3228 558 casu

658 605 887 664 numeri
934 599 1245 680 singularis
1290 622 1323 664 e
1360 601 1551 662 littera
1595 609 1870 681 correpta
1914 601 2302 662 terminantur
2353 609 2410 661 et
2466 607 2660 678 aptota
2717 619 2848 661 esse
2900 617 3018 661 non
3067 619 3240 678 repe·

658 707 923 773 riuntur,
976 705 1121 766 haec
1172 704 1243 765 ad
1294 703 1409 764 hoc
1466 701 1798 782 exemplum
1859 701 2255 764 declinantur:
2321 704 2556 764 numeri
2605 691 2918 778 singularis
2981 701 3080 762 hic
3135 721 3244 780 pes

658 807 829 868 huius
880 805 1045 885 pedis
1106 805 1242 866 huic
1285 805 1419 885 pedi
1476 805 1635 867 hunc
1675 804 1888 883 pedem
1945 823 1980 864 o
2017 822 2124 883 pes
2188 804 2262 865 ab
2311 804 2424 865 hoc
2471 805 2650 883 pede,
2717 806 2948 865 numeri
2990 803 3244 885 pluralis

606 937 631 977 ⁵
660 909 719 969 hi
759 908 940 986 pedes
1003 908 1218 968 horum
1262 907 1475 985 pedum
1541 907 1632 967 his
1674 907 1922 986 pedibus
1992 907 2104 968 hos
2145 907 2325 985 pedes
2389 926 2424 967 o
2465 905 2648 987 pedes
2717 905 2789 968 ab
2835 907 2926 966 his
2964 905 3242 986 pedibus,

658 1030 797 1072 sane
852 1013 911 1070 in
958 1011 1069 1070 hac
1118 1010 1307 1071 forma
1360 1011 1592 1088 generis
1646 1008 1980 1078 masculini,
2036 1027 2150 1088 qua
2193 1009 2447 1070 diximus
2503 1008 2755 1070 ablativo
2810 1025 2952 1070 casu
3005 1009 3245 1069 numeri

658 1111 969 1191 singularis
1009 1112 1247 1172 nomina
1286 1130 1319 1172 e
1360 1111 1556 1172 littera
1598 1111 1822 1173 scilicet
1862 1119 2136 1190 correpta
2175 1113 2500 1181 terminari,
2545 1111 2662 1172 hoc
2703 1129 3032 1180 monemus,
3081 1109 3244 1189 quod

658 1233 1063 1294 quaecumque
1110 1214 1348 1275 nomina
1391 1215 1748 1275 nominativo
1803 1231 1944 1274 casu
2001 1214 2232 1275 numeri
2279 1212 2590 1291 singularis
2639 1213 2732 1274 his
2787 1212 2974 1274 tribus
3019 1213 3236 1273 formis

658 1316 1051 1386 definiuntur,
1098 1317 1153 1377 id
1194 1323 1284 1377 est
1325 1334 1475 1395 copo
1520 1315 1652 1378 exul
1695 1317 1792 1378 sur
1833 1323 1892 1376 et
1935 1321 2128 1376 cetera
2173 1315 2334 1385 talia,
2391 1316 2537 1376 haec
2581 1316 2630 1374 si
2673 1333 2742 1374 ex
2789 1316 3140 1394 sua.specie
3185 1316 3246 1374 iu

586 1438 634 1480 ιο
658 1435 877 1496 genera
918 1419 1193 1480 feminina
1238 1417 1326 1480 vel
1368 1425 1577 1480 neutra
1619 1425 1957 1487 transeunt,
2005 1434 2124 1477 non
2167 1417 2493 1478 secundum
2527 1435 2714 1496 genus
2756 1417 3104 1477 femininum
3155 1414 3246 1476 vel

660 1528 935 1583 neutrum
974 1522 1091 1580 sint
1120 1519 1482 1590 declinanda,
1525 1521 1629 1582 sed
1670 1539 1782 1599 pro
1819 1519 2118 1581 locutione
2159 1519 2611 1599 pronuntianda,
2659 1527 2724 1580 ut
2759 1526 2896 1598 puta
2917 1519 3032 1579 ‘hic
3065 1537 3244 1597 copo,

660 1625 831 1685 ‘haec
874 1621 1085 1684 mulier
1126 1626 1333 1702 copo',
1380 1623 1526 1683 ‘hoc
1574 1624 1930 1701 mancipium
1974 1626 2181 1701 copo';
2227 1623 2430 1699 utique
2475 1639 2595 1681 non
2639 1620 2788 1696 haec
2822 1639 2972 1700 copo
3003 1619 3096 1681 vel
3125 1620 3248 1680 hoc

662 1744 810 1805 copo
856 1724 1177 1787 secundum
1222 1741 1410 1802 genus
1453 1724 1800 1786 femininum
1845 1723 1934 1785 vel
1982 1727 2256 1785 neutrum
2303 1722 2583 1802 declinari
2625 1722 2866 1793 debeat,
2915 1723 3018 1785 sed
3060 1723 3252 1783 ‘haec

662 1827 871 1889 mulier
915 1825 1005 1888 vel
1048 1827 1163 1887 hoc
1206 1828 1561 1905 mancipium
1602 1845 1752 1904 copo
1799 1830 1919 1899 est’
1979 1844 2088 1905 pro
2129 1824 2426 1886 locutione
2479 1842 2638 1886 nunc
2695 1827 2882 1903 accipi
2937 1833 3250 1904 oporteat:

587 1953 635 1994 ιε)
662 1931 747 1991 sic
788 1938 847 1990 el.
888 1928 997 1991 alia
1042 1947 1221 2008 supra
1270 1930 1460 1991 dictae
1512 1930 1766 1998 formae,
1825 1929 1875 1990 si
1919 1947 1990 1990 ex
2045 1947 2150 1989 sua
2197 1929 2396 2007 specie
2447 1929 2506 1987 in
2550 1943 2768 2006 genera
2819 1927 3098 1987 feminina
3155 1925 3254 1986 vel

661 2039 871 2094 neutra
924 2039 1253 2101 transeant,
1314 2039 1432 2093 tam
1492 2048 1743 2093 numero
1801 2029 2084 2107 singulari
2151 2047 2326 2109 quam
2373 2029 2613 2108 plurali,
2674 2037 2738 2090 ut
2792 2030 3071 2099 diximus,
3131 2047 3253 2108 pro

660 2134 957 2196 locutione
999 2135 1113 2196 sint
1152 2133 1612 2211 pronuntianda,
1672 2151 1794 2194 non
1839 2133 2162 2195 secundum
2206 2149 2398 2210 genus
2439 2133 2782 2193 semininum
2827 2131 2917 2192 vel
2965 2139 3254 2192 neutrum

663 2236 1029 2298 declinanda.
1118 2253 1277 2297 nunc
1321 2237 1492 2297 etiam
1536 2237 1653 2297 hoc
1702 2252 2010 2296 monemus
2055 2253 2126 2296 ex
2169 2233 2280 2294 hac
2325 2235 2542 2303 forma,
2601 2252 2716 2313 qua
2761 2234 3013 2296 diximus
3057 2237 3258 2294 nomi·

662 2341 855 2401 nativo
899 2355 1039 2399 casu
1082 2339 1311 2399 numeri
1357 2336 1669 2416 singularis
1706 2341 1948 2416 yeneris
1989 2340 2308 2398 masculini
2346 2337 2582 2397 nomina
2623 2355 2658 2395 o
2702 2334 2894 2396 littera
2937 2337 3256 2396 terminari

584 2461 636 2502 πο
664 2449 723 2502 et
763 2442 821 2501 in
862 2457 1081 2516 genere
1138 2441 1417 2502 feminino
1460 2438 1553 2500 vel
1592 2446 1804 2501 neutro
1857 2457 2102 2500 necesse
2145 2427 2284 2500 ⁶esse
2337 2455 2446 2516 pro
2501 2437 2796 2498 locutione
2853 2437 3254 2515 pronuntiari,

663 2542 823 2622 quod
868 2541 1003 2620 plus
1046 2559 1221 2621 quarn
1267 2541 1500 2602 XXXVI
1545 2544 1706 2611 soni,
1755 2543 1871 2602 hoc
1915 2550 2006 2603 est
2047 2558 2222 2621 quam
2261 2539 2492 2600 XXXVI
2538 2540 2806 2609 nomina,
2851 2557 2972 2600 non
3016 2541 3258 2618 possint

629 2628 949 2707 xexhiberi.
1038 2645 1179 2705 item
1244 2663 1315 2705 ex
1368 2642 1464 2706 illa
1530 2645 1746 2715 forma,
1813 2662 1926 2724 qua
1973 2643 2230 2704 diximus
2285 2644 2520 2718 generis
2576 2641 2888 2702 masculini
2948 2641 3192 2700 nomina
3243 2641 3260 2720 ss

662 2747 1019 2809 nominativo
1064 2763 1203 2806 casu
1254 2746 1487 2806 numeri
1530 2744 1842 2825 singularis
1879 2745 1941 2807 ul
1985 2745 2190 2807 litteris
2229 2743 2458 2805 deliniri
2499 2749 2562 2804 et
2596 2745 2656 2803 in
2701 2761 2920 2822 genere
2961 2743 3260 2803 feminino

663 2849 753 2912 vel
818 2855 1028 2910 neutro
1086 2865 1330 2908 necesse
1389 2865 1519 2908 esse
1574 2865 1685 2926 pro
1743 2846 2038 2909 locutione
2099 2847 2498 2925 pronuntiari,
2553 2846 2668 2907 hoc
2725 2863 3032 2908 monemus
3089 2845 3258 2924 quod

585 2972 637 3013 25
664 2951 797 3032 plus
842 2969 1017 3030 quam
1053 2945 1133 3010 XI
1178 2950 1334 3019 soni,
1388 2949 1503 3010 hoc
1543 2957 1632 3012 cst
1672 2950 1806 3029 plus
1850 2968 2024 3028 quam
2067 2948 2145 3010 xl
2189 2949 2458 3016 nomina,
2517 2965 2634 3008 non
2681 2948 2907 3027 possint
2959 2947 3257 3010 exhiheri.

661 3057 803 3118 item
845 3071 917 3114 ex
952 3052 1065 3113 hac
1096 3052 1303 3122 forma,
1351 3069 1465 3131 qua
1494 3047 1766 3135 dixilmus
1811 3053 2046 3132 generis
2083 3049 2388 3113 masculini
2427 3051 2666 3112 nomina
2707 3050 3062 3111 nominativo
3107 3069 3262 3112 casu

662 3157 895 3218 numeri
934 3154 1247 3232 singularis
1292 3172 1363 3214 ur
1406 3153 1617 3216 litteris
1670 3155 1904 3217 definiri
1959 3160 2018 3215 et
2059 3156 2116 3214 in
2163 3171 2380 3232 genere
2435 3153 2716 3214 feminino
2761 3153 2850 3214 vel
2893 3158 3106 3212 neutro
3147 3170 3260 3212 ne-

664 3275 829 3320 cesse
866 3277 996 3320 esse
1046 3274 1159 3337 pro
1200 3256 1497 3318 locutione
1539 3257 1936 3336 pronuntiari,
1993 3256 2110 3317 hoc
2159 3274 2469 3316 monemus
2515 3255 2674 3334 quod
2735 3253 2868 3333 plus
2921 3271 3102 3332 quam
3148 3254 3260 3314 vll

662 3361 808 3428 soni,
850 3359 966 3421 hoc
1010 3366 1099 3420 est
1133 3377 1311 3436 quam
1347 3357 1445 3418 Vll
1486 3360 1743 3429 nomina,
1782 3376 1900 3419 non
1939 3361 2168 3438 possint
2209 3354 2495 3420 exhiberi.

586 3481 639 3525 ao
834 3460 981 3523 Item
1024 3463 1085 3520 in
1128 3461 1243 3522 hoc
1286 3478 1463 3539 supra
1508 3461 1663 3522 dicto
1713 3479 1932 3540 genere
1975 3478 2380 3540 quaecumque
2421 3459 2659 3519 nomina
2705 3458 3060 3520 nominativo
3107 3476 3262 3519 casu

666 3565 899 3624 numeri
938 3562 1251 3642 singularis
1295 3563 1387 3624 his
1422 3561 1651 3624 duabus
1690 3563 1898 3623 formis
1939 3563 2327 3632 definiuntur,
2380 3561 2440 3622 id
2483 3569 2572 3622 est
2611 3577 2800 3639 nepos
2844 3577 3054 3628 senex,
3103 3558 3264 3621 haec

667 3667 717 3726 si
763 3683 835 3726 ex
890 3683 993 3726 sua
1052 3665 1247 3744 specie
1302 3667 1361 3725 in
1418 3682 1635 3742 genera
1688 3665 1965 3726 feminina
2025 3671 2363 3734 transeunt,
2428 3663 2574 3724 haec
2635 3661 2838 3724 eadem
2890 3661 3130 3722 nomina
3193 3663 3262 3722 in

667 3784 889 3847 genere
939 3766 1219 3828 feminino
1272 3769 1357 3852 sic
1410 3766 1677 3828 anomala
1729 3767 2090 3837 efficiuntur,
2149 3773 2215 3827 ut
2266 3773 2404 3845 puta
2461 3764 2558 3825 hic
2610 3781 2794 3842 nepos
2849 3764 2996 3824 haec
3037 3765 3262 3841 neptis,

668 3869 765 3932 hic
808 3887 989 3932 senex
1028 3868 1174 3931 haec
1220 3886 1386 3930 anus.
1460 3870 1511 3930 si
1552 3889 1691 3932 vero
1732 3870 1879 3932 haec
1915 3869 2120 3932 eadem
2163 3869 2402 3930 nomina
2441 3869 2500 3928 in
2545 3883 2762 3944 genera
2807 3871 3018 3926 neutra
3060 3872 3265 3924 trans-

1750 3959 1770 3990 t

498 3558 525 3582 Ι

802 4101 839 4154 9
873 4100 1001 4151 haec
1028 4100 1073 4150 si
1103 4109 1172 4138 —”
1210 4099 1272 4152 31
1314 4101 1509 4151 numeri
1546 4100 1822 4166 singularis
1854 4104 1904 4152 in
1937 4101 2162 4166 margine
2193 4098 2380 4149 codicis
2415 4097 2680 4161 adscripta
2717 4111 2828 4148 esse
2855 4095 3148 4146 adnotatum
3184 4105 3268 4147 est

664 4175 717 4223 in
748 4171 793 4223 R
960 4171 1017 4222 ll
1062 4171 1154 4221 sed
1190 4185 1283 4237 pro
1321 4171 1575 4222 locutione
1610 4171 1988 4238 pronuntianda
2019 4186 2114 4222 om.
2153 4169 2218 4232 Β,
2254 4169 2378 4222 add.
2412 4168 2462 4218 B
2639 4168 2702 4218 1²
2739 4166 2865 4217 haec
2899 4167 3086 4218 mulier
3125 4182 3262 4232 copo

667 4243 823 4307 (copo
850 4239 924 4304 B)
962 4239 1060 4290 hoc
1090 4242 1400 4306 mancipium
1432 4258 1559 4308 copo
1591 4257 1682 4291 om.
1714 4241 1781 4305 R,
1818 4242 1940 4292 add.
1973 4241 2022 4289 B
2163 4239 2228 4290 14
2265 4253 2397 4287 nnnc
2432 4254 2523 4289 om.
2550 4237 2613 4298 R,
2654 4236 2775 4286 add.
2801 4252 2860 4286 ru
3001 4238 3064 4288 15
3103 4237 3210 4286 alia
3233 4254 3264 4287 v

667 4311 795 4362 aliae
832 4311 879 4361 R
1022 4311 1086 4362 17
1118 4311 1221 4360 sint
1260 4311 1305 4361 R
1343 4319 1461 4362 sunt
1498 4311 1579 4361 rB
1718 4311 1786 4362 19
1821 4311 2027 4376 generis
2065 4308 2332 4359 masculini
2369 4321 2462 4362 om.
2502 4307 2578 4358 Ru
2719 4319 2788 4372 po
2825 4304 3020 4356 litteris·
3044 4309 3266 4358 coniecit

666 4383 833 4434 editor
870 4381 1271 4432 Vindobonensis
1382 4381 1451 4432 20
1489 4397 1603 4431 esse
1639 4379 1685 4431 R
1723 4389 1800 4431 est
1837 4381 1885 4431 B
2021 4382 2086 4432 21
2123 4394 2273 4442 quam
2311 4394 2474 4430 xxxvl
2511 4378 2626 4428 soni
2661 4377 2760 4427 hoc
2789 4385 2868 4438 est
2897 4391 3050 4440 quam
3089 4393 3264 4428 xxxvi

668 4453 875 4502 nomina
909 4451 991 4501 Br
1024 4467 1175 4516 quam
1213 4466 1393 4502 1.xxxn
1430 4453 1543 4500 soni
1578 4450 1678 4502 hoc
1710 4461 1788 4502 est
1823 4467 1972 4515 quam
2011 4465 2150 4502 xxxo
2191 4450 2394 4498 nomina
2431 4448 2476 4497 R
2617 4448 2685 4497 24
2722 4463 2837 4498 esse
2875 4447 2920 4497 R
2953 4457 3031 4497 est
3071 4447 3120 4495 B

668 4523 737 4573 25
774 4536 925 4586 quam
960 4537 1013 4571 xi
1064 4522 1217 4571 sonid
1250 4531 1326 4570 est
1360 4521 1594 4570 undecim
1634 4522 1840 4571 nomina
1873 4521 1923 4570 B
1977 4535 2128 4584 quam
2163 4534 2216 4569 xi
2267 4517 2366 4568 hoc
2401 4528 2477 4568 est
2524 4517 2642 4582 plus
2679 4531 2829 4579 quam
2866 4532 2935 4568 11.
2969 4519 3180 4566 nomina
3217 4517 3265 4567 R

665 4607 765 4641 non
794 4595 923 4642 sacis
956 4598 1103 4642 certa
1136 4592 1320 4642 codicis
1354 4593 1613 4655 scriptura
1653 4593 1705 4642 in
1735 4593 1893 4656 sz'9m's
1924 4603 2236 4640 numerorum
2251 4625 2264 4650 ,
2314 4596 2368 4639 ut
2401 4588 2690 4638 adnotatum
2731 4595 2808 4638 est
2855 4589 2907 4636 in
2942 4587 3266 4653 apogr-aph,

671 4676 822 4726 quam
860 4661 1200 4727 quadraginta
1228 4662 1343 4710 soni
1378 4661 1477 4712 hoc
1516 4670 1595 4711 est
1664 4677 1782 4712 uam
1821 4677 1888 4712 xc
1921 4661 2127 4710 nomina
2160 4677 2190 4708 r
2353 4659 2422 4710 28
2459 4671 2575 4708 esse
2609 4657 2656 4708 R
2693 4667 2770 4707 est
2804 4657 2856 4707 B
2995 4673 3152 4719 quam
3189 4673 3264 4707 vn

671 4731 783 4781 soni
822 4730 921 4780 hoc
953 4741 1029 4782 est
1072 4745 1227 4793 quam
1266 4729 1445 4794 (quam
1482 4747 1573 4782 om.
1666 4732 1688 4794 )
1728 4747 1796 4782 vu
1837 4733 2043 4781 nomina
2079 4729 2160 4779 Br
2217 4745 2370 4794 quam
2407 4743 2456 4779 m
2493 4728 2607 4777 soni
2643 4726 2742 4776 hoc
2775 4734 2853 4782 est
2889 4741 3042 4790 quam
3079 4743 3132 4779 m
3169 4741 3266 4776 no-

672 4801 812 4852 mina
850 4799 895 4850 R
1032 4799 1101 4852 30
1138 4801 1191 4849 in
1224 4816 1315 4850 om.
1352 4801 1415 4865 R,
1452 4801 1577 4852 add.
1609 4800 1659 4849 B
