3434 5442
898 383 1309 446 EXPLANAT.
1358 383 1433 445 ΙΝ
1480 383 1830 446 DONATVM
1879 383 2018 446 LIB.
2067 384 2116 446 ΙΙ
2669 389 2796 452 539

332 488 367 530 s.
394 488 461 531 co.
490 488 567 530 co*
593 489 689 532 eod.
718 489 823 534 ια.

226 567 536 630 masculini
600 571 833 648 generis
886 579 1053 640 sunt,
1111 577 1178 632 ut
1234 571 1403 650 panis
1456 571 1645 632 amnis
1700 571 1855 650 ignis
1901 572 2064 633 canis
2107 572 2288 632 crinis
2330 573 2492 644 finis,
2539 573 2802 654 quamvis

227 669 521 750 Vergilius
563 672 741 734 finem
786 672 1111 736 masculino
1156 680 1217 734 et
1258 673 1541 734 feminino
1585 691 1804 752 genere
1849 673 2090 745 dixerit,
2135 673 2488 746 masculino,
2534 682 2602 736 ut
2645 675 2802 737 ‘hie

226 773 419 834 sinis
463 773 709 835 fandi’
756 781 815 836 et
858 775 1251 856 ‘factoque
1280 775 1403 836 hic
1434 775 1592 836 fine
1622 776 1944 856 quievit’
1977 783 2038 836 et
2085 779 2328 857 ‘quem
2373 775 2502 837 das
2543 777 2801 849 finem,

226 893 363 936 rex
404 891 695 953 magne,
742 875 1145 947 laborum’;
1192 877 1497 947 feminino,
1545 877 1863 939 ut‘haec
1905 877 2084 938 finis
2112 877 2389 960 Prisami
2432 879 2800 940 satorum'

228 985 289 1038 et
334 975 557 1058 ‘quae
602 979 782 1040 finis
825 979 1131 1042 standi’.
2829 994 2854 1032 ⁵

400 1077 487 1141 De
532 1079 825 1158 epithetis.
913 1088 1055 1142 sunt
1094 1083 1224 1142 alia
1266 1079 1495 1142 mediae
1539 1081 2000 1159 significationis,
2045 1081 2107 1142 in
2151 1081 2346 1144 medio
2391 1083 2558 1164 quasi
2601 1083 2806 1164 posita,

226 1188 294 1242 ut
363 1181 437 1242 ad
504 1183 769 1262 quamvis
830 1200 960 1244 rem
1026 1183 1217 1264 possis
1281 1190 1542 1254 vertere,
1624 1190 1689 1244 ut
1759 1183 1930 1245 fortis
1993 1183 2316 1256 exercitus,
2383 1185 2554 1246 fortis
2617 1183 2806 1246 miles.

230 1281 339 1364 [de
396 1282 671 1366 dextris}
745 1287 872 1345 alia
918 1285 1007 1345 ad
1044 1285 1279 1360 aliquid
1328 1282 1583 1364 qualiter
1626 1301 1691 1346 se
1735 1283 2040 1357 habentia,
2099 1293 2165 1348 ut
2206 1285 2309 1347 ubi
2352 1288 2542 1368 posita
2585 1287 2808 1348 suerint

226 1387 315 1446 sic
371 1383 673 1456 dicantur,
728 1393 792 1447 ut
845 1385 1144 1448 dexterior
1198 1387 1569 1448 sinisterior.v
1634 1385 1744 1448 alia
1804 1387 1876 1448 ad
1945 1386 2162 1468 aliquid
2217 1387 2395 1451 dicta:
2473 1405 2645 1450 causa
2701 1396 2808 1460 est,

226 1496 478 1568 propter
532 1505 707 1568 quam
765 1488 1063 1560 dicantur,
1122 1487 1277 1569 quod
1334 1489 1619 1567 sanguine
1677 1496 1778 1550 aut
1833 1486 2028 1569 aliquo
2083 1491 2533 1553 necessitudinis
2575 1489 2808 1552 vinculo
2836 1500 2884 1546 ιο

231 1589 506 1652 videntur
550 1606 680 1650 esse
726 1589 1003 1662 devincti,
1048 1590 1111 1651 id
1156 1600 1247 1652 est
1291 1590 1603 1652 adflnitatis
1646 1591 2100 1671 propinquitate.
2261 1591 2268 1598 ’

402 1691 489 1754 ne
532 1691 886 1772 specialibus
928 1691 1021 1753 vel
1064 1691 1455 1772 generalibus
1543 1691 1798 1773 speciale
1843 1700 1932 1754 est
1975 1693 2130 1773 quod
2177 1694 2249 1755 ad
2293 1713 2476 1756 unum
2521 1695 2810 1776 pertinet;

228 1793 388 1874 quod
433 1794 507 1855 ad
563 1793 1026 1866 multitudinem,
1084 1793 1359 1874 generale
1404 1795 1635 1857 dicitur.
1695 1795 1800 1856 sed
1845 1793 1944 1855 hic
1987 1794 2264 1875 specialia
2307 1794 2381 1858 ab
2425 1796 2622 1878 specie
2667 1796 2813 1858 dixit

232 1894 548 1960 cuiuslibet
591 1897 700 1958 rei.
774 1897 1010 1958 nomina
1057 1896 1209 1958 facta
1256 1895 1329 1958 de
1372 1896 1572 1958 verbo.
1676 1896 1752 1958 ab
1796 1915 1868 1958 eo
1911 1896 2068 1978 quod
2114 1907 2204 1958 est
2246 1896 2380 1977 lego
2421 1897 2562 1960 facit
2602 1897 2811 1972 lector,

230 2018 265 2062 a
310 2007 485 2061 canto
541 2006 778 2069 canton
832 1998 1143 2080 participia
1197 1996 1402 2078 legens
1456 2005 1720 2060 cantans.
1778 1998 1892 2060 hoc
1946 1999 2196 2060 interest
2238 2001 2392 2061 inter
2432 2001 2806 2081 participium
2837 2016 2884 2060 ιε

232 2109 294 2163 et
336 2119 590 2163 nomen:
649 2101 893 2163 demens
948 2099 1139 2163 simile
1194 2106 1284 2161 est
1334 2101 1675 2182 participio,
1733 2100 1840 2162 sed
1895 2117 2016 2162 non
2072 2109 2162 2162 est
2213 2101 2616 2183 participium,
2674 2103 2809 2184 quia

230 2211 467 2283 tempus
512 2220 630 2265 non
676 2202 856 2264 hahet
898 2209 958 2265 et
998 2203 1210 2283 recipit
1238 2203 1750 2284 conparationem,
1795 2219 1946 2283 quae
1989 2219 2108 2264 non
2154 2203 2430 2265 convenit
2469 2203 2810 2284 participiis,

231 2305 482 2367 comedo
526 2304 731 2386 palpo:
788 2306 874 2367 sic
924 2303 1162 2366 vocitati
1216 2311 1356 2365 sunt
1414 2303 1685 2386 quidam..
1744 2306 1832 2366 sic
1875 2312 1936 2365 et
1978 2304 2428 2387 contemplator,
2471 2323 2592 2386 quo
2633 2306 2811 2369 modo

230 2415 677 2488 perseverator:
724 2405 995 2486 Virgilius
1038 2404 1285 2468 verbum
1330 2406 1502 2476 fecit,

537 2507 1089 2589 contemplator
1132 2508 1336 2578 item,
1382 2526 1537 2570 cum
1582 2527 1665 2570 se
1707 2526 1852 2570 nux
1893 2507 2214 2590 plurima
2255 2508 2484 2571 silvis
2837 2523 2889 2566 20

535 2612 797 2673 induet
836 2611 911 2671 in
955 2609 1243 2672 florem.

404 2713 471 2776 ln
543 2713 873 2775 conlatione
944 2711 1165 2792 gradus
1236 2721 1375 2774 sunt
1442 2720 1598 2784 tres,
1664 2711 1996 2786 absolutus,
2064 2713 2167 2795 qui
2221 2719 2310 2774 est
2371 2713 2685 2794 positivus,
2749 2721 2817 2776 ut

232 2818 448 2888 iustus;
509 2815 965 2896 comparativus,
1024 2822 1090 2876 ut
1142 2815 1379 2884 iustior3
1444 2814 1868 2895 superlativus,
1927 2822 1992 2877 ut
2049 2815 2420 2877 iustissimus.
2509 2815 2614 2877 sed
2667 2815 2814 2879 haee

232 2935 355 2982 non
407 2921 471 2980 in
528 2915 803 2979 omnibus
864 2923 1262 2998 perseverant.
1351 2914 1663 2997 aliquando
1720 2917 1875 2977 enim
1919 2917 2148 2997 primus
2191 2923 2418 2978 tantum
2463 2916 2680 2997 gradus
2722 2918 2816 2979 in·

230 3021 499 3093 venitur,
528 3015 557 3105 ΙΙ
588 3029 654 3082 ut
680 3018 1027 3090 mediocris;
1075 3017 1387 3099 aliquando
1432 3021 1872 3099 conparativus,
1920 3025 1986 3080 ut
2014 3019 2205 3080 ocior:
2250 3017 2542 3096 Vergilius
2588 3019 2694 3080 ‘fu
2710 3019 2816 3098 git
2839 3035 2890 3076 25

231 3124 446 3184 ocior
498 3122 760 3191 Euro’;
816 3119 1129 3203 aliquando
1184 3121 1411 3201 primus
1468 3130 1527 3182 et
1582 3120 1907 3190 secundus,
1964 3129 2031 3182 ut
2083 3121 2310 3182 iuvenis
2361 3120 2586 3191 iunior,
2633 3139 2816 3184 senex

232 3225 458 3286 senior.
517 3223 623 3306 [de
676 3241 897 3304 genere
952 3223 1313 3302 conparativi
1370 3221 1617 3304 gradus]
1690 3224 2102 3304 conparativus
2153 3221 2372 3302 gradus
2427 3224 2664 3302 generis
2727 3231 2818 3285 est

234 3344 477 3407 semper
528 3326 891 3395 communis,
946 3332 1015 3387 ut
1066 3325 1167 3386 hic
1222 3333 1283 3387 et
1323 3324 1471 3386 haec
1515 3323 1772 3387 doctior:
1829 3333 2060 3387 tantum
2103 3323 2280 3386 modo
2323 3325 2521 3386 senior
2565 3343 2684 3387 non
2730 3333 2821 3387 est

234 3429 475 3510 generis
519 3429 868 3490 communis.
956 3431 1095 3488 sunt
1139 3426 1237 3506 qui
1292 3425 1496 3488 dicunt
1538 3425 1685 3487 duos
1729 3427 1950 3507 gradus
1996 3445 2124 3488 esse
2169 3427 2631 3507 conparatIonis,
2677 3445 2816 3489 con-

231 3531 560 3612 parativum
617 3537 677 3592 et
728 3526 1179 3608 superlativum:
1236 3529 1338 3608 qui
1381 3528 1585 3590 dicunt
1627 3536 1778 3599 treS,
1835 3527 1990 3590 hanc
2041 3527 2330 3590 rationem
2374 3527 2661 3600 reddunt,
2703 3531 2816 3590 nisi
2843 3545 2895 3587 so

235 3632 417 3693 fuerit
458 3631 771 3712 positivus,
820 3647 949 3692 esse
994 3647 1114 3691 non
1158 3639 1353 3711 potest
1381 3631 1818 3709 conparativus:
1865 3629 1966 3693 alii
1994 3637 2275 3712 quatuor,
2306 3631 2616 3711 positivum
2647 3649 2818 3712 prae-

234 3734 475 3798 lauvum
532 3733 971 3813 conparativum
1034 3742 1093 3794 et
1146 3731 1584 3814 superlativum.
1674 3741 1765 3795 est
1818 3740 2012 3795 autem
2072 3733 2484 3814 conparativus
2536 3752 2702 3806 vere,
2769 3735 2820 3797 si

236 3837 501 3899 dicamus
543 3836 648 3906 sic,
695 3840 853 3896 ‘tam
907 3834 1115 3896 doetus
1170 3834 1269 3896 hic
1323 3851 1499 3916 quam
1554 3832 1722 3897 ille':
1797 3853 1936 3897 nam
1993 3835 2222 3897 doctior
2291 3834 2646 3916 praelativus
2711 3843 2818 3899 est.

236 3937 417 4000 verba
462 3945 522 4000 et
563 3939 871 4019 participia
916 3938 1399 4018 conparationem
1444 3953 1563 3998 non
1618 3935 1942 4019 recipiunt:
2020 3954 2156 3999 nam
2202 3937 2252 3999 si
2295 3939 2666 4018 receperint,
2711 3957 2818 4002 no·

232 4042 393 4104 mina
436 4047 592 4102 sunt.
2841 4057 2892 4100 ³⁵

406 4141 558 4204 Sunt
600 4159 750 4222 quae
793 4160 828 4203 a
858 4141 1101 4204 Graecis
1142 4141 1549 4222 patronomica
1566 4189 1585 4213 ,
1630 4160 1663 4202 a
1708 4139 1880 4204 nobis
1921 4140 2111 4222 patria
2155 4140 2448 4210 dicuntur.
2493 4150 2561 4204 ut
2585 4141 2819 4206 Atrides

410 4347 445 4397 2
480 4343 565 4396 hic
596 4342 736 4413 linis]
786 4345 945 4414 Ver-9.
987 4346 1119 4398 Aen.
1160 4344 1210 4395 X
1248 4345 1349 4397 116
1522 4343 1556 4397 3
1590 4341 1848 4412 factoque]
1897 4347 2056 4411 Vera.
2092 4343 2221 4395 Aen.
2259 4345 2329 4396 111
2363 4342 2468 4400 718
2641 4345 2814 4416 quem]

244 4419 404 4482 Ver-9.
438 4415 572 4468 Aen.
610 4416 632 4466 1
662 4415 761 4467 241
902 4418 937 4467 4
972 4413 1119 4484 haec]
1171 4417 1328 4482 Ver-9.
1364 4415 1497 4470 Aen.
1536 4415 1581 4466 11
1616 4415 1722 4466 554
1887 4417 1920 4467 5
1958 4414 2106 4484 quae]
2144 4415 2303 4482 Vera.
2333 4414 2468 4468 Aen.
2495 4413 2544 4465 V
2575 4413 2681 4468 38⁴

234 4487 271 4540 6
308 4494 425 4537 sunt
459 4485 559 4538 alia
594 4503 690 4541 om.
724 4485 770 4535 L
910 4485 945 4537 8
982 4487 1083 4536 alin
1112 4485 1179 4536 ad
1210 4483 1407 4551 aliquid
1452 4499 1543 4540 om.
1584 4487 1633 4536 L
1776 4485 1840 4537 15
1871 4485 2002 4537 inter
2035 4501 2127 4539 om.
2166 4483 2216 4536 L
2357 4486 2422 4538 18
2453 4483 2608 4554 palpo
2639 4485 2818 4540 Gledo-

235 4561 349 4608 m'us
370 4571 431 4622 p.
472 4555 605 4608 1893
642 4556 815 4624 palmo
851 4555 938 4608 L.-
974 4555 1043 4621 ιγ’.
1083 4555 1235 4607 Pers.
1276 4565 1379 4610 sat.
1412 4557 1465 4619 5,
1507 4555 1607 4608 170
1783 4557 1858 4606 sic
1893 4557 2116 4607 uocitata
2152 4561 2269 4607 sunt
2305 4555 2512 4620 quidam
2547 4568 2597 4606 et
2631 4555 2682 4608 L

239 4627 307 4681 19
334 4624 607 4695 Virgilius]
643 4642 821 4694 aeorq.
850 4627 873 4676 Ι
911 4625 1006 4677 187
1148 4627 1217 4676 22
1254 4625 1515 4678 absolutus
1554 4627 1641 4690 qui
1676 4633 1756 4677 est
1789 4625 1990 4693 positus
2025 4623 2075 4676 L
2177 4623 2245 4675 25
2283 4633 2337 4676 ut
2375 4627 2545 4676 occior
2567 4627 2819 4696 uel-gilius

236 4695 375 4766 fugit
410 4699 579 4748 oceior
616 4712 741 4748 euru
777 4698 863 4747 L:
909 4698 1063 4762 Ver-9.
1101 4695 1235 4750 Aen.
1270 4695 1387 4746 vm
1426 4695 1529 4749 223
1667 4693 1738 4746 28
1776 4711 1876 4746 non
1913 4703 1990 4746 est
2024 4694 2286 4764 genitiuus
2320 4698 2598 4748 communis
2631 4715 2704 4748 ω
2739 4699 2818 4750 di-

236 4776 358 4818 cunt
386 4767 437 4820 L
606 4765 674 4820 30
706 4767 1075 4834 super-latinum
1112 4775 1229 4818 sunt
1264 4765 1350 4844 qni
1387 4765 1560 4816 dicunt
1592 4765 1640 4815 L
1811 4765 1878 4818 31
1925 4764 2288 4833 praelativum]
2323 4765 2596 4818 relativum
2631 4766 2682 4819 L

1170 4845 1271 4875 nam
1385 4833 1449 4876 eci
1480 4839 1606 4874 erunt

238 4889 307 4941 33
342 4896 447 4941 tam
484 4903 579 4940 om.
619 4888 665 4938 L
805 4888 874 4940 34
900 4903 1001 4940 non
1028 4891 1300 4956 recipiunt.
1338 4907 1411 4933 ω
1446 4845 1662 4938 &omina
1700 4897 1816 4949 sunt
1854 4903 1986 4953 qnae
2021 4889 2070 4940 L
