3434 5442
1287 315 1706 417 PRAEFATIO
2012 391 2019 395 -
2541 372 2791 421 xxxvn

219 544 431 619 probat
465 544 674 619 pedem
719 548 841 604 etc.
889 562 1040 604 nam
1085 541 1166 605 de
1219 541 1504 605 numeris
1561 548 1626 605 et
1684 542 2025 607 structuris
2084 544 2394 607 orationis
2448 544 2789 636 §Donatum

223 642 538 727 scripsisse
579 640 758 705 nullo
804 651 1068 707 auctore
1113 652 1386 708 constat.

373 742 520 823 Qua
561 745 810 808 ratione
855 746 1237 831 interpretes
1269 744 1512 810 Donati
1558 746 1624 809 in
1673 745 2073 831 exponendis
2118 756 2183 812 et
2210 748 2615 813 illustrandis
2648 751 2786 814 eius

219 848 562 931 praeceptis
607 847 847 910 versati
893 847 1052 927 sint,
1099 868 1246 911 cum
1291 868 1374 911 ex
1417 848 1897 913 commentariis
1943 849 2009 911 in
2053 847 2177 913 hoc
2220 849 2549 915 volumine
2584 852 2783 923 ‚editis

217 948 498 1033 adparet,
547 956 683 1011 tum
726 950 936 1033 magis
982 970 1066 1013 ex
1109 950 1189 1013 iis
1233 950 1346 1035 qui
1389 957 1614 1030 postea
1656 949 1929 1014 edentur
1968 950 2329 1035 adparebit.
2387 953 2608 1038 itaque
2637 976 2785 1017 cum

214 1050 284 1113 ad
327 1059 666 1136 utramque
710 1060 916 1115 artem
960 1072 1030 1114 se
1073 1050 1506 1137 adplicarent,
1561 1059 1627 1116 et
1671 1050 1755 1117 de
1798 1061 1943 1117 octo
1986 1053 2283 1138 partibus
2329 1054 2636 1119 orationis
2681 1054 2785 1119 bis

91 1170 97 1175 ·
214 1150 698 1235 disputaverunt
738 1163 804 1215 et
846 1152 1100 1239 reliqua
1141 1175 1217 1218 eo
1262 1153 1518 1234 ordine,
1564 1176 1691 1239 quo
1738 1154 1910 1240 apud
1940 1153 2275 1219 Donatum
2320 1156 2564 1241 scripta
2606 1158 2783 1221 inve-

212 1253 490 1332 niebant,
549 1256 875 1339 persecuti
931 1264 1102 1319 sunt.
1201 1276 1594 1342 quamquam
1647 1258 1887 1320 mirum
1942 1278 2069 1320 non
2114 1265 2213 1321 est
2265 1258 2333 1322 in
2388 1256 2556 1322 libro
2602 1280 2783 1345 prae-

211 1355 417 1419 sertim
461 1356 529 1419 in
573 1356 810 1421 scholis
856 1364 1133 1421 tractato
1190 1356 1513 1443 quaedam
1568 1357 1653 1422 ab
1697 1358 1778 1421 iis
1824 1358 1929 1422 vel
1977 1360 2215 1423 omissa
2256 1356 2363 1424 vel
2408 1358 2633 1425 addita
2675 1359 2779 1424 vel

210 1458 381 1521 aliter
423 1458 742 1542 disposita
785 1480 957 1539 esse,
1004 1460 1176 1522 sicut
1201 1460 1267 1521 in
1297 1459 1458 1545 ipsis
1489 1458 1736 1523 Donati
1780 1459 2112 1524 codicibus
2157 1459 2404 1525 factum
2446 1482 2587 1525 esse
2616 1461 2781 1526 vidi-

209 1582 354 1622 mus.
413 1558 742 1646 duplicem
787 1555 1004 1623 autem
1049 1558 1130 1623 de
1175 1568 1320 1624 octo
1365 1560 1661 1644 partibus
1707 1560 2211 1646 disputationem
2244 1587 2283 1627 a
2310 1564 2571 1629 Donato
2600 1565 2781 1627 insti-

209 1670 397 1726 tutam
443 1683 617 1741 esse,
677 1660 949 1724 alteram
1001 1660 1364 1727 breviorem
1412 1669 1478 1726 et
1518 1664 1910 1728 institutioni
1963 1684 2313 1751 puerorum
2369 1664 2777 1748 destinatam,

208 1764 458 1827 alteram
506 1763 864 1827 doctiorem
909 1771 974 1826 et
1014 1785 1164 1827 cum
1205 1762 1460 1849 reliqua
1501 1772 1640 1829 arte
1683 1765 2123 1847 coniunctam,
2178 1765 2397 1831 multis
2443 1766 2779 1833 confirma-

209 1875 425 1929 verunt
465 1865 879 1929 testimoniis.
965 1886 1134 1951 quae
1188 1866 1495 1951 quoniam
1549 1888 1815 1930 causam
1860 1870 2095 1932 erroris
2140 1868 2521 1954 praebuisse
2564 1870 2775 1951 vide0,

207 1976 270 2031 ut
308 1967 717 2052 grammatici
759 1966 999 2032 librum
1041 1966 1288 2031 Donati
1345 1968 1673 2032 diversum
1730 1970 1814 2034 ab
1870 1991 1945 2034 eo
2001 1992 2195 2056 quem
2236 1992 2409 2035 nunc
2461 1970 2777 2036 habemus

207 2067 341 2133 olim
382 2070 624 2154 legisse
667 2067 1115 2149 crederentur,
1164 2068 1445 2155 exempli
1488 2092 1688 2134 causa
1731 2069 2097 2136 adscribam
2141 2072 2333 2153 haec,
2378 2074 2606 2160 Pomp.
2640 2100 2703 2158 Ρ.
2737 2085 2776 2143 4

208 2172 293 2233 ed.
322 2170 516 2235 Lind.
563 2176 796 2235 ideirco
839 2178 1018 2235 etiam
1065 2176 1340 2237 Donatus
1382 2177 1524 2235 inde
1565 2177 1875 2237 inchoavit
1916 2180 1993 2237 ab
2039 2182 2186 2254 ipsis
2217 2180 2507 2255 partibus
2516 2199 2539 2249 ;
2574 2182 2779 2255 perite

205 2284 253 2336 et
289 2278 510 2337 callide
551 2279 817 2337 exclusit
855 2278 966 2337 illa
1011 2280 1212 2337 omnia
1255 2278 1332 2337 de
1373 2294 1547 2352 voce,
1609 2280 1686 2337 de
1740 2280 1944 2339 littera
2003 2286 2069 2339 et
2110 2300 2170 2361 p.
2204 2272 2257 2345 ‘8
2300 2298 2449 2355 erqo
2491 2284 2775 2356 quoniam
2874 2343 2881 2353 ,

205 2380 333 2453 bene
366 2379 526 2452 feeit
575 2379 853 2440 Donatus
897 2386 1088 2439 artem
1131 2380 1300 2441 illam
1339 2382 1612 2456 priorem
1654 2382 1924 2441 seribere
1965 2381 2333 2456 infantibuS,
2373 2388 2774 2459 posteriorem

206 2466 487 2541 omnibus:
533 2487 625 2541 est
667 2482 822 2541 enim
866 2482 1114 2542 robusta
1156 2489 1216 2541 et
1257 2484 1444 2543 utilia
1505 2484 1753 2544 inchoat
1794 2499 1835 2542 a
1875 2485 2095 2544 litteris
2136 2488 2253 2545 ista
2270 2488 2590 2561 particula
2618 2504 2776 2561 quae

205 2583 426 2643 uberior
468 2590 559 2643 est
604 2589 662 2643 et
704 2583 885 2643 habet
925 2590 1286 2661 tractatum,
1345 2579 1527 2645 Serv.
1574 2582 1644 2644 in
1686 2581 1859 2645 Don.
1908 2590 2060 2662 440,
2109 2589 2188 2650 19
2243 2594 2302 2646 et
2354 2594 2559 2648 cetera
2616 2606 2777 2664 quae

203 2686 254 2743 in
291 2686 710 2761 superioribus
753 2685 920 2745 dieta
961 2691 1134 2745 sunt:
1187 2687 1248 2745 in
1288 2688 1730 2761 posterioribus
1774 2689 1927 2747 illud
1970 2688 2189 2763 adicit,
2247 2684 2339 2749 ib.
2386 2695 2540 2767 441,
2588 2695 2667 2757 29
2710 2695 2773 2752 in

202 2790 612 2847 coniunctione
666 2788 823 2847 nihil
872 2790 1120 2863 penitus
1173 2791 1317 2849 novi
1366 2792 1604 2864 posuit,
1673 2792 1783 2849 sed
1836 2792 1924 2850 ita
1979 2790 2079 2850 hic
2132 2794 2291 2852 sieut
2342 2794 2407 2851 in
2461 2795 2773 2868 superiore

195 2896 364 2963 parte
402 2891 727 2963 tractavit,
791 2884 882 2949 ib.
930 2892 1082 2966 443,
1148 2892 1188 2954 9
1241 2893 1306 2950 in
1363 2898 1560 2951 autem
1604 2898 1662 2951 et
1701 2893 1810 2952 sub
1856 2908 1977 2967 qua
2020 2894 2261 2954 ratione
2312 2901 2645 2969 serventur,
2706 2898 2771 2956 in

202 2994 498 3066 superiore
555 2998 684 3051 arte
753 2998 1082 3052 tractatum
1138 2998 1256 3066 est,
1316 2988 1540 3074 Pomp.
1589 3010 1655 3074 p.
1701 2997 1826 3060 359
1877 2996 2174 3071 pleraque
2217 2997 2367 3056 dicit
2409 3012 2565 3071 quae
2608 3003 2665 3056 et
2707 3000 2771 3057 in

201 3096 492 3168 superiore
537 3100 676 3153 arte
717 3096 1093 3167 memoravit,
1133 3096 1440 3169 pleraque
1480 3096 1686 3169 addit,
1736 3091 1826 3155 ib.
1858 3115 1923 3177 p.
1958 3101 2079 3163 369
2123 3098 2238 3158 hoe
2281 3105 2371 3158 est
2411 3100 2577 3174 quod
2619 3101 2767 3174 leoi-

202 3212 314 3255 mus
350 3199 534 3255 etiam
580 3198 644 3256 in
687 3204 824 3255 arte
865 3198 1199 3271 superiore.
1271 3192 1544 3278 adparet
1586 3194 1757 3257 enim
1798 3215 1927 3257 non
1974 3194 2059 3259 ad
2103 3216 2245 3257 eam
2288 3206 2558 3280 partem,
2604 3219 2770 3282 quae

202 3294 256 3356 in
295 3296 534 3358 maiore
582 3292 748 3358 libro
794 3294 1262 3380 expositionem
1306 3296 1588 3380 partium
1645 3297 1940 3381 proxime
1986 3296 2327 3377 antecedit,
2372 3296 2533 3361 haec
2578 3300 2771 3385 perti-

203 3418 360 3477 nere,
407 3396 525 3461 sed
573 3395 662 3460 ad
703 3396 1017 3461 minorem
1063 3395 1411 3460 editionem
1455 3396 1536 3461 de
1578 3405 1723 3463 octo
1764 3396 2061 3484 partibus
2093 3400 2400 3463 orationis
2430 3400 2773 3465 referenda

203 3520 341 3561 esse.
431 3498 548 3563 sed
594 3520 742 3564 cum
798 3505 1066 3584 propter
1118 3496 1522 3584 frequentem
1579 3498 1947 3563 scholarum
2003 3521 2192 3563 usum
2246 3499 2376 3565 alia
2428 3502 2767 3588 quaedam,

204 3620 348 3685 quae
377 3622 418 3665 a
444 3601 712 3665 Donato
743 3608 1025 3664 tractata
1053 3621 1181 3664 non
1211 3608 1428 3681 erant,
1473 3622 1622 3665 cum
1667 3602 1806 3665 eius
1854 3602 2104 3666 artibus
2149 3604 2495 3668 coniuncta
2534 3615 2767 3688 essent,

205 3700 508 3767 interdum
565 3700 728 3767 haec
787 3724 1074 3789 quoque,
1142 3710 1472 3789 tamquam
1526 3702 1775 3768 Dona-ti
1842 3712 2088 3785 essent,
2158 3704 2241 3769 ab
2306 3706 2768 3793 interpretibus

205 3814 440 3889 recepta
495 3812 566 3869 et
620 3804 1098 3869 commentariis
1157 3804 1458 3889 exposita
1512 3814 1682 3868 sunt.
1777 3805 1929 3869 hinc
1982 3806 2287 3870 videntur
2343 3830 2421 3871 ea
2472 3810 2771 3895 profecta

208 3926 362 3986 esse,
420 3928 594 3992 quae
637 3904 932 3970 Iulianus
976 3905 1332 3970 Toletanus
1377 3928 1442 3991 p.
1491 3915 1570 3975 14
1617 3905 1717 3970 ed.
1766 3908 1950 3971 Rom.
1997 3908 2256 3972 Donato
2300 3910 2561 3991 tribuit,
2622 3918 2771 3977 dicit

207 4017 380 4072 lamen
424 4014 735 4085 Donatus,
801 4014 1062 4096 arduum
1106 4018 1196 4071 est
1237 4013 1416 4072 huius
1458 4015 1554 4072 rei
1603 4015 1883 4089 exempla
1926 4017 2224 4089 reperire,
2286 4032 2355 4075 eo
2410 4019 2576 4091 quod
2614 4019 2769 4079 haec

205 4112 384 4172 littera
424 4130 610 4189 saepe
653 4116 814 4173 inter
855 4116 1092 4175 vocales
1131 4118 1330 4190 posita
1374 4116 1593 4187 deficit.
1625 4148 1712 4159 —-
1756 4117 1906 4175 dicit
1949 4117 2248 4190 Donatus,
2300 4118 2581 4180 Latinum
2618 4138 2767 4181 vero

211 4215 262 4270 in
306 4215 416 4275 hac
457 4217 698 4293 syllaba
753 4232 872 4277 non
921 4224 1124 4291 potest
1179 4234 1390 4278 nomen
1446 4218 1724 4277 inveniri.
1770 4252 1857 4262 —-
1900 4218 2177 4279 Donatus
2231 4222 2380 4279 dicit
2434 4227 2501 4280 ut
2555 4224 2618 4281 in
2673 4223 2767 4283 his

211 4314 396 4387 lonyus
435 4320 542 4391 sit,
603 4334 760 4393 quae
803 4334 842 4376 a
886 4321 950 4379 in
989 4321 1255 4393 qenitivo
1313 4324 1456 4378 ante
1511 4321 1783 4380 ultimam
1817 4321 2187 4396 producunt.
2277 4340 2427 4381 nam
2472 4321 2687 4384 omnia
2730 4343 2765 4383 e

215 4416 640 4480 commentario
684 4414 796 4479 illo
842 4416 922 4480 de
969 4415 1240 4502 syllabis
1285 4416 1621 4499 finalibus,
1668 4418 1780 4503 qui
1824 4420 1891 4483 in
1937 4417 2507 4505 explanationibus
2554 4422 2763 4507 Sergii

217 4526 334 4593 post
369 4518 902 4582 commentarium
948 4518 1028 4582 de
1074 4520 1292 4583 littera
1333 4542 1397 4605 p.
1445 4526 1600 4600 522,
1649 4528 1729 4589 12
1783 4530 2077 4601 receptus
2133 4531 2263 4603 est,
2320 4523 2525 4608 petita
2580 4534 2759 4589 sunt:

221 4614 288 4675 cf.
325 4617 482 4682 anal.
527 4640 799 4703 gramm.
846 4620 1130 4686 Vindob.
1175 4644 1240 4706 p.
1291 4631 1434 4692 459.

357 4720 650 4785 Studium
694 4722 938 4787 Donati
981 4725 1285 4788 continuo
1343 4722 1710 4788 scholarum
1764 4746 1890 4788 usu
1943 4735 2403 4813 propagatum,
2467 4730 2635 4793 sicut
2679 4752 2763 4794 ex

221 4836 416 4905 magno
445 4846 710 4891 numero
739 4824 1034 4890 codicum
1067 4834 1132 4889 et
1159 4827 1763 4891 commentariorum
1792 4828 1859 4891 in
1890 4836 2231 4917 utramque
2261 4838 2467 4895 artem
2498 4834 2763 4919 scripto-
