3434 5442
605 330 752 379 x1.11
1685 314 2104 378 PRAEFATIO

603 505 778 569 hunc
819 524 1020 568 unum
1062 502 1219 568 novi
1259 501 1577 582 codicem,
1623 502 1735 589 qui
1775 500 2040 587 quidem
2081 502 2408 588 integrum
2449 501 2687 567 librum
2700 548 2719 583 ,
2765 502 2935 567 sicut
2972 501 3041 564 in
3066 498 3189 565 illo

605 608 884 692 scriptus
929 616 1057 685 est,
1114 604 1443 669 continere
1495 604 1786 685 videtur,
1840 603 2132 669 codicem
2186 604 2340 669 olim
2382 603 3011 683 Meermannianum,
3068 603 3193 689 qui

605 709 718 774 ubi
763 731 935 774 nunc
978 706 1182 771 lateat
1221 708 1468 773 nescio:
1529 705 2025 792 descriptionem
2070 705 2311 772 codicis
2356 728 2505 771 cum
2548 706 2873 791 excerptis
2916 705 3191 791 quibus-

603 916 710 951 cum
747 901 907 951 actiui
937 898 1082 949 uerbi
1113 924 1183 933 —
1217 898 1257 948 f.
1285 894 1382 949 51*
1419 899 1469 947 in
1505 899 1674 948 aliena
1708 897 1879 961 linyua
1914 911 2015 946 non
2042 896 2201 959 facile
2237 896 2645 959 transferuntur:
2682 895 2749 945 de
2774 895 3023 961 partibus
3059 910 3189 946 ors.-

603 986 770 1036 tionis
807 983 1104 1035 secundum
1139 983 1425 1036 Isidorum.
1449 978 1474 1049 1}
1496 982 1537 1032 f.
1563 980 1662 1032 51*
1699 983 1779 1033 De
1812 981 2144 1032 barbarismo.
2196 981 2327 1043 Quid
2360 990 2437 1032 est
2470 981 2811 1031 barbarismus
2844 1008 2913 1015 —
2947 981 2985 1030 f.
3012 981 3077 1029 62
3114 980 3187 1029 de

601 1070 975 1121 schematibus
1012 1077 1098 1119 aut
1133 1084 1166 1118 a
1201 1068 1350 1119 rebus
1383 1070 1578 1132 infflvcis
1612 1074 1699 1117 aut
1735 1083 1768 1116 a
1801 1066 1952 1117 rebus
1983 1066 2225 1131 paribus:
2261 1070 2526 1132 excerpta
2562 1081 2629 1116 ex
2665 1065 2942 1131 Pompeio.
2967 1058 2993 1131 Η
3016 1066 3054 1115 f.
3080 1064 3189 1115 62*

605 1156 781 1207 Oratio
818 1157 1020 1222 quando
1053 1180 1122 1190 —-
1158 1156 1385 1220 quotiens
1419 1154 1490 1203 ibi
1522 1154 1646 1203 sinit
1687 1167 1867 1202 sensim
1900 1151 1985 1201 ubi
2012 1168 2109 1217 pes
2143 1153 2264 1201 sinit
2298 1152 2543 1217 explicit:
2588 1150 2655 1202 de
2700 1152 2951 1201 oratione
2996 1156 3052 1200 et
3085 1166 3191 1215 pe-

601 1240 770 1292 riodo.
791 1234 818 1307 H
842 1240 881 1292 f.
918 1236 1020 1289 62*
1055 1241 1235 1304 incipit
1271 1240 1334 1289 de
1377 1238 1495 1288 VII
1539 1236 1736 1288 artibus
1770 1236 2061 1287 liberalibus
2096 1240 2207 1303 quis
2240 1239 2307 1287 sit
2335 1237 2669 1303 philosophus
2702 1242 2753 1286 et
2787 1252 2880 1286 cur
2912 1236 2987 1286 sic
3020 1237 3191 1286 dicam

601 1354 669 1363 —-
705 1326 746 1376 f.
784 1322 884 1376 65*
920 1331 974 1374 ut
1006 1325 1264 1390 sapientia
1299 1325 1497 1375 bomini.
1531 1319 1555 1390 ΙΙ
1587 1322 1627 1373 f.
1665 1323 1732 1373 66
1777 1323 1954 1387 incipit
1996 1338 2085 1371 ars
2125 1322 2294 1385 socae.
2346 1322 2455 1371 Ars
2496 1337 2607 1371 mea
2640 1347 2711 1356 —
2743 1321 2783 1372 f.
2819 1323 2884 1373 78
2918 1330 2971 1371 et
3003 1322 3080 1371 Itis
3113 1322 3193 1371 si-

601 1414 738 1463 milia
781 1412 993 1477 explicit
1039 1426 1128 1461 ars
1167 1410 1286 1474 foce
1331 1415 1489 1474 qri’tm.
1535 1410 1598 1458 de
1644 1410 1839 1461 nomine
1875 1414 1925 1457 et
1960 1407 2134 1460 uerbo.
2166 1402 2191 1473 ΙΙ
2225 1407 2264 1459 f.
2306 1408 2368 1457 78
2407 1407 2609 1457 Genera
2651 1406 2916 1457 uerborum
2961 1408 3193 1473 quamuis

603 1499 817 1563 quinque
852 1523 921 1530 —
951 1496 1184 1560 propriis
1215 1496 1445 1546 seruiunt
1479 1494 1678 1544 casibus
1713 1494 1955 1557 explicit.-
1992 1491 2059 1541 de
2098 1492 2394 1557 generibus
2429 1485 2715 1557 verbi.ssf.
2756 1488 3010 1543 78-80*
3046 1492 3189 1541 Pru-

601 1581 778 1632 dentii
800 1581 1032 1646 hymnus
1057 1564 1116 1629 in
1137 1579 1432 1631 Eulaliam.
1459 1576 1483 1646 ΙΙ
1505 1579 1546 1629 f.
1571 1575 1673 1629 80*
1713 1578 2077 1628 Grammaticae
2112 1578 2257 1627 initia
2280 1576 2343 1627 ab
2368 1580 2623 1629 elementis
2656 1584 2869 1644 surgunt
2890 1603 2956 1611 —
2981 1576 3019 1626 f.
3049 1574 3189 1627 123*

603 1669 803 1733 inteyer
834 1674 1101 1732 permanet
1135 1668 1350 1730 explicit
1360 1682 1378 1715 .·
1417 1668 1682 1729 excerpts.
1710 1678 1778 1713 ex
1804 1660 2055 1713 Chat-isio
2078 1661 2345 1713 Diomede
2371 1662 2678 1723 Priscinno,
2709 1663 2779 1714 cf.
2804 1660 2915 1714 vol.
2942 1662 2969 1711 1
3004 1662 3191 1725 praef.

601 1770 654 1818 p.
692 1750 895 1801 XVIII.
920 1744 945 1817 {l
968 1751 1007 1801 f.
1049 1748 1180 1801 123*
1218 1750 1412 1815 Incipit
1445 1749 1586 1800 beati
1616 1748 1799 1799 isidori
1831 1748 2062 1812 episcopi
2097 1749 2161 1797 de
2190 1747 2427 1812 partibus
2462 1750 2726 1800 orationis.
2772 1748 2965 1798 Nomen
2998 1747 3193 1797 dictum

603 1844 680 1887 est
713 1863 781 1871 -
815 1836 855 1887 f.
896 1834 1026 1887 125*
1059 1836 1376 1900 gloriandus.
1409 1828 1434 1901 ss
1467 1834 1508 1885 f.
1549 1829 1680 1884 125*
1717 1832 2080 1883 Barbarismus
2124 1840 2203 1883 est
2235 1848 2335 1883 una
2364 1848 2495 1897 pars
2531 1861 2597 1869 —
2631 1834 2673 1884 f.
2712 1835 2807 1885 127
2843 1830 3194 1885 barbarismus

603 1925 716 1972 iure
751 1922 965 1971 dicitur.-
1003 1920 1071 1971 de
1107 1920 1450 1971 barbarismo
1489 1923 1546 1969 et
1581 1916 1926 1968 soloecismo.
1952 1912 1977 1983 ΙΙ
2000 1917 2037 1967 f.
2068 1918 2161 1967 127
2200 1919 2278 1968 De
2308 1918 2491 1982 formis·
2525 1919 2790 1970 uerborum
2822 1945 2890 1953 —
2922 1916 3193 1983 rapiebam

603 2008 836 2073 explicit.
859 2001 885 2072 {l
909 2006 948 2055 f.
981 2007 1074 2055 127
1115 2006 1272 2056 Casus
1308 2006 1551 2056 nominum
1583 2010 1699 2055 sunt
1733 2018 1831 2053 sex
1864 2028 1933 2038 —-
1967 2003 2008 2055 f.
2035 2004 2132 2054 138
2168 2011 2363 2053 acutum
2398 2011 2448 2053 et
2483 2005 2879 2069 circmnflexum:
2919 2004 3191 2066 excerpta.

606 2108 670 2142 ex
707 2091 988 2157 Pompeio.
1024 2094 1150 2157 post
1195 2090 1234 2143 f.
1274 2092 1371 2141 135
1419 2103 1558 2139 unus
1602 2089 2044 2139 membranarum
2080 2089 2406 2153 quaternio,
2446 2090 2541 2153 qui
2574 2089 2685 2139 fuit
2719 2104 2943 2138 numero
2979 2086 3191 2137 duode-

603 2177 898 2227 vicesimus
933 2174 1106 2227 deest.
1141 2170 1166 2241 ΙΙ
1197 2176 1238 2227 f.
1279 2174 1408 2225 138*
1453 2176 1607 2239 incip.
1655 2189 1902 2224 caesurae
1935 2188 2181 2224 uersuum.
2238 2174 2497 2225 Caeeurae
2530 2190 2763 2225 uersuum
2794 2180 2913 2225 sunt
2946 2179 3195 2238 quattuor

602 2289 670 2297 -
705 2261 744 2313 f.
772 2258 903 2311 140*
937 2266 1056 2311 sunt
1089 2262 1270 2325 uiginti
1301 2268 1435 2311 octo.
1484 2261 1696 2323 explicit
1720 2258 1973 2324 feliciter:
2012 2259 2083 2310 cf.
2110 2258 2267 2309 Mau.
2293 2258 2561 2311 Theodor.
2590 2258 2673 2312 ed.
2696 2258 3014 2324 Heusinger
3037 2272 3091 2322 p.
3114 2258 3193 2308 85

605 2347 678 2413 (p.
717 2348 816 2398 577
856 2345 939 2396 ed.
979 2343 1200 2409 Gaisf.).
1225 2340 1250 2412 ΙΙ
1273 2344 1312 2395 f.
1353 2341 1483 2395 140*
1519 2345 1672 2409 incip.
1709 2346 1847 2395 malli
1880 2344 2117 2395 theodori
2149 2346 2213 2395 de
2246 2347 2435 2397 metris.
2494 2344 2745 2395 Dubitare
2779 2370 2848 2380 —-
2881 2343 2922 2396 f.
2960 2344 3057 2393 145
3090 2358 3191 2393 ea>

602 2434 821 2483 istiment
848 2434 966 2495 sinit
999 2430 1127 2481 liber
1159 2432 1297 2481 malli
1330 2430 1564 2481 theodori
1596 2432 1660 2481 de
1695 2432 1870 2480 metris
1904 2432 2013 2493 le9e
2050 2432 2136 2496 qui
2168 2432 2313 2494 cupis
2344 2430 2583 2493 feliciter.
2629 2430 2792 2495 incip.
2824 2429 3191 2494 grammaticae

602 2520 733 2567 artis
777 2518 978 2567 nomina
1021 2532 1172 2581 prece
1215 2522 1266 2565 et
1310 2518 1464 2565 latine
1508 2522 1707 2565 notata.
1775 2516 2019 2566 Poeticus·
2062 2514 2190 2565 liber
2222 2542 2290 2549 —
2324 2515 2363 2565 f.
2402 2516 2498 2565 146
2536 2517 2816 2565 tetracolon
2854 2514 3191 2579 quadrimem-

602 2604 736 2652 bris:
774 2601 844 2651 cf.
882 2600 1039 2652 Man.
1076 2599 1344 2651 Theodor.
1385 2599 1472 2653 ed.
1505 2600 1825 2665 Heusinger
1857 2615 1908 2664 p.
1948 2600 2011 2649 81
2060 2595 2135 2663 (p.
2174 2602 2275 2650 574
2313 2598 2395 2653 ed.
2432 2598 2652 2661 Gaisf.).
2688 2595 2712 2665 H
2744 2600 2783 2649 f.
2823 2596 2953 2648 146*
2992 2598 3195 2662 Incipit

603 2690 667 2739 de
700 2685 1030 2751 ponderibus.
1083 2686 1328 2736 Pondera
1373 2701 1464 2735 seu
1506 2686 1702 2735 maiora
1735 2711 1805 2719 -
1838 2686 2017 2749 incipit
2061 2686 2124 2734 de
2170 2684 2433 2735 mensuris·
2480 2684 2747 2749 Amphora
2780 2700 2873 2734 uas
2906 2709 2975 2719 —-
3008 2683 3047 2736 f.
3086 2685 3191 2733 148

598 2788 776 2837 gomor
811 2772 949 2837 quod
981 2772 1168 2820 dicitur
1201 2771 1322 2821 oliui
1353 2772 1452 2823 ool.
1483 2772 1598 2833 finit
1631 2770 1694 2819 de
1728 2771 1993 2820 mensuris.
2028 2764 2053 2837 ss
2083 2768 2123 2821 f.
2165 2770 2261 2819 148
2296 2769 2494 2834 Incipit
2527 2776 2675 2820 notas
2710 2771 2835 2819 iuris
2860 2794 2937 2813 .--
2972 2767 3012 2820 f.
3052 2765 3191 2818 153*

607 2855 1024 2907 Ζεη.Ζεηοὸίω.
1069 2853 1321 2918 sequitur
1354 2855 1394 2905 f.
1435 2856 1533 2905 154
1579 2852 1883 2921 explicatio
1927 2854 2243 2904 litterarum
2280 2854 2479 2918 quibus
2524 2854 2737 2903 numeri
2771 2852 3191 2919 significantur:

606 2942 679 2993 cf.
729 2945 979 2991 notarum
1029 2939 1224 2992 latere.
1273 2939 1356 2988 ed.
1403 2938 1702 2990 Mommsen
1749 2956 1803 3004 p.
1840 2940 1956 2992 315.
1996 2936 2021 3006 ll
2058 2940 2099 2990 f.
2141 2936 2271 2989 154*
2318 2939 2489 3003 Incip.
2527 2941 2591 2989 de
2641 2940 2775 2989 notis
2807 2941 3189 2991 sententiarum.

607 3029 896 3077 Praeterea
931 3026 1179 3091 quaedam
1211 3050 1280 3059 ——
1315 3024 1354 3075 f.
1395 3024 1523 3075 155*
1561 3026 1839 3076 inuenerit:
1874 3024 2119 3075 Isidorus
2156 3024 2224 3075 de
2260 3026 2424 3076 notis.
2446 3019 2471 3091 Η
2503 3024 2541 3076 f.
2581 3020 2713 3075 155*
2748 3024 2828 3074 De
2859 3023 3191 3088 9eornetrica.

602 3113 805 3177 Digitus
847 3109 998 3161 habet
1032 3136 1100 3145 —-
1133 3109 1175 3161 f.
1215 3110 1312 3161 156
1355 3112 1462 3160 siue
1503 3126 1817 3175 parasanya.
1852 3105 1875 3176 ΙΙ
1909 3109 1947 3160 f.
1988 3108 2119 3161 156*
2166 3110 2337 3174 Incip.
2380 3126 2509 3174 pars
2550 3109 2724 3173 serqii.
2782 3108 2893 3159 Ars
2935 3110 3075 3159 dicta
3118 3134 3191 3142 —-

603 3198 642 3248 f.
681 3194 814 3247 170*
858 3212 1045 3247 comma
1087 3210 1287 3245 caesum
1331 3194 1371 3246 f.
1411 3197 1504 3246 171
1552 3197 1767 3260 explicit
1812 3197 1941 3245 artis
1995 3196 2174 3247 donati
2230 3196 2427 3260 primae
2480 3196 2881 3243 commentarium
2931 3210 2965 3243 a
3011 3196 3187 3244 ser-uio

600 3284 794 3348 factum
827 3284 1086 3347 expletum
1109 3288 1214 3331 est.-
1253 3278 1432 3331 Servii
1471 3280 1897 3331 commentarius
1932 3280 1991 3329 in
2026 3280 2303 3331 Donatum
2340 3294 2391 3345 p.
2428 3279 2729 3342 405-428,
2766 3280 2798 3328 6
2832 3276 2857 3345 Η
2892 3278 2973 3329 De
3008 3294 3193 3327 accen-

604 3368 748 3419 tibus.
799 3368 1056 3417 Accentue
1089 3366 1198 3415 siue
1235 3372 1382 3415 tonos
1413 3392 1484 3401 —
1517 3372 1600 3416 ast
1634 3381 1727 3429 epo
1770 3380 1901 3430 quae
1938 3366 2098 3415 divum
2130 3364 2332 3417 incedo,
2362 3360 2386 3429 Ι]
2422 3363 2461 3413 f.
2502 3365 2596 3414 171
2642 3366 2797 3428 incip.
2844 3365 2909 3414 de
2948 3363 3192 3429 partibus

602 3454 854 3504 orationis
887 3452 1017 3501 artis
1052 3452 1230 3501 donati
1271 3451 1540 3503 secundae.
1600 3451 1748 3501 Duae
1792 3457 1907 3501 sunt
1941 3475 2010 3484 ——
2044 3450 2085 3500 f.
2123 3448 2220 3499 183
2264 3450 2623 3515 multorumque
2667 3449 2907 3501 librorum
2946 3450 3191 3513 fecerunt

603 3540 643 3589 f.
684 3533 817 3588 183*
852 3536 1252 3586 commentarium
1285 3537 1336 3585 in
1372 3541 1488 3584 arte
1521 3535 1700 3586 donati
1742 3536 1967 3599 priorem
2002 3535 2231 3599 expleuit
2264 3534 2505 3597 magister
2538 3534 2764 3585 ser-uiue.-
2812 3533 2995 3585 Servii
3040 3549 3189 3584 com-

603 3622 910 3672 mentarius
949 3622 1008 3669 in
1041 3620 1320 3669 Donatum
1354 3636 1410 3685 p.
1445 3620 1565 3681 428,
1602 3621 1631 3669 7
1651 3646 1716 3653 -
1738 3616 1854 3669 448.
1886 3615 1911 3685 ΙΙ
1952 3618 1991 3668 f.
2031 3616 2162 3670 183*
2201 3618 2370 3683 Incip.
2407 3620 2471 3669 de
2506 3618 2738 3683 partibus
2772 3620 3021 3671 orationis
3056 3623 3193 3669 artis·

603 3707 856 3758 secundae
890 3706 1085 3756 donati.
1149 3704 1325 3755 Oratio
1363 3706 1500 3755 dicta
1535 3711 1612 3754 est
1644 3730 1712 3739 ·-
1749 3704 1789 3753 f.
1816 3706 1912 3753 221
1948 3719 2047 3768 pro
2081 3705 2253 3768 pudor
2286 3710 2337 3753 et
2370 3706 2599 3769 reliqua:
2637 3708 2901 3769 excerpts.
2938 3720 3003 3754 ex
3027 3704 3189 3754 Pom—

605 3792 751 3856 pei0.
783 3786 807 3857 Ι]
842 3790 880 3843 f.
919 3791 1015 3839 221
1063 3787 1300 3839 Scemata
1340 3792 1588 3840 dianoeas
1635 3806 1765 3856 quae
1800 3790 1872 3839 ad
1919 3790 2153 3840 rhetores
2183 3791 2464 3855 pertinent.
2510 3788 2725 3852 Inerqia
2759 3796 2840 3839 est
2870 3816 2939 3824 —
2972 3789 3011 3841 f.
3050 3787 3188 3839 224*

605 3877 1006 3941 uituperationes·
1039 3890 1111 3925 ex
1145 3877 1406 3927 contrario
1451 3876 1670 3925 ducimus
1704 3876 1830 3939 pari
1871 3875 2102 3938 ratione:
2148 3872 2425 3925 anecdota
2461 3874 2741 3925 rhetorica.
2776 3873 2860 3923 ed.
2896 3873 3189 3946 Eckstejm

607 3961 680 4012 cf.
717 3960 858 4013 rhet.
895 3961 1023 4013 Lat.
1061 3959 1142 4009 ed.
1181 3957 1346 4009 Halm
1383 3976 1434 4025 p.
1474 3962 1535 4010 71
1575 3962 1718 4036 erp.
1746 3958 1863 4011 587.
1886 3953 1911 4024 ss
1954 3959 1993 4008 f.
2031 3960 2131 4009 224
2178 3961 2255 4011 oe
2293 3960 2473 4025 figuris
2518 3962 2601 4009 uel
2643 3959 2942 4009 scematibus
2984 3942 3189 4009 coza-⁶2·-

604 4055 706 4097 tum
737 4073 807 4081 —
842 4045 881 4098 f.
919 4041 1052 4095 228*
1090 4046 1298 4095 auxerit
1346 4047 1479 4094 illum
1513 4046 1685 4109 expl.:
1726 4058 1947 4093 carmen
1982 4042 2050 4095 de
2086 4042 2274 4110 figuris
2296 4081 2309 4103 ,
2345 4044 2484 4093 rhet.
2522 4043 2648 4096 Lat.
2688 4042 2773 4097 ed.
2810 4044 2976 4093 Halm
3012 4060 3065 4109 p.
3102 4044 3189 4093 63.

605 4130 623 4197 ΙΙ
662 4132 699 4183 f.
737 4127 870 4183 228*
910 4130 1144 4195 Quisquis
1179 4130 1436 4191 rhetorico
1471 4156 1539 4165 ——
1575 4130 1616 4179 s.
1653 4124 1787 4179 251*
1824 4130 2125 4180 necessitate
2168 4138 2447 4179 excusata:
2490 4128 2883 4179 Fortunatiani
2928 4143 3020 4178 ars
3062 4128 3189 4177 rhe-

605 4216 784 4267 torica
829 4214 1042 4265 duobus
1087 4214 1368 4280 capitibus
1415 4214 1484 4264 de
1528 4214 1763 4265 historia
1812 4218 1866 4264 et
1902 4212 1969 4264 de
2007 4214 2259 4279 epistolis
2294 4214 2353 4263 in
2387 4214 2495 4263 fine
2532 4218 2717 4276 aucta,
2755 4214 2896 4265 rhet.
2934 4213 3063 4262 Lat.
3100 4212 3186 4263 ed.

605 4300 774 4350 Halm
811 4316 864 4364 p.
903 4300 965 4349 81
1005 4305 1061 4349 et
1097 4316 1148 4365 p.
1185 4300 1302 4349 588.
1329 4295 1352 4364 ss
1375 4300 1415 4349 f.
1452 4296 1586 4349 251*
1625 4298 1862 4363 Emporii
1894 4302 2121 4350 oratoris
2155 4301 2219 4349 de
2255 4300 2507 4363 ethopeia.
2546 4300 2665 4349 Etsi
2696 4300 2949 4351 adlocutio
2988 4302 3095 4349 etc.
3121 4326 3190 4334 —

607 4386 647 4438 f.
685 4386 812 4435 259:
848 4385 923 4435 ib.
959 4400 1013 4450 p.
1049 4386 1146 4435 561
1188 4387 1244 4433 et
1278 4400 1329 4449 p.
1367 4385 1484 4435 585.
1527 4380 1550 4449 Η
1591 4384 1631 4435 f.
1668 4382 1802 4433 259*
1840 4384 2007 4448 Incip.
2042 4386 2544 4449 praeexercitamina
2573 4386 2826 4450 prisciani
2856 4385 3187 4449 qrammatici.

607 4470 687 4519 De
718 4470 898 4532 fabula
932 4495 1000 4527 -,
1035 4468 1076 4521 f.
1113 4467 1246 4520 265*
1284 4472 1548 4536 inglorium
1581 4476 1658 4517 est
1695 4470 1923 4533 explicit.
1950 4464 1974 4535 Η
1998 4469 2035 4517 s.
2074 4470 2173 4518 266
2197 4470 2276 4518 De
2312 4470 2580 4520 dialectica
2614 4496 2682 4504 —
2720 4470 2759 4521 f.
2798 4472 2896 4520 272
2933 4471 3054 4533 legit
3089 4476 3193 4519 ter·

608 4556 726 4604 tium
761 4554 883 4603 nihil
913 4552 1079 4605 habet.
1115 4557 1346 4620 explicit.
1371 4550 1398 4622 1]
1419 4555 1458 4604 f.
1484 4555 1582 4603 272
1621 4555 1698 4604 De
1715 4556 1899 4617 siparis
1923 4569 2233 4604 numerorum
2258 4570 2383 4619 quos
2406 4556 2737 4621 antiquissimi
2758 4554 2944 4605 liabent
2968 4556 3189 4605 codices.

609 4638 876 4689 Sciendum
909 4664 978 4674 —-
1011 4638 1051 4687 f.
1090 4641 1189 4690 276
1225 4640 1420 4689 libella:
1455 4638 1779 4690 Prisc-ianus
1816 4638 1882 4688 de
1922 4638 2109 4704 figuris
2145 4654 2511 4702 numerorum,
2550 4640 2623 4689 ci.
2661 4638 2773 4690 vol.
2808 4639 2889 4689 111
2924 4656 2975 4705 p.
3014 4640 3133 4691 388.
3172 4636 3191 4701 ΙΙ

612 4724 646 4773 f.
687 4724 787 4774 276
833 4725 912 4773 De
955 4730 1228 4789 temporum
1269 4724 1499 4774 ratione:
1559 4724 1632 4774 cf.
1678 4724 1980 4774 Mommsen
2024 4724 2237 4774 Ztschr.
2284 4726 2321 4773 f.
2368 4724 2505 4773 AW.
2553 4724 2591 4774 l.
2632 4739 2677 4772 c.
2725 4740 2777 4789 p.
2816 4725 2899 4774 81.
2942 4720 2965 4789 ΙΙ
3008 4723 3047 4773 f.
3086 4726 3187 4775 289

609 4810 788 4861 Prima
822 4816 934 4859 etas
973 4816 1050 4859 est
1085 4808 1148 4858 ab
1189 4809 1339 4859 adam
1379 4835 1445 4843 —
1481 4810 1520 4859 f.
1559 4806 1694 4860 290*
1744 4808 1985 4861 Eraclius
2019 4828 2136 4863 ann.
2182 4810 2365 4859 XVII
2404 4810 2549 4859 liuius
2592 4810 2793 4873 imperii
2828 4809 3017 4859 XIIII
3054 4826 3189 4860 anno
