<?xml version="1.0" encoding="UTF-8"?>
<!DOCTYPE html PUBLIC "-//W3C//DTD XHTML 1.0 Transitional//EN"
    "http://www.w3.org/TR/xhtml1/DTD/xhtml1-transitional.dtd">
<html xmlns="http://www.w3.org/1999/xhtml" xml:lang="en" lang="en">
 <head>
  <title>
</title>
<meta http-equiv="Content-Type" content="text/html;charset=utf-8" />
  <meta name='ocr-system' content='tesseract 3.04.00' />
  <meta name='ocr-capabilities' content='ocr_page ocr_carea ocr_par ocr_line ocrx_word'/>
</head>
<body>
  <div class='ocr_page' id='page_1' title='image "./grammaticilatin01unkngoog_0126.png"; bbox 0 0 3434 5442; ppageno 0'>
   <div class='ocr_carea' id='block_1_1' title="bbox 963 297 2809 362">
    <p class='ocr_par' dir='ltr' id='par_1_1' title="bbox 963 297 2809 362">
     <span class='ocr_line' id='line_1_1' title="bbox 963 297 2809 362; baseline -0.001 -2"><span class='ocrx_word' id='word_1_1' title='bbox 963 297 1360 360; x_wconf 78' lang='lat' dir='ltr'>INSTITVTA</span> <span class='ocrx_word' id='word_1_2' title='bbox 1406 297 1692 362; x_wconf 78' lang='lat' dir='ltr'><strong>ARTIVM</strong></span> <span class='ocrx_word' id='word_1_3' title='bbox 1744 299 1764 357; x_wconf 89' lang='grc'>1</span> <span class='ocrx_word' id='word_1_4' title='bbox 1787 299 1804 357; x_wconf 93' lang='grc'>1</span> <span class='ocrx_word' id='word_1_5' title='bbox 1829 299 1848 357; x_wconf 86' lang='lat' dir='ltr'><strong>l</strong></span> <span class='ocrx_word' id='word_1_6' title='bbox 1868 333 1938 343; x_wconf 92' lang='lat'>—</span> <span class='ocrx_word' id='word_1_7' title='bbox 1956 297 2067 360; x_wconf 81' lang='lat'><strong>121</strong></span> <span class='ocrx_word' id='word_1_8' title='bbox 2729 297 2809 360; x_wconf 79' lang='lat'><strong>65</strong></span> 
     </span>
    </p>
   </div>
   <div class='ocr_carea' id='block_1_2' title="bbox 268 411 2812 569">
    <p class='ocr_par' dir='ltr' id='par_1_2' title="bbox 268 411 2812 569">
     <span class='ocr_line' id='line_1_2' title="bbox 430 411 2708 455; baseline 0 -1"><span class='ocrx_word' id='word_1_9' title='bbox 430 414 545 455; x_wconf 77' lang='lat'>²3-·1</span> <span class='ocrx_word' id='word_1_10' title='bbox 600 413 651 454; x_wconf 75' lang='lat' dir='ltr'><strong>a.</strong></span> <span class='ocrx_word' id='word_1_11' title='bbox 2427 439 2440 452; x_wconf 93' lang='lat'><em>.</em></span> <span class='ocrx_word' id='word_1_12' title='bbox 2545 413 2623 454; x_wconf 64' lang='grc' dir='ltr'><strong>,ιι</strong></span> <span class='ocrx_word' id='word_1_13' title='bbox 2653 411 2708 455; x_wconf 82' lang='grc' dir='ltr'><strong>ν.</strong></span> 
     </span>
     <span class='ocr_line' id='line_1_3' title="bbox 268 412 2812 569; baseline -0.001 -23"><span class='ocrx_word' id='word_1_14' title='bbox 268 495 313 546; x_wconf 74' lang='lat' dir='ltr'><strong>u</strong></span> <span class='ocrx_word' id='word_1_15' title='bbox 343 415 469 564; x_wconf 49' lang='lat' dir='ltr'><strong>gutta</strong></span> <span class='ocrx_word' id='word_1_16' title='bbox 524 415 619 544; x_wconf 49' lang='lat' dir='ltr'><strong>bbic</strong></span> <span class='ocrx_word' id='word_1_17' title='bbox 664 503 893 564; x_wconf 77' lang='lat' dir='ltr'><strong>pauper</strong></span> <span class='ocrx_word' id='word_1_18' title='bbox 949 485 1125 546; x_wconf 89' lang='lat' dir='ltr'><strong>buius</strong></span> <span class='ocrx_word' id='word_1_19' title='bbox 1170 487 1467 563; x_wconf 65' lang='lat' dir='ltr'><strong>pauperis..</strong></span> <span class='ocrx_word' id='word_1_20' title='bbox 1558 487 1644 546; x_wconf 91' lang='lat' dir='ltr'><strong>sic</strong></span> <span class='ocrx_word' id='word_1_21' title='bbox 1688 492 1750 546; x_wconf 89' lang='lat' dir='ltr'><strong>et</strong></span> <span class='ocrx_word' id='word_1_22' title='bbox 1793 492 1988 546; x_wconf 86' lang='lat' dir='ltr'><strong>cetera</strong></span> <span class='ocrx_word' id='word_1_23' title='bbox 2031 482 2199 554; x_wconf 87' lang='lat' dir='ltr'><strong>talia,</strong></span> <span class='ocrx_word' id='word_1_24' title='bbox 2256 423 2422 562; x_wconf 45' lang='lat' dir='ltr'><strong>quae?</strong></span> <span class='ocrx_word' id='word_1_25' title='bbox 2454 412 2812 569; x_wconf 50' lang='lat' dir='ltr'><strong>rffminatiyo</strong></span> 
     </span>
    </p>
   </div>
   <div class='ocr_carea' id='block_1_3' title="bbox 240 575 2898 4532">
    <p class='ocr_par' dir='ltr' id='par_1_3' title="bbox 246 575 2898 1258">
     <span class='ocr_line' id='line_1_4' title="bbox 254 575 2814 666; baseline -0.001 -17"><span class='ocrx_word' id='word_1_26' title='bbox 254 607 369 650; x_wconf 86' lang='lat' dir='ltr'><strong>casu</strong></span> <span class='ocrx_word' id='word_1_27' title='bbox 422 588 647 647; x_wconf 89' lang='lat' dir='ltr'><strong>numeri</strong></span> <span class='ocrx_word' id='word_1_28' title='bbox 697 587 1013 666; x_wconf 85' lang='lat' dir='ltr'><strong>singularis</strong></span> <span class='ocrx_word' id='word_1_29' title='bbox 1054 606 1120 648; x_wconf 85' lang='lat' dir='ltr'><strong>er</strong></span> <span class='ocrx_word' id='word_1_30' title='bbox 1177 575 1403 648; x_wconf 55' lang='lat' dir='ltr'><strong>litteris&#39;</strong></span> <span class='ocrx_word' id='word_1_31' title='bbox 1436 583 1823 656; x_wconf 85' lang='lat' dir='ltr'><strong>definiuntur,</strong></span> <span class='ocrx_word' id='word_1_32' title='bbox 1865 585 1876 664; x_wconf 82' lang='grc' dir='ltr'>Ι</span> <span class='ocrx_word' id='word_1_33' title='bbox 1915 584 2150 665; x_wconf 88' lang='lat' dir='ltr'><strong>quando</strong></span> <span class='ocrx_word' id='word_1_34' title='bbox 2192 604 2223 646; x_wconf 91' lang='lat' dir='ltr'><strong>a</strong></span> <span class='ocrx_word' id='word_1_35' title='bbox 2269 587 2630 647; x_wconf 85' lang='lat' dir='ltr'><strong>nominativo</strong></span> <span class='ocrx_word' id='word_1_36' title='bbox 2674 603 2814 646; x_wconf 85' lang='lat' dir='ltr'><strong>casu</strong></span> 
     </span>
     <span class='ocr_line' id='line_1_5' title="bbox 252 687 2815 769; baseline -0 -19"><span class='ocrx_word' id='word_1_37' title='bbox 252 689 453 750; x_wconf 86' lang='lat' dir='ltr'><strong>numeri</strong></span> <span class='ocrx_word' id='word_1_38' title='bbox 504 687 821 766; x_wconf 85' lang='lat' dir='ltr'><strong>singularis</strong></span> <span class='ocrx_word' id='word_1_39' title='bbox 874 707 981 767; x_wconf 88' lang='lat' dir='ltr'><strong>per</strong></span> <span class='ocrx_word' id='word_1_40' title='bbox 1037 695 1266 750; x_wconf 87' lang='lat' dir='ltr'><strong>ceteros</strong></span> <span class='ocrx_word' id='word_1_41' title='bbox 1308 706 1479 750; x_wconf 88' lang='lat' dir='ltr'><strong>casus</strong></span> <span class='ocrx_word' id='word_1_42' title='bbox 1534 708 1603 749; x_wconf 88' lang='lat' dir='ltr'><strong>ex</strong></span> <span class='ocrx_word' id='word_1_43' title='bbox 1650 687 1869 769; x_wconf 79' lang='lat' dir='ltr'><strong>syllaba</strong></span> <span class='ocrx_word' id='word_1_44' title='bbox 1925 706 2196 750; x_wconf 85' lang='lat' dir='ltr'><strong>crescere</strong></span> <span class='ocrx_word' id='word_1_45' title='bbox 2242 687 2334 758; x_wconf 78' lang='lat' dir='ltr'><strong>vel</strong></span> <span class='ocrx_word' id='word_1_46' title='bbox 2377 706 2498 749; x_wconf 90' lang='lat' dir='ltr'><strong>non</strong></span> <span class='ocrx_word' id='word_1_47' title='bbox 2541 705 2815 750; x_wconf 85' lang='lat' dir='ltr'><strong>crescere</strong></span> 
     </span>
     <span class='ocr_line' id='line_1_6' title="bbox 250 789 2814 870; baseline -0.002 -18"><span class='ocrx_word' id='word_1_48' title='bbox 250 793 476 868; x_wconf 82' lang='lat' dir='ltr'><strong>possint,</strong></span> <span class='ocrx_word' id='word_1_49' title='bbox 537 792 939 869; x_wconf 82' lang='lat' dir='ltr'><strong>reperiuntur.</strong></span> <span class='ocrx_word' id='word_1_50' title='bbox 1030 808 1189 852; x_wconf 90' lang='lat' dir='ltr'><strong>nunc</strong></span> <span class='ocrx_word' id='word_1_51' title='bbox 1236 791 1411 852; x_wconf 89' lang='lat' dir='ltr'><strong>etiam</strong></span> <span class='ocrx_word' id='word_1_52' title='bbox 1471 789 1583 851; x_wconf 88' lang='lat' dir='ltr'><strong>hoc</strong></span> <span class='ocrx_word' id='word_1_53' title='bbox 1637 793 1980 860; x_wconf 79' lang='lat' dir='ltr'><strong>monemuS,</strong></span> <span class='ocrx_word' id='word_1_54' title='bbox 2032 789 2188 870; x_wconf 89' lang='lat' dir='ltr'><strong>quod</strong></span> <span class='ocrx_word' id='word_1_55' title='bbox 2245 789 2309 852; x_wconf 87' lang='lat' dir='ltr'><strong>hi</strong></span> <span class='ocrx_word' id='word_1_56' title='bbox 2361 791 2735 856; x_wconf 83' lang='lat' dir='ltr'><strong>nominativi,</strong></span> <span class='ocrx_word' id='word_1_57' title='bbox 2781 803 2814 848; x_wconf 87' lang='lat' dir='ltr'><strong>a</strong></span> 
     </span>
     <span class='ocr_line' id='line_1_7' title="bbox 248 890 2898 972; baseline 0.002 -20"><span class='ocrx_word' id='word_1_58' title='bbox 248 891 439 969; x_wconf 77' lang='lat' dir='ltr'><strong>quibus</strong></span> <span class='ocrx_word' id='word_1_59' title='bbox 464 893 647 952; x_wconf 87' lang='lat' dir='ltr'><strong>ceteri</strong></span> <span class='ocrx_word' id='word_1_60' title='bbox 680 909 850 954; x_wconf 85' lang='lat' dir='ltr'><strong>casus</strong></span> <span class='ocrx_word' id='word_1_61' title='bbox 878 908 987 969; x_wconf 87' lang='lat' dir='ltr'><strong>per</strong></span> <span class='ocrx_word' id='word_1_62' title='bbox 1018 890 1299 972; x_wconf 80' lang='lat' dir='ltr'><strong>syllabam</strong></span> <span class='ocrx_word' id='word_1_63' title='bbox 1330 898 1625 962; x_wconf 88' lang='lat' dir='ltr'><strong>crescunt,</strong></span> <span class='ocrx_word' id='word_1_64' title='bbox 1672 891 1806 970; x_wconf 91' lang='lat' dir='ltr'><strong>plus</strong></span> <span class='ocrx_word' id='word_1_65' title='bbox 1836 890 2092 952; x_wconf 89' lang='lat' dir='ltr'><strong>babeant</strong></span> <span class='ocrx_word' id='word_1_66' title='bbox 2121 893 2426 970; x_wconf 87' lang='lat' dir='ltr'><strong>potestatis</strong></span> <span class='ocrx_word' id='word_1_67' title='bbox 2460 893 2518 953; x_wconf 91' lang='lat' dir='ltr'><strong>in</strong></span> <span class='ocrx_word' id='word_1_68' title='bbox 2556 898 2814 954; x_wconf 85' lang='lat' dir='ltr'><strong>structu·</strong></span> <span class='ocrx_word' id='word_1_69' title='bbox 2867 916 2898 956; x_wconf 71' lang='lat' dir='ltr'><strong>s</strong></span> 
     </span>
     <span class='ocr_line' id='line_1_8' title="bbox 246 991 2814 1074; baseline -0.001 -20"><span class='ocrx_word' id='word_1_70' title='bbox 246 996 317 1054; x_wconf 83' lang='lat' dir='ltr'><strong>ris</strong></span> <span class='ocrx_word' id='word_1_71' title='bbox 344 991 425 1052; x_wconf 82' lang='lat' dir='ltr'><strong>vel</strong></span> <span class='ocrx_word' id='word_1_72' title='bbox 458 992 685 1063; x_wconf 88' lang='lat' dir='ltr'><strong>metris,</strong></span> <span class='ocrx_word' id='word_1_73' title='bbox 736 1011 913 1074; x_wconf 82' lang='lat' dir='ltr'><strong>quam</strong></span> <span class='ocrx_word' id='word_1_74' title='bbox 949 992 1428 1062; x_wconf 80' lang='lat' dir='ltr'><strong>illi-nominativi,</strong></span> <span class='ocrx_word' id='word_1_75' title='bbox 1478 1013 1509 1054; x_wconf 92' lang='lat' dir='ltr'><strong>a</strong></span> <span class='ocrx_word' id='word_1_76' title='bbox 1548 993 1766 1074; x_wconf 89' lang='lat' dir='ltr'><strong>quibus</strong></span> <span class='ocrx_word' id='word_1_77' title='bbox 1799 995 1981 1054; x_wconf 87' lang='lat' dir='ltr'><strong>ceteri</strong></span> <span class='ocrx_word' id='word_1_78' title='bbox 2018 1010 2189 1054; x_wconf 89' lang='lat' dir='ltr'><strong>casus</strong></span> <span class='ocrx_word' id='word_1_79' title='bbox 2229 1011 2333 1072; x_wconf 89' lang='lat' dir='ltr'><strong>per</strong></span> <span class='ocrx_word' id='word_1_80' title='bbox 2367 992 2649 1074; x_wconf 80' lang='lat' dir='ltr'>syllabam</span> <span class='ocrx_word' id='word_1_81' title='bbox 2697 1009 2814 1054; x_wconf 89' lang='lat' dir='ltr'><strong>non</strong></span> 
     </span>
     <span class='ocr_line' id='line_1_9' title="bbox 246 1095 2817 1176; baseline 0.001 -22"><span class='ocrx_word' id='word_1_82' title='bbox 246 1101 509 1154; x_wconf 79' lang='lat' dir='ltr'><strong>crescunt.</strong></span> <span class='ocrx_word' id='word_1_83' title='bbox 602 1095 709 1156; x_wconf 89' lang='lat' dir='ltr'><strong>sed</strong></span> <span class='ocrx_word' id='word_1_84' title='bbox 754 1095 829 1156; x_wconf 87' lang='lat' dir='ltr'><strong>de</strong></span> <span class='ocrx_word' id='word_1_85' title='bbox 872 1114 1077 1156; x_wconf 88' lang='lat' dir='ltr'><strong>eorum</strong></span> <span class='ocrx_word' id='word_1_86' title='bbox 1128 1105 1433 1174; x_wconf 84' lang='lat' dir='ltr'><strong>potestate,</strong></span> <span class='ocrx_word' id='word_1_87' title='bbox 1480 1114 1615 1156; x_wconf 86' lang='lat' dir='ltr'><strong>cum</strong></span> <span class='ocrx_word' id='word_1_88' title='bbox 1662 1096 1736 1156; x_wconf 83' lang='lat' dir='ltr'><strong>ad</strong></span> <span class='ocrx_word' id='word_1_89' title='bbox 1785 1103 1969 1156; x_wconf 87' lang='lat' dir='ltr'><strong>metra</strong></span> <span class='ocrx_word' id='word_1_90' title='bbox 2016 1097 2141 1174; x_wconf 87' lang='lat' dir='ltr'><strong>ipsa</strong></span> <span class='ocrx_word' id='word_1_91' title='bbox 2185 1097 2551 1172; x_wconf 80' lang='lat' dir='ltr'>venerimus,</span> <span class='ocrx_word' id='word_1_92' title='bbox 2598 1113 2817 1176; x_wconf 85' lang='lat' dir='ltr'><strong>conpe-</strong></span> 
     </span>
     <span class='ocr_line' id='line_1_10' title="bbox 246 1196 863 1258; baseline 0.003 -2"><span class='ocrx_word' id='word_1_93' title='bbox 246 1204 415 1256; x_wconf 81' lang='lat' dir='ltr'><strong>tenter</strong></span> <span class='ocrx_word' id='word_1_94' title='bbox 457 1196 863 1258; x_wconf 81' lang='lat' dir='ltr'><strong>tractabimus,</strong></span> 
     </span>
    </p>

    <p class='ocr_par' dir='ltr' id='par_1_4' title="bbox 242 1295 2898 2099">
     <span class='ocr_line' id='line_1_11' title="bbox 390 1295 2818 1380; baseline 0.001 -22"><span class='ocrx_word' id='word_1_95' title='bbox 390 1295 558 1358; x_wconf 88' lang='lat' dir='ltr'><strong>Nunc</strong></span> <span class='ocrx_word' id='word_1_96' title='bbox 604 1301 781 1359; x_wconf 86' lang='lat' dir='ltr'><strong>etiam</strong></span> <span class='ocrx_word' id='word_1_97' title='bbox 820 1299 935 1360; x_wconf 91' lang='lat' dir='ltr'><strong>hoc</strong></span> <span class='ocrx_word' id='word_1_98' title='bbox 976 1317 1288 1360; x_wconf 87' lang='lat' dir='ltr'><strong>monemus</strong></span> <span class='ocrx_word' id='word_1_99' title='bbox 1333 1299 1549 1364; x_wconf 79' lang='lat' dir='ltr'><strong>in,hac</strong></span> <span class='ocrx_word' id='word_1_100' title='bbox 1594 1298 1783 1360; x_wconf 83' lang='lat' dir='ltr'><strong>forma</strong></span> <span class='ocrx_word' id='word_1_101' title='bbox 1829 1299 2064 1377; x_wconf 82' lang='lat' dir='ltr'><strong>generis</strong></span> <span class='ocrx_word' id='word_1_102' title='bbox 2109 1300 2461 1374; x_wconf 70' lang='lat' dir='ltr'><strong>communis,</strong></span> <span class='ocrx_word' id='word_1_103' title='bbox 2509 1316 2625 1380; x_wconf 84' lang='lat' dir='ltr'><strong>qua</strong></span> <span class='ocrx_word' id='word_1_104' title='bbox 2670 1298 2818 1360; x_wconf 85' lang='lat' dir='ltr'><strong>dixi-</strong></span> 
     </span>
     <span class='ocr_line' id='line_1_12' title="bbox 244 1397 2898 1478; baseline 0.002 -20"><span class='ocrx_word' id='word_1_105' title='bbox 244 1416 357 1458; x_wconf 87' lang='lat' dir='ltr'><strong>mus</strong></span> <span class='ocrx_word' id='word_1_106' title='bbox 396 1399 453 1458; x_wconf 91' lang='lat' dir='ltr'><strong>in</strong></span> <span class='ocrx_word' id='word_1_107' title='bbox 498 1400 752 1478; x_wconf 87' lang='lat' dir='ltr'><strong>positivo</strong></span> <span class='ocrx_word' id='word_1_108' title='bbox 796 1400 982 1478; x_wconf 86' lang='lat' dir='ltr'><strong>gradu</strong></span> <span class='ocrx_word' id='word_1_109' title='bbox 1028 1402 1381 1461; x_wconf 88' lang='lat' dir='ltr'><strong>nominativo</strong></span> <span class='ocrx_word' id='word_1_110' title='bbox 1414 1419 1553 1460; x_wconf 90' lang='lat' dir='ltr'><strong>casu</strong></span> <span class='ocrx_word' id='word_1_111' title='bbox 1597 1401 1829 1461; x_wconf 86' lang='lat' dir='ltr'><strong>numeri</strong></span> <span class='ocrx_word' id='word_1_112' title='bbox 1873 1399 2188 1476; x_wconf 78' lang='lat' dir='ltr'><strong>singularis</strong></span> <span class='ocrx_word' id='word_1_113' title='bbox 2236 1400 2472 1461; x_wconf 87' lang='lat' dir='ltr'><strong>nomina</strong></span> <span class='ocrx_word' id='word_1_114' title='bbox 2507 1416 2572 1460; x_wconf 86' lang='lat' dir='ltr'><strong>er</strong></span> <span class='ocrx_word' id='word_1_115' title='bbox 2607 1397 2818 1460; x_wconf 83' lang='lat' dir='ltr'><strong>litteris</strong></span> <span class='ocrx_word' id='word_1_116' title='bbox 2845 1423 2898 1464; x_wconf 76' lang='grc' dir='ltr'><strong>ιο</strong></span> 
     </span>
     <span class='ocr_line' id='line_1_13' title="bbox 244 1500 2820 1584; baseline 0 -24"><span class='ocrx_word' id='word_1_117' title='bbox 244 1500 467 1572; x_wconf 80' lang='lat' dir='ltr'><strong>definiri,</strong></span> <span class='ocrx_word' id='word_1_118' title='bbox 512 1501 677 1580; x_wconf 82' lang='lat' dir='ltr'><strong>quod</strong></span> <span class='ocrx_word' id='word_1_119' title='bbox 723 1521 791 1562; x_wconf 85' lang='lat' dir='ltr'><strong>ex</strong></span> <span class='ocrx_word' id='word_1_120' title='bbox 838 1520 905 1563; x_wconf 88' lang='lat' dir='ltr'><strong>ea</strong></span> <span class='ocrx_word' id='word_1_121' title='bbox 958 1500 1183 1564; x_wconf 86' lang='lat' dir='ltr'><strong>scilicet</strong></span> <span class='ocrx_word' id='word_1_122' title='bbox 1224 1501 1413 1562; x_wconf 77' lang='lat' dir='ltr'><strong>forma</strong></span> <span class='ocrx_word' id='word_1_123' title='bbox 1460 1501 1595 1582; x_wconf 85' lang='lat' dir='ltr'><strong>plus</strong></span> <span class='ocrx_word' id='word_1_124' title='bbox 1640 1519 1814 1584; x_wconf 88' lang='lat' dir='ltr'><strong>quam</strong></span> <span class='ocrx_word' id='word_1_125' title='bbox 1862 1501 2330 1581; x_wconf 83' lang='lat' dir='ltr'><strong>quattuordecim</strong></span> <span class='ocrx_word' id='word_1_126' title='bbox 2377 1503 2525 1572; x_wconf 90' lang='lat' dir='ltr'><strong>soni,</strong></span> <span class='ocrx_word' id='word_1_127' title='bbox 2571 1501 2687 1561; x_wconf 87' lang='lat' dir='ltr'><strong>hoc</strong></span> <span class='ocrx_word' id='word_1_128' title='bbox 2731 1507 2820 1561; x_wconf 87' lang='lat' dir='ltr'><strong>est</strong></span> 
     </span>
     <span class='ocr_line' id='line_1_14' title="bbox 244 1602 2820 1682; baseline 0 -20"><span class='ocrx_word' id='word_1_129' title='bbox 244 1621 398 1682; x_wconf 87' lang='lat' dir='ltr'><strong>quam</strong></span> <span class='ocrx_word' id='word_1_130' title='bbox 434 1603 912 1682; x_wconf 86' lang='lat' dir='ltr'><strong>quattuordecim</strong></span> <span class='ocrx_word' id='word_1_131' title='bbox 948 1605 1203 1674; x_wconf 87' lang='lat' dir='ltr'><strong>nomina,</strong></span> <span class='ocrx_word' id='word_1_132' title='bbox 1250 1621 1369 1662; x_wconf 88' lang='lat' dir='ltr'><strong>non</strong></span> <span class='ocrx_word' id='word_1_133' title='bbox 1415 1606 1642 1682; x_wconf 80' lang='lat' dir='ltr'><strong>possint</strong></span> <span class='ocrx_word' id='word_1_134' title='bbox 1680 1602 1965 1665; x_wconf 87' lang='lat' dir='ltr'><strong>exhiberi.</strong></span> <span class='ocrx_word' id='word_1_135' title='bbox 2033 1603 2108 1665; x_wconf 87' lang='lat' dir='ltr'><strong>de</strong></span> <span class='ocrx_word' id='word_1_136' title='bbox 2144 1602 2332 1664; x_wconf 78' lang='lat' dir='ltr'><strong>forma</strong></span> <span class='ocrx_word' id='word_1_137' title='bbox 2372 1603 2612 1680; x_wconf 82' lang='lat' dir='ltr'><strong>generis</strong></span> <span class='ocrx_word' id='word_1_138' title='bbox 2656 1619 2820 1662; x_wconf 91' lang='lat' dir='ltr'><strong>com·</strong></span> 
     </span>
     <span class='ocr_line' id='line_1_15' title="bbox 244 1703 2820 1784; baseline -0 -20"><span class='ocrx_word' id='word_1_139' title='bbox 244 1705 433 1772; x_wconf 87' lang='lat' dir='ltr'><strong>munis,</strong></span> <span class='ocrx_word' id='word_1_140' title='bbox 475 1722 591 1784; x_wconf 84' lang='lat' dir='ltr'><strong>qua</strong></span> <span class='ocrx_word' id='word_1_141' title='bbox 640 1707 703 1764; x_wconf 87' lang='lat' dir='ltr'><strong>in</strong></span> <span class='ocrx_word' id='word_1_142' title='bbox 736 1707 983 1783; x_wconf 81' lang='lat' dir='ltr'><strong>positivo</strong></span> <span class='ocrx_word' id='word_1_143' title='bbox 1028 1705 1215 1782; x_wconf 83' lang='lat' dir='ltr'><strong>gradu</strong></span> <span class='ocrx_word' id='word_1_144' title='bbox 1254 1705 1615 1766; x_wconf 76' lang='lat' dir='ltr'><strong>nominativo</strong></span> <span class='ocrx_word' id='word_1_145' title='bbox 1654 1723 1797 1766; x_wconf 90' lang='lat' dir='ltr'><strong>casu</strong></span> <span class='ocrx_word' id='word_1_146' title='bbox 1838 1705 2073 1766; x_wconf 87' lang='lat' dir='ltr'><strong>numeri</strong></span> <span class='ocrx_word' id='word_1_147' title='bbox 2115 1703 2428 1783; x_wconf 83' lang='lat' dir='ltr'><strong>singularis</strong></span> <span class='ocrx_word' id='word_1_148' title='bbox 2469 1704 2711 1764; x_wconf 84' lang='lat' dir='ltr'><strong>nomina</strong></span> <span class='ocrx_word' id='word_1_149' title='bbox 2755 1721 2820 1764; x_wconf 90' lang='lat' dir='ltr'><strong>er</strong></span> 
     </span>
     <span class='ocr_line' id='line_1_16' title="bbox 242 1803 2822 1886; baseline -0.001 -20"><span class='ocrx_word' id='word_1_150' title='bbox 242 1804 423 1866; x_wconf 85' lang='lat' dir='ltr'><strong>litteris</strong></span> <span class='ocrx_word' id='word_1_151' title='bbox 477 1806 719 1867; x_wconf 79' lang='lat' dir='ltr'><strong>definita</strong></span> <span class='ocrx_word' id='word_1_152' title='bbox 776 1825 951 1886; x_wconf 87' lang='lat' dir='ltr'><strong>quem</strong></span> <span class='ocrx_word' id='word_1_153' title='bbox 996 1805 1067 1868; x_wconf 91' lang='lat' dir='ltr'><strong>ad</strong></span> <span class='ocrx_word' id='word_1_154' title='bbox 1114 1805 1355 1867; x_wconf 89' lang='lat' dir='ltr'><strong>modum</strong></span> <span class='ocrx_word' id='word_1_155' title='bbox 1412 1825 1480 1866; x_wconf 79' lang='lat' dir='ltr'><strong>ex</strong></span> <span class='ocrx_word' id='word_1_156' title='bbox 1536 1824 1601 1868; x_wconf 89' lang='lat' dir='ltr'><strong>se</strong></span> <span class='ocrx_word' id='word_1_157' title='bbox 1648 1809 2078 1886; x_wconf 85' lang='lat' dir='ltr'><strong>comparativos</strong></span> <span class='ocrx_word' id='word_1_158' title='bbox 2135 1806 2225 1869; x_wconf 87' lang='lat' dir='ltr'><strong>vel</strong></span> <span class='ocrx_word' id='word_1_159' title='bbox 2280 1803 2667 1885; x_wconf 87' lang='lat' dir='ltr'><strong>superlativos</strong></span> <span class='ocrx_word' id='word_1_160' title='bbox 2711 1821 2822 1866; x_wconf 88' lang='lat' dir='ltr'><strong>nec</strong></span> 
     </span>
     <span class='ocr_line' id='line_1_17' title="bbox 242 1906 2896 1990; baseline 0.002 -24"><span class='ocrx_word' id='word_1_161' title='bbox 242 1925 341 1967; x_wconf 89' lang='lat' dir='ltr'><strong>non</strong></span> <span class='ocrx_word' id='word_1_162' title='bbox 383 1915 441 1968; x_wconf 88' lang='lat' dir='ltr'><strong>et</strong></span> <span class='ocrx_word' id='word_1_163' title='bbox 484 1909 653 1986; x_wconf 81' lang='lat' dir='ltr'><strong>ipsos</strong></span> <span class='ocrx_word' id='word_1_164' title='bbox 710 1909 988 1986; x_wconf 86' lang='lat' dir='ltr'><strong>positivos</strong></span> <span class='ocrx_word' id='word_1_165' title='bbox 1033 1908 1253 1986; x_wconf 83' lang='lat' dir='ltr'><strong>gradus</strong></span> <span class='ocrx_word' id='word_1_166' title='bbox 1298 1906 1493 1969; x_wconf 80' lang='lat' dir='ltr'><strong>facere</strong></span> <span class='ocrx_word' id='word_1_167' title='bbox 1537 1911 1769 1988; x_wconf 79' lang='lat' dir='ltr'><strong>possint</strong></span> <span class='ocrx_word' id='word_1_168' title='bbox 1824 1908 1916 1970; x_wconf 86' lang='lat' dir='ltr'><strong>vel</strong></span> <span class='ocrx_word' id='word_1_169' title='bbox 1961 1911 2116 1970; x_wconf 87' lang='lat' dir='ltr'><strong>intra</strong></span> <span class='ocrx_word' id='word_1_170' title='bbox 2167 1917 2452 1990; x_wconf 90' lang='lat' dir='ltr'><strong>quantum</strong></span> <span class='ocrx_word' id='word_1_171' title='bbox 2499 1925 2814 1969; x_wconf 87' lang='lat' dir='ltr'><strong>numerum</strong></span> <span class='ocrx_word' id='word_1_172' title='bbox 2845 1927 2896 1970; x_wconf 65' lang='grc' dir='ltr'><strong>ιο</strong></span> 
     </span>
     <span class='ocr_line' id='line_1_18' title="bbox 242 2009 2095 2099; baseline 0.001 -30"><span class='ocrx_word' id='word_1_173' title='bbox 242 2026 351 2068; x_wconf 71' lang='lat' dir='ltr'><strong>esse</strong></span> <span class='ocrx_word' id='word_1_174' title='bbox 380 2012 793 2099; x_wconf 70' lang='lat' dir='ltr'><strong>reperiantur,</strong></span> <span class='ocrx_word' id='word_1_175' title='bbox 836 2016 1121 2089; x_wconf 88' lang='lat' dir='ltr'><strong>quantum</strong></span> <span class='ocrx_word' id='word_1_176' title='bbox 1160 2012 1309 2071; x_wconf 87' lang='lat' dir='ltr'><strong>ratio</strong></span> <span class='ocrx_word' id='word_1_177' title='bbox 1356 2009 1653 2089; x_wconf 87' lang='lat' dir='ltr'><strong>poscebat,</strong></span> <span class='ocrx_word' id='word_1_178' title='bbox 1697 2013 2095 2072; x_wconf 79' lang='lat' dir='ltr'><strong>tractavimus.</strong></span> 
     </span>
    </p>

    <p class='ocr_par' dir='ltr' id='par_1_5' title="bbox 240 2109 2898 4532">
     <span class='ocr_line' id='line_1_19' title="bbox 386 2109 2818 2190; baseline -0 -18"><span class='ocrx_word' id='word_1_179' title='bbox 386 2109 467 2172; x_wconf 85' lang='lat' dir='ltr'><strong>De</strong></span> <span class='ocrx_word' id='word_1_180' title='bbox 504 2109 565 2173; x_wconf 90' lang='lat' dir='ltr'><strong>il.</strong></span> <span class='ocrx_word' id='word_1_181' title='bbox 632 2129 1041 2190; x_wconf 88' lang='lat' dir='ltr'><strong>quaecumque</strong></span> <span class='ocrx_word' id='word_1_182' title='bbox 1081 2113 1319 2172; x_wconf 86' lang='lat' dir='ltr'><strong>nomina</strong></span> <span class='ocrx_word' id='word_1_183' title='bbox 1361 2114 1597 2189; x_wconf 85' lang='lat' dir='ltr'><strong>generis</strong></span> <span class='ocrx_word' id='word_1_184' title='bbox 1628 2113 1850 2175; x_wconf 87' lang='lat' dir='ltr'><strong>scilicet</strong></span> <span class='ocrx_word' id='word_1_185' title='bbox 1882 2113 2212 2174; x_wconf 88' lang='lat' dir='ltr'><strong>communis</strong></span> <span class='ocrx_word' id='word_1_186' title='bbox 2249 2113 2306 2172; x_wconf 87' lang='lat' dir='ltr'><strong>in</strong></span> <span class='ocrx_word' id='word_1_187' title='bbox 2344 2111 2593 2190; x_wconf 84' lang='lat' dir='ltr'><strong>positivo</strong></span> <span class='ocrx_word' id='word_1_188' title='bbox 2631 2111 2818 2188; x_wconf 84' lang='lat' dir='ltr'><strong>gradu</strong></span> 
     </span>
     <span class='ocr_line' id='line_1_20' title="bbox 242 2211 2821 2291; baseline 0 -21"><span class='ocrx_word' id='word_1_189' title='bbox 242 2214 575 2274; x_wconf 81' lang='lat' dir='ltr'><strong>nominativo</strong></span> <span class='ocrx_word' id='word_1_190' title='bbox 634 2231 779 2274; x_wconf 87' lang='lat' dir='ltr'><strong>casu</strong></span> <span class='ocrx_word' id='word_1_191' title='bbox 834 2215 1069 2274; x_wconf 83' lang='lat' dir='ltr'><strong>numeri</strong></span> <span class='ocrx_word' id='word_1_192' title='bbox 1126 2213 1439 2291; x_wconf 84' lang='lat' dir='ltr'><strong>singularis</strong></span> <span class='ocrx_word' id='word_1_193' title='bbox 1495 2213 1537 2274; x_wconf 91' lang='lat' dir='ltr'><strong>il</strong></span> <span class='ocrx_word' id='word_1_194' title='bbox 1588 2213 1798 2275; x_wconf 89' lang='lat' dir='ltr'><strong>litteris</strong></span> <span class='ocrx_word' id='word_1_195' title='bbox 1847 2214 2232 2282; x_wconf 86' lang='lat' dir='ltr'><strong>definiuntur,</strong></span> <span class='ocrx_word' id='word_1_196' title='bbox 2291 2213 2339 2272; x_wconf 91' lang='lat' dir='ltr'><strong>si</strong></span> <span class='ocrx_word' id='word_1_197' title='bbox 2393 2211 2821 2291; x_wconf 83' lang='lat' dir='ltr'><strong>comparati&#39;vos</strong></span> 
     </span>
     <span class='ocr_line' id='line_1_21' title="bbox 240 2301 2822 2402; baseline -0.001 -28"><span class='ocrx_word' id='word_1_198' title='bbox 240 2313 434 2390; x_wconf 83' lang='lat' dir='ltr'><strong>g1·adus</strong></span> <span class='ocrx_word' id='word_1_199' title='bbox 486 2333 560 2374; x_wconf 84' lang='lat' dir='ltr'><strong>ex</strong></span> <span class='ocrx_word' id='word_1_200' title='bbox 602 2332 673 2374; x_wconf 89' lang='lat' dir='ltr'><strong>se</strong></span> <span class='ocrx_word' id='word_1_201' title='bbox 730 2315 925 2375; x_wconf 77' lang='lat' dir='ltr'><strong>facere</strong></span> <span class='ocrx_word' id='word_1_202' title='bbox 990 2321 1268 2402; x_wconf 78' lang='lat' dir='ltr'><strong>possunt,</strong></span> <span class='ocrx_word' id='word_1_203' title='bbox 1336 2315 1483 2376; x_wconf 83' lang='lat' dir='ltr'><strong>baec</strong></span> <span class='ocrx_word' id='word_1_204' title='bbox 1537 2317 1597 2376; x_wconf 87' lang='lat' dir='ltr'><strong>in</strong></span> <span class='ocrx_word' id='word_1_205' title='bbox 1645 2315 1835 2376; x_wconf 81' lang='lat' dir='ltr'><strong>dativo</strong></span> <span class='ocrx_word' id='word_1_206' title='bbox 1893 2333 2032 2376; x_wconf 85' lang='lat' dir='ltr'><strong>casu</strong></span> <span class='ocrx_word' id='word_1_207' title='bbox 2099 2301 2330 2374; x_wconf 75' lang='lat' dir='ltr'><strong>numeri</strong></span> <span class='ocrx_word' id='word_1_208' title='bbox 2387 2313 2700 2391; x_wconf 84' lang='lat' dir='ltr'><strong>singularis</strong></span> <span class='ocrx_word' id='word_1_209' title='bbox 2751 2331 2822 2372; x_wconf 87' lang='lat' dir='ltr'><strong>or</strong></span> 
     </span>
     <span class='ocr_line' id='line_1_22' title="bbox 240 2412 2898 2496; baseline 0.002 -24"><span class='ocrx_word' id='word_1_210' title='bbox 240 2414 497 2494; x_wconf 76' lang='lat' dir='ltr'><strong>syllabam</strong></span> <span class='ocrx_word' id='word_1_211' title='bbox 546 2418 852 2494; x_wconf 89' lang='lat' dir='ltr'><strong>accipiunt</strong></span> <span class='ocrx_word' id='word_1_212' title='bbox 898 2425 956 2478; x_wconf 90' lang='lat' dir='ltr'><strong>et</strong></span> <span class='ocrx_word' id='word_1_213' title='bbox 998 2419 1463 2496; x_wconf 85' lang='lat' dir='ltr'><strong>comparativum</strong></span> <span class='ocrx_word' id='word_1_214' title='bbox 1507 2417 1754 2496; x_wconf 87' lang='lat' dir='ltr'><strong>gradum</strong></span> <span class='ocrx_word' id='word_1_215' title='bbox 1797 2416 2031 2495; x_wconf 87' lang='lat' dir='ltr'><strong>generis</strong></span> <span class='ocrx_word' id='word_1_216' title='bbox 2073 2416 2163 2476; x_wconf 87' lang='lat' dir='ltr'><strong>sui</strong></span> <span class='ocrx_word' id='word_1_217' title='bbox 2201 2415 2552 2484; x_wconf 88' lang='lat' dir='ltr'><strong>ostendunt;</strong></span> <span class='ocrx_word' id='word_1_218' title='bbox 2595 2412 2898 2478; x_wconf 62' lang='lat' dir='ltr'><strong>scilicetne</strong></span> 
     </span>
     <span class='ocr_line' id='line_1_23' title="bbox 241 2517 2820 2604; baseline -0.001 -26"><span class='ocrx_word' id='word_1_219' title='bbox 241 2519 511 2596; x_wconf 86' lang='lat' dir='ltr'><strong>quoniam,</strong></span> <span class='ocrx_word' id='word_1_220' title='bbox 558 2519 652 2578; x_wconf 87' lang='lat' dir='ltr'><strong>sic</strong></span> <span class='ocrx_word' id='word_1_221' title='bbox 694 2520 780 2579; x_wconf 89' lang='lat' dir='ltr'><strong>uti</strong></span> <span class='ocrx_word' id='word_1_222' title='bbox 825 2535 1002 2596; x_wconf 87' lang='lat' dir='ltr'><strong>supra</strong></span> <span class='ocrx_word' id='word_1_223' title='bbox 1049 2518 1321 2588; x_wconf 83' lang='lat' dir='ltr'><strong>diximus,</strong></span> <span class='ocrx_word' id='word_1_224' title='bbox 1366 2521 1734 2604; x_wconf 80' lang='lat' dir='ltr'><strong>quicumque</strong></span> <span class='ocrx_word' id='word_1_225' title='bbox 1769 2518 2150 2598; x_wconf 82' lang='lat' dir='ltr'><strong>comparativi</strong></span> <span class='ocrx_word' id='word_1_226' title='bbox 2193 2518 2414 2596; x_wconf 86' lang='lat' dir='ltr'><strong>gradus</strong></span> <span class='ocrx_word' id='word_1_227' title='bbox 2461 2517 2820 2577; x_wconf 82' lang='lat' dir='ltr'><strong>nominativo</strong></span> 
     </span>
     <span class='ocr_line' id='line_1_24' title="bbox 242 2618 2821 2698; baseline 0 -20"><span class='ocrx_word' id='word_1_228' title='bbox 242 2635 359 2680; x_wconf 83' lang='lat' dir='ltr'><strong>casu</strong></span> <span class='ocrx_word' id='word_1_229' title='bbox 396 2621 639 2680; x_wconf 87' lang='lat' dir='ltr'><strong>numeri</strong></span> <span class='ocrx_word' id='word_1_230' title='bbox 690 2618 1003 2698; x_wconf 85' lang='lat' dir='ltr'><strong>singularis</strong></span> <span class='ocrx_word' id='word_1_231' title='bbox 1060 2621 1149 2680; x_wconf 87' lang='lat' dir='ltr'><strong>ior</strong></span> <span class='ocrx_word' id='word_1_232' title='bbox 1194 2618 1404 2681; x_wconf 87' lang='lat' dir='ltr'><strong>litteris</strong></span> <span class='ocrx_word' id='word_1_233' title='bbox 1459 2620 1817 2680; x_wconf 86' lang='lat' dir='ltr'><strong>definiuntur</strong></span> <span class='ocrx_word' id='word_1_234' title='bbox 1867 2628 1924 2690; x_wconf 76' lang='lat' dir='ltr'><strong>et</strong></span> <span class='ocrx_word' id='word_1_235' title='bbox 1968 2637 2086 2680; x_wconf 90' lang='lat' dir='ltr'><strong>non</strong></span> <span class='ocrx_word' id='word_1_236' title='bbox 2134 2638 2202 2680; x_wconf 83' lang='lat' dir='ltr'><strong>ex</strong></span> <span class='ocrx_word' id='word_1_237' title='bbox 2247 2618 2344 2680; x_wconf 89' lang='lat' dir='ltr'><strong>illa</strong></span> <span class='ocrx_word' id='word_1_238' title='bbox 2392 2618 2614 2679; x_wconf 79' lang='lat' dir='ltr'><strong>formae</strong></span> <span class='ocrx_word' id='word_1_239' title='bbox 2664 2618 2821 2696; x_wconf 87' lang='lat' dir='ltr'><strong>posi-</strong></span> 
     </span>
     <span class='ocr_line' id='line_1_25' title="bbox 240 2718 2822 2804; baseline 0 -25"><span class='ocrx_word' id='word_1_240' title='bbox 240 2720 392 2788; x_wconf 86' lang='lat' dir='ltr'><strong>tione,</strong></span> <span class='ocrx_word' id='word_1_241' title='bbox 422 2737 539 2800; x_wconf 82' lang='lat' dir='ltr'><strong>qua</strong></span> <span class='ocrx_word' id='word_1_242' title='bbox 573 2739 653 2781; x_wconf 85' lang='lat' dir='ltr'><strong>ex</strong></span> <span class='ocrx_word' id='word_1_243' title='bbox 685 2739 903 2798; x_wconf 81' lang='lat' dir='ltr'><strong>genere</strong></span> <span class='ocrx_word' id='word_1_244' title='bbox 937 2720 1261 2782; x_wconf 83' lang='lat' dir='ltr'><strong>masculino</strong></span> <span class='ocrx_word' id='word_1_245' title='bbox 1289 2718 1307 2804; x_wconf 73' lang='grc' dir='ltr'><strong>ΙΙ</strong></span> <span class='ocrx_word' id='word_1_246' title='bbox 1338 2722 1691 2782; x_wconf 88' lang='lat' dir='ltr'><strong>nominativo</strong></span> <span class='ocrx_word' id='word_1_247' title='bbox 1725 2740 1861 2782; x_wconf 87' lang='lat' dir='ltr'><strong>casu</strong></span> <span class='ocrx_word' id='word_1_248' title='bbox 1895 2722 2129 2782; x_wconf 88' lang='lat' dir='ltr'><strong>numeri</strong></span> <span class='ocrx_word' id='word_1_249' title='bbox 2159 2720 2476 2800; x_wconf 81' lang='lat' dir='ltr'><strong>singularis</strong></span> <span class='ocrx_word' id='word_1_250' title='bbox 2505 2739 2576 2781; x_wconf 86' lang='lat' dir='ltr'><strong>ex</strong></span> <span class='ocrx_word' id='word_1_251' title='bbox 2614 2718 2822 2780; x_wconf 85' lang='lat' dir='ltr'><strong>litteris</strong></span> 
     </span>
     <span class='ocr_line' id='line_1_26' title="bbox 240 2820 2819 2918; baseline 0 -37"><span class='ocrx_word' id='word_1_252' title='bbox 240 2825 453 2882; x_wconf 77' lang='lat' dir='ltr'><strong>nomina</strong></span> <span class='ocrx_word' id='word_1_253' title='bbox 498 2822 905 2892; x_wconf 82' lang='lat' dir='ltr'><strong>definiuntur,</strong></span> <span class='ocrx_word' id='word_1_254' title='bbox 946 2825 1149 2918; x_wconf 61' lang='lat' dir='ltr'><strong>genire</strong></span> <span class='ocrx_word' id='word_1_255' title='bbox 1190 2820 1641 2900; x_wconf 83' lang='lat' dir='ltr'><strong>intelleguntur,</strong></span> <span class='ocrx_word' id='word_1_256' title='bbox 1696 2821 1758 2882; x_wconf 90' lang='lat' dir='ltr'><strong>hi</strong></span> <span class='ocrx_word' id='word_1_257' title='bbox 1801 2825 2039 2900; x_wconf 80' lang='lat' dir='ltr'><strong>generis</strong></span> <span class='ocrx_word' id='word_1_258' title='bbox 2084 2823 2413 2883; x_wconf 88' lang='lat' dir='ltr'><strong>communis</strong></span> <span class='ocrx_word' id='word_1_259' title='bbox 2469 2839 2598 2882; x_wconf 86' lang='lat' dir='ltr'><strong>esse</strong></span> <span class='ocrx_word' id='word_1_260' title='bbox 2643 2838 2819 2900; x_wconf 83' lang='lat' dir='ltr'><strong>repe·</strong></span> 
     </span>
     <span class='ocr_line' id='line_1_27' title="bbox 240 2922 2898 3004; baseline 0 -21"><span class='ocrx_word' id='word_1_261' title='bbox 240 2926 464 2994; x_wconf 89' lang='lat' dir='ltr'><strong>riuntur,</strong></span> <span class='ocrx_word' id='word_1_262' title='bbox 514 2932 582 2984; x_wconf 90' lang='lat' dir='ltr'><strong>ut</strong></span> <span class='ocrx_word' id='word_1_263' title='bbox 626 2935 771 3004; x_wconf 89' lang='lat' dir='ltr'><strong>puta</strong></span> <span class='ocrx_word' id='word_1_264' title='bbox 818 2925 915 2984; x_wconf 91' lang='lat' dir='ltr'><strong>hic</strong></span> <span class='ocrx_word' id='word_1_265' title='bbox 956 2929 1016 2984; x_wconf 90' lang='lat' dir='ltr'><strong>et</strong></span> <span class='ocrx_word' id='word_1_266' title='bbox 1060 2923 1203 2984; x_wconf 85' lang='lat' dir='ltr'><strong>haec</strong></span> <span class='ocrx_word' id='word_1_267' title='bbox 1249 2922 1412 3003; x_wconf 81' lang='lat' dir='ltr'><strong>pugil</strong></span> <span class='ocrx_word' id='word_1_268' title='bbox 1451 2922 1589 2983; x_wconf 90' lang='lat' dir='ltr'><strong>huic</strong></span> <span class='ocrx_word' id='word_1_269' title='bbox 1636 2923 1817 3001; x_wconf 82' lang='lat' dir='ltr'><strong>pugili</strong></span> <span class='ocrx_word' id='word_1_270' title='bbox 1861 2924 1956 2987; x_wconf 89' lang='lat' dir='ltr'><strong>hic</strong></span> <span class='ocrx_word' id='word_1_271' title='bbox 1998 2923 2091 2986; x_wconf 82' lang='lat' dir='ltr'><strong>vel</strong></span> <span class='ocrx_word' id='word_1_272' title='bbox 2136 2925 2283 2986; x_wconf 83' lang='lat' dir='ltr'><strong>haec</strong></span> <span class='ocrx_word' id='word_1_273' title='bbox 2326 2922 2579 3003; x_wconf 84' lang='lat' dir='ltr'><strong>pugilior</strong></span> <span class='ocrx_word' id='word_1_274' title='bbox 2622 2922 2898 2984; x_wconf 62' lang='lat' dir='ltr'><strong>facerem</strong></span> 
     </span>
     <span class='ocr_line' id='line_1_28' title="bbox 240 3023 2820 3112; baseline 0 -28"><span class='ocrx_word' id='word_1_275' title='bbox 240 3023 443 3087; x_wconf 86' lang='lat' dir='ltr'><strong>debeat.</strong></span> <span class='ocrx_word' id='word_1_276' title='bbox 536 3043 705 3086; x_wconf 91' lang='lat' dir='ltr'><strong>nunc</strong></span> <span class='ocrx_word' id='word_1_277' title='bbox 758 3025 903 3086; x_wconf 85' lang='lat' dir='ltr'><strong>baec</strong></span> <span class='ocrx_word' id='word_1_278' title='bbox 952 3026 1154 3088; x_wconf 85' lang='lat' dir='ltr'><strong>eadem</strong></span> <span class='ocrx_word' id='word_1_279' title='bbox 1212 3043 1395 3112; x_wconf 73' lang='lat' dir='ltr'><strong>supra</strong></span> <span class='ocrx_word' id='word_1_280' title='bbox 1442 3025 1579 3086; x_wconf 86' lang='lat' dir='ltr'><strong>dicti</strong></span> <span class='ocrx_word' id='word_1_281' title='bbox 1637 3027 1876 3104; x_wconf 81' lang='lat' dir='ltr'><strong>generis</strong></span> <span class='ocrx_word' id='word_1_282' title='bbox 1930 3027 2201 3097; x_wconf 86' lang='lat' dir='ltr'><strong>nomina,</strong></span> <span class='ocrx_word' id='word_1_283' title='bbox 2253 3043 2402 3105; x_wconf 84' lang='lat' dir='ltr'><strong>quac</strong></span> <span class='ocrx_word' id='word_1_284' title='bbox 2451 3024 2704 3085; x_wconf 87' lang='lat' dir='ltr'><strong>diximus</strong></span> <span class='ocrx_word' id='word_1_285' title='bbox 2748 3025 2820 3086; x_wconf 74' lang='lat' dir='ltr'><strong>,in</strong></span> 
     </span>
     <span class='ocr_line' id='line_1_29' title="bbox 240 3123 2818 3208; baseline 0 -22"><span class='ocrx_word' id='word_1_286' title='bbox 240 3123 395 3205; x_wconf 72' lang='lat' dir='ltr'><strong>supra</strong></span> <span class='ocrx_word' id='word_1_287' title='bbox 450 3127 613 3188; x_wconf 89' lang='lat' dir='ltr'><strong>dicto</strong></span> <span class='ocrx_word' id='word_1_288' title='bbox 676 3127 863 3206; x_wconf 80' lang='lat' dir='ltr'><strong>gradu</strong></span> <span class='ocrx_word' id='word_1_289' title='bbox 918 3129 1273 3190; x_wconf 88' lang='lat' dir='ltr'><strong>nominativo</strong></span> <span class='ocrx_word' id='word_1_290' title='bbox 1333 3145 1474 3188; x_wconf 86' lang='lat' dir='ltr'><strong>casu</strong></span> <span class='ocrx_word' id='word_1_291' title='bbox 1531 3129 1762 3189; x_wconf 87' lang='lat' dir='ltr'><strong>numeri</strong></span> <span class='ocrx_word' id='word_1_292' title='bbox 1818 3127 2130 3208; x_wconf 85' lang='lat' dir='ltr'><strong>singularis</strong></span> <span class='ocrx_word' id='word_1_293' title='bbox 2192 3145 2371 3208; x_wconf 87' lang='lat' dir='ltr'><strong>supra</strong></span> <span class='ocrx_word' id='word_1_294' title='bbox 2421 3125 2570 3187; x_wconf 90' lang='lat' dir='ltr'><strong>dicta</strong></span> <span class='ocrx_word' id='word_1_295' title='bbox 2632 3127 2818 3188; x_wconf 80' lang='lat' dir='ltr'><strong>forma</strong></span> 
     </span>
     <span class='ocr_line' id='line_1_30' title="bbox 240 3227 2820 3310; baseline 0 -22"><span class='ocrx_word' id='word_1_296' title='bbox 240 3228 473 3298; x_wconf 83' lang='lat' dir='ltr'><strong>definiri,</strong></span> <span class='ocrx_word' id='word_1_297' title='bbox 547 3230 613 3290; x_wconf 87' lang='lat' dir='ltr'><strong>in</strong></span> <span class='ocrx_word' id='word_1_298' title='bbox 669 3230 862 3290; x_wconf 84' lang='lat' dir='ltr'><strong>dativo</strong></span> <span class='ocrx_word' id='word_1_299' title='bbox 918 3249 1055 3292; x_wconf 90' lang='lat' dir='ltr'><strong>casu</strong></span> <span class='ocrx_word' id='word_1_300' title='bbox 1120 3231 1355 3290; x_wconf 88' lang='lat' dir='ltr'><strong>numeri</strong></span> <span class='ocrx_word' id='word_1_301' title='bbox 1409 3227 1724 3308; x_wconf 80' lang='lat' dir='ltr'><strong>singularis</strong></span> <span class='ocrx_word' id='word_1_302' title='bbox 1769 3247 1838 3290; x_wconf 86' lang='lat' dir='ltr'><strong>us</strong></span> <span class='ocrx_word' id='word_1_303' title='bbox 1889 3229 2169 3310; x_wconf 81' lang='lat' dir='ltr'><strong>syllabam</strong></span> <span class='ocrx_word' id='word_1_304' title='bbox 2235 3229 2530 3307; x_wconf 83' lang='lat' dir='ltr'><strong>accipiunt</strong></span> <span class='ocrx_word' id='word_1_305' title='bbox 2592 3233 2650 3287; x_wconf 90' lang='lat' dir='ltr'><strong>et</strong></span> <span class='ocrx_word' id='word_1_306' title='bbox 2704 3245 2820 3302; x_wconf 82' lang='lat' dir='ltr'><strong>non</strong></span> 
     </span>
     <span class='ocr_line' id='line_1_31' title="bbox 242 3329 2820 3410; baseline -0 -20"><span class='ocrx_word' id='word_1_307' title='bbox 242 3337 442 3391; x_wconf 83' lang='lat' dir='ltr'><strong>tantum</strong></span> <span class='ocrx_word' id='word_1_308' title='bbox 502 3333 979 3410; x_wconf 84' lang='lat' dir='ltr'><strong>comparativum</strong></span> <span class='ocrx_word' id='word_1_309' title='bbox 1004 3331 1283 3409; x_wconf 64' lang='lat' dir='ltr'><strong>,gradum</strong></span> <span class='ocrx_word' id='word_1_310' title='bbox 1346 3333 1581 3409; x_wconf 81' lang='lat' dir='ltr'><strong>generis</strong></span> <span class='ocrx_word' id='word_1_311' title='bbox 1634 3332 1831 3392; x_wconf 89' lang='lat' dir='ltr'><strong>neutri</strong></span> <span class='ocrx_word' id='word_1_312' title='bbox 1888 3331 1990 3393; x_wconf 88' lang='lat' dir='ltr'><strong>sed</strong></span> <span class='ocrx_word' id='word_1_313' title='bbox 2046 3339 2104 3392; x_wconf 87' lang='lat' dir='ltr'><strong>et</strong></span> <span class='ocrx_word' id='word_1_314' title='bbox 2152 3329 2568 3392; x_wconf 78' lang='lat' dir='ltr'><strong>adverbiorum</strong></span> <span class='ocrx_word' id='word_1_315' title='bbox 2625 3335 2820 3390; x_wconf 88' lang='lat' dir='ltr'><strong>osten-</strong></span> 
     </span>
     <span class='ocr_line' id='line_1_32' title="bbox 241 3415 2898 3513; baseline -0.001 -20"><span class='ocrx_word' id='word_1_316' title='bbox 241 3431 393 3502; x_wconf 84' lang='lat' dir='ltr'><strong>dunt;</strong></span> <span class='ocrx_word' id='word_1_317' title='bbox 461 3434 703 3494; x_wconf 83' lang='lat' dir='ltr'><strong>scilicet</strong></span> <span class='ocrx_word' id='word_1_318' title='bbox 769 3435 1043 3512; x_wconf 89' lang='lat' dir='ltr'><strong>quoniam</strong></span> <span class='ocrx_word' id='word_1_319' title='bbox 1107 3415 1494 3513; x_wconf 72' lang='lat' dir='ltr'><strong>quicumque</strong></span> <span class='ocrx_word' id='word_1_320' title='bbox 1534 3433 1917 3511; x_wconf 83' lang='lat' dir='ltr'><strong>comparativi</strong></span> <span class='ocrx_word' id='word_1_321' title='bbox 1986 3433 2204 3512; x_wconf 83' lang='lat' dir='ltr'><strong>gradus</strong></span> <span class='ocrx_word' id='word_1_322' title='bbox 2271 3430 2624 3493; x_wconf 88' lang='lat' dir='ltr'><strong>nominativo</strong></span> <span class='ocrx_word' id='word_1_323' title='bbox 2681 3447 2820 3491; x_wconf 88' lang='lat' dir='ltr'><strong>casu</strong></span> <span class='ocrx_word' id='word_1_324' title='bbox 2847 3445 2898 3490; x_wconf 72' lang='lat' dir='ltr'><strong>ao</strong></span> 
     </span>
     <span class='ocr_line' id='line_1_33' title="bbox 244 3533 2818 3614; baseline 0 -21"><span class='ocrx_word' id='word_1_325' title='bbox 244 3538 449 3600; x_wconf 85' lang='lat' dir='ltr'><strong>numeri</strong></span> <span class='ocrx_word' id='word_1_326' title='bbox 492 3533 821 3612; x_wconf 86' lang='lat' dir='ltr'><strong>singularis</strong></span> <span class='ocrx_word' id='word_1_327' title='bbox 865 3536 954 3596; x_wconf 87' lang='lat' dir='ltr'><strong>ius</strong></span> <span class='ocrx_word' id='word_1_328' title='bbox 997 3533 1208 3597; x_wconf 87' lang='lat' dir='ltr'><strong>litteris</strong></span> <span class='ocrx_word' id='word_1_329' title='bbox 1253 3534 1631 3603; x_wconf 84' lang='lat' dir='ltr'><strong>definiuntur,</strong></span> <span class='ocrx_word' id='word_1_330' title='bbox 1674 3535 1735 3595; x_wconf 83' lang='lat' dir='ltr'><strong>hi</strong></span> <span class='ocrx_word' id='word_1_331' title='bbox 1767 3553 1887 3596; x_wconf 89' lang='lat' dir='ltr'><strong>non</strong></span> <span class='ocrx_word' id='word_1_332' title='bbox 1933 3543 2156 3597; x_wconf 88' lang='lat' dir='ltr'><strong>tantum</strong></span> <span class='ocrx_word' id='word_1_333' title='bbox 2197 3535 2432 3614; x_wconf 75' lang='lat' dir='ltr'><strong>generis</strong></span> <span class='ocrx_word' id='word_1_334' title='bbox 2461 3533 2674 3607; x_wconf 84' lang='lat' dir='ltr'><strong>¹neutri</strong></span> <span class='ocrx_word' id='word_1_335' title='bbox 2715 3533 2818 3594; x_wconf 88' lang='lat' dir='ltr'><strong>sed</strong></span> 
     </span>
     <span class='ocr_line' id='line_1_34' title="bbox 243 3634 2818 3717; baseline -0 -22"><span class='ocrx_word' id='word_1_336' title='bbox 243 3645 289 3695; x_wconf 86' lang='lat' dir='ltr'><strong>et</strong></span> <span class='ocrx_word' id='word_1_337' title='bbox 326 3637 745 3699; x_wconf 77' lang='lat' dir='ltr'><strong>adverbiorum</strong></span> <span class='ocrx_word' id='word_1_338' title='bbox 814 3655 943 3698; x_wconf 85' lang='lat' dir='ltr'><strong>esse</strong></span> <span class='ocrx_word' id='word_1_339' title='bbox 988 3638 1399 3714; x_wconf 84' lang='lat' dir='ltr'><strong>reperiuntur,</strong></span> <span class='ocrx_word' id='word_1_340' title='bbox 1458 3644 1524 3695; x_wconf 92' lang='lat' dir='ltr'><strong>ut</strong></span> <span class='ocrx_word' id='word_1_341' title='bbox 1562 3643 1703 3714; x_wconf 85' lang='lat' dir='ltr'><strong>puta</strong></span> <span class='ocrx_word' id='word_1_342' title='bbox 1759 3636 1855 3698; x_wconf 89' lang='lat' dir='ltr'><strong>hic</strong></span> <span class='ocrx_word' id='word_1_343' title='bbox 1899 3645 1960 3699; x_wconf 88' lang='lat' dir='ltr'><strong>et</strong></span> <span class='ocrx_word' id='word_1_344' title='bbox 2003 3638 2152 3699; x_wconf 87' lang='lat' dir='ltr'><strong>haec</strong></span> <span class='ocrx_word' id='word_1_345' title='bbox 2201 3636 2364 3717; x_wconf 83' lang='lat' dir='ltr'><strong>pugil</strong></span> <span class='ocrx_word' id='word_1_346' title='bbox 2423 3635 2561 3696; x_wconf 91' lang='lat' dir='ltr'><strong>huic</strong></span> <span class='ocrx_word' id='word_1_347' title='bbox 2615 3634 2818 3714; x_wconf 84' lang='lat' dir='ltr'><strong>pugili,</strong></span> 
     </span>
     <span class='ocr_line' id='line_1_35' title="bbox 246 3735 2821 3819; baseline 0 -21"><span class='ocrx_word' id='word_1_348' title='bbox 246 3738 471 3816; x_wconf 75' lang='lat' dir='ltr'><strong>pugillus</strong></span> <span class='ocrx_word' id='word_1_349' title='bbox 516 3743 763 3818; x_wconf 84' lang='lat' dir='ltr'><strong>utrique</strong></span> <span class='ocrx_word' id='word_1_350' title='bbox 806 3737 1179 3819; x_wconf 86' lang='lat' dir='ltr'><strong>respondeat.</strong></span> <span class='ocrx_word' id='word_1_351' title='bbox 1246 3737 1347 3798; x_wconf 87' lang='lat' dir='ltr'><strong>sed</strong></span> <span class='ocrx_word' id='word_1_352' title='bbox 1392 3738 1628 3815; x_wconf 85' lang='lat' dir='ltr'><strong>quando</strong></span> <span class='ocrx_word' id='word_1_353' title='bbox 1674 3739 1932 3816; x_wconf 81' lang='lat' dir='ltr'><strong>pugillus</strong></span> <span class='ocrx_word' id='word_1_354' title='bbox 1975 3741 2184 3817; x_wconf 84' lang='lat' dir='ltr'><strong>generi</strong></span> <span class='ocrx_word' id='word_1_355' title='bbox 2223 3745 2436 3800; x_wconf 87' lang='lat' dir='ltr'><strong>neutro</strong></span> <span class='ocrx_word' id='word_1_356' title='bbox 2467 3735 2558 3800; x_wconf 86' lang='lat' dir='ltr'><strong>vel</strong></span> <span class='ocrx_word' id='word_1_357' title='bbox 2586 3737 2821 3817; x_wconf 89' lang='lat' dir='ltr'><strong>quando</strong></span> 
     </span>
     <span class='ocr_line' id='line_1_36' title="bbox 244 3839 2818 3918; baseline 0 -20"><span class='ocrx_word' id='word_1_358' title='bbox 244 3840 493 3904; x_wconf 74' lang='lat' dir='ltr'><strong>adverbio</strong></span> <span class='ocrx_word' id='word_1_359' title='bbox 539 3843 609 3900; x_wconf 87' lang='lat' dir='ltr'><strong>in</strong></span> <span class='ocrx_word' id='word_1_360' title='bbox 650 3841 1091 3918; x_wconf 85' lang='lat' dir='ltr'><strong>comparatione</strong></span> <span class='ocrx_word' id='word_1_361' title='bbox 1136 3839 1514 3918; x_wconf 87' lang='lat' dir='ltr'><strong>respondeat,</strong></span> <span class='ocrx_word' id='word_1_362' title='bbox 1564 3842 1623 3900; x_wconf 88' lang='lat' dir='ltr'><strong>in</strong></span> <span class='ocrx_word' id='word_1_363' title='bbox 1668 3840 2073 3918; x_wconf 89' lang='lat' dir='ltr'><strong>superioribus</strong></span> <span class='ocrx_word' id='word_1_364' title='bbox 2109 3842 2222 3900; x_wconf 85' lang='lat' dir='ltr'><strong>iam</strong></span> <span class='ocrx_word' id='word_1_365' title='bbox 2253 3841 2393 3902; x_wconf 86' lang='lat' dir='ltr'><strong>satis</strong></span> <span class='ocrx_word' id='word_1_366' title='bbox 2437 3839 2818 3902; x_wconf 73' lang='lat' dir='ltr'><strong>ostendimus,</strong></span> 
     </span>
     <span class='ocr_line' id='line_1_37' title="bbox 248 3920 2898 4021; baseline 0.001 -23"><span class='ocrx_word' id='word_1_367' title='bbox 248 3958 379 4002; x_wconf 85' lang='lat' dir='ltr'><strong>nunc</strong></span> <span class='ocrx_word' id='word_1_368' title='bbox 430 3945 492 4004; x_wconf 88' lang='lat' dir='ltr'><strong>in</strong></span> <span class='ocrx_word' id='word_1_369' title='bbox 550 3943 673 4002; x_wconf 88' lang='lat' dir='ltr'><strong>hac</strong></span> <span class='ocrx_word' id='word_1_370' title='bbox 722 3942 947 4010; x_wconf 80' lang='lat' dir='ltr'><strong>forma,</strong></span> <span class='ocrx_word' id='word_1_371' title='bbox 1008 3958 1121 4018; x_wconf 85' lang='lat' dir='ltr'><strong>qua</strong></span> <span class='ocrx_word' id='word_1_372' title='bbox 1184 3941 1436 4002; x_wconf 88' lang='lat' dir='ltr'><strong>diximus</strong></span> <span class='ocrx_word' id='word_1_373' title='bbox 1498 3943 1735 4020; x_wconf 83' lang='lat' dir='ltr'><strong>generis</strong></span> <span class='ocrx_word' id='word_1_374' title='bbox 1786 3920 2116 4002; x_wconf 80' lang='lat' dir='ltr'><strong>communis</strong></span> <span class='ocrx_word' id='word_1_375' title='bbox 2172 3945 2408 4003; x_wconf 87' lang='lat' dir='ltr'><strong>nomina</strong></span> <span class='ocrx_word' id='word_1_376' title='bbox 2462 3943 2518 4002; x_wconf 91' lang='lat' dir='ltr'><strong>in</strong></span> <span class='ocrx_word' id='word_1_377' title='bbox 2572 3943 2898 4021; x_wconf 69' lang='lat' dir='ltr'><strong>positivoss</strong></span> 
     </span>
     <span class='ocr_line' id='line_1_38' title="bbox 246 4041 2820 4124; baseline 0 -21"><span class='ocrx_word' id='word_1_378' title='bbox 246 4045 405 4120; x_wconf 78' lang='lat' dir='ltr'><strong>gradu</strong></span> <span class='ocrx_word' id='word_1_379' title='bbox 446 4044 816 4106; x_wconf 79' lang='lat' dir='ltr'><strong>nominativo</strong></span> <span class='ocrx_word' id='word_1_380' title='bbox 864 4061 999 4104; x_wconf 84' lang='lat' dir='ltr'><strong>casu</strong></span> <span class='ocrx_word' id='word_1_381' title='bbox 1047 4041 1295 4124; x_wconf 59' lang='lat' dir='ltr'><strong>nu2meri</strong></span> <span class='ocrx_word' id='word_1_382' title='bbox 1340 4042 1654 4124; x_wconf 81' lang='lat' dir='ltr'><strong>singularis</strong></span> <span class='ocrx_word' id='word_1_383' title='bbox 1698 4042 1740 4104; x_wconf 88' lang='lat' dir='ltr'><strong>il</strong></span> <span class='ocrx_word' id='word_1_384' title='bbox 1784 4043 1994 4106; x_wconf 88' lang='lat' dir='ltr'><strong>litteris</strong></span> <span class='ocrx_word' id='word_1_385' title='bbox 2039 4044 2288 4114; x_wconf 78' lang='lat' dir='ltr'><strong>deliniri,</strong></span> <span class='ocrx_word' id='word_1_386' title='bbox 2335 4043 2659 4123; x_wconf 90' lang='lat' dir='ltr'><strong>quaeritur,</strong></span> <span class='ocrx_word' id='word_1_387' title='bbox 2706 4061 2820 4123; x_wconf 88' lang='lat' dir='ltr'><strong>qua</strong></span> 
     </span>
     <span class='ocr_line' id='line_1_39' title="bbox 248 4128 2819 4226; baseline 0 -22"><span class='ocrx_word' id='word_1_388' title='bbox 248 4145 307 4206; x_wconf 84' lang='lat' dir='ltr'><strong>de</strong></span> <span class='ocrx_word' id='word_1_389' title='bbox 343 4164 511 4208; x_wconf 83' lang='lat' dir='ltr'><strong>causa</strong></span> <span class='ocrx_word' id='word_1_390' title='bbox 569 4143 739 4226; x_wconf 85' lang='lat' dir='ltr'><strong>pugil</strong></span> <span class='ocrx_word' id='word_1_391' title='bbox 797 4145 1125 4204; x_wconf 89' lang='lat' dir='ltr'><strong>communis</strong></span> <span class='ocrx_word' id='word_1_392' title='bbox 1164 4128 1401 4223; x_wconf 78' lang='lat' dir='ltr'><strong>generis</strong></span> <span class='ocrx_word' id='word_1_393' title='bbox 1458 4165 1587 4208; x_wconf 87' lang='lat' dir='ltr'><strong>esse</strong></span> <span class='ocrx_word' id='word_1_394' title='bbox 1648 4145 1898 4208; x_wconf 87' lang='lat' dir='ltr'><strong>dicatur.</strong></span> <span class='ocrx_word' id='word_1_395' title='bbox 1989 4148 2099 4208; x_wconf 90' lang='lat' dir='ltr'><strong>hac</strong></span> <span class='ocrx_word' id='word_1_396' title='bbox 2155 4146 2228 4209; x_wconf 88' lang='lat' dir='ltr'><strong>de</strong></span> <span class='ocrx_word' id='word_1_397' title='bbox 2275 4165 2483 4216; x_wconf 86' lang='lat' dir='ltr'><strong>causa,</strong></span> <span class='ocrx_word' id='word_1_398' title='bbox 2540 4147 2819 4224; x_wconf 85' lang='lat' dir='ltr'><strong>quoniam</strong></span> 
     </span>
     <span class='ocr_line' id='line_1_40' title="bbox 248 4243 2818 4329; baseline 0 -22"><span class='ocrx_word' id='word_1_399' title='bbox 248 4265 639 4329; x_wconf 85' lang='lat' dir='ltr'><strong>quaecumque</strong></span> <span class='ocrx_word' id='word_1_400' title='bbox 680 4243 965 4307; x_wconf 81' lang='lat' dir='ltr'><strong>vocabula</strong></span> <span class='ocrx_word' id='word_1_401' title='bbox 1008 4245 1329 4308; x_wconf 88' lang='lat' dir='ltr'><strong>masculina</strong></span> <span class='ocrx_word' id='word_1_402' title='bbox 1371 4248 1726 4308; x_wconf 85' lang='lat' dir='ltr'><strong>nominativo</strong></span> <span class='ocrx_word' id='word_1_403' title='bbox 1771 4267 1912 4309; x_wconf 85' lang='lat' dir='ltr'><strong>casu</strong></span> <span class='ocrx_word' id='word_1_404' title='bbox 1954 4251 2188 4310; x_wconf 87' lang='lat' dir='ltr'><strong>numeri</strong></span> <span class='ocrx_word' id='word_1_405' title='bbox 2232 4248 2546 4327; x_wconf 82' lang='lat' dir='ltr'><strong>singularis</strong></span> <span class='ocrx_word' id='word_1_406' title='bbox 2586 4245 2626 4307; x_wconf 89' lang='lat' dir='ltr'><strong>il</strong></span> <span class='ocrx_word' id='word_1_407' title='bbox 2665 4245 2818 4308; x_wconf 87' lang='lat' dir='ltr'><strong>litte·</strong></span> 
     </span>
     <span class='ocr_line' id='line_1_41' title="bbox 250 4348 2820 4429; baseline 0.001 -21"><span class='ocrx_word' id='word_1_408' title='bbox 250 4350 315 4408; x_wconf 85' lang='lat' dir='ltr'><strong>ris</strong></span> <span class='ocrx_word' id='word_1_409' title='bbox 355 4350 721 4412; x_wconf 83' lang='lat' dir='ltr'><strong>definiuntur</strong></span> <span class='ocrx_word' id='word_1_410' title='bbox 781 4356 840 4410; x_wconf 89' lang='lat' dir='ltr'><strong>et</strong></span> <span class='ocrx_word' id='word_1_411' title='bbox 890 4367 961 4409; x_wconf 85' lang='lat' dir='ltr'><strong>cx</strong></span> <span class='ocrx_word' id='word_1_412' title='bbox 1005 4367 1106 4410; x_wconf 84' lang='lat' dir='ltr'><strong>sua</strong></span> <span class='ocrx_word' id='word_1_413' title='bbox 1161 4351 1358 4428; x_wconf 86' lang='lat' dir='ltr'><strong>specie</strong></span> <span class='ocrx_word' id='word_1_414' title='bbox 1415 4349 1693 4412; x_wconf 84' lang='lat' dir='ltr'><strong>vocabula</strong></span> <span class='ocrx_word' id='word_1_415' title='bbox 1747 4350 2024 4412; x_wconf 83' lang='lat' dir='ltr'><strong>feminina</strong></span> <span class='ocrx_word' id='word_1_416' title='bbox 2086 4351 2280 4412; x_wconf 79' lang='lat' dir='ltr'><strong>lacere</strong></span> <span class='ocrx_word' id='word_1_417' title='bbox 2333 4357 2614 4429; x_wconf 83' lang='lat' dir='ltr'><strong>possunt,</strong></span> <span class='ocrx_word' id='word_1_418' title='bbox 2672 4348 2820 4410; x_wconf 86' lang='lat' dir='ltr'><strong>hacc</strong></span> 
     </span>
     <span class='ocr_line' id='line_1_42' title="bbox 250 4443 2898 4532; baseline -0.002 -22"><span class='ocrx_word' id='word_1_419' title='bbox 250 4457 553 4514; x_wconf 77' lang='lat' dir='ltr'><strong>eommunis</strong></span> <span class='ocrx_word' id='word_1_420' title='bbox 621 4453 859 4532; x_wconf 81' lang='lat' dir='ltr'><strong>generis</strong></span> <span class='ocrx_word' id='word_1_421' title='bbox 921 4469 1049 4514; x_wconf 87' lang='lat' dir='ltr'><strong>esse</strong></span> <span class='ocrx_word' id='word_1_422' title='bbox 1108 4451 1587 4530; x_wconf 86' lang='lat' dir='ltr'><strong>pronuntiantur.</strong></span> <span class='ocrx_word' id='word_1_423' title='bbox 1678 4453 1820 4514; x_wconf 92' lang='lat' dir='ltr'><strong>item</strong></span> <span class='ocrx_word' id='word_1_424' title='bbox 1877 4453 1938 4514; x_wconf 91' lang='lat' dir='ltr'><strong>in</strong></span> <span class='ocrx_word' id='word_1_425' title='bbox 1998 4443 2110 4514; x_wconf 82' lang='lat' dir='ltr'><strong>bac</strong></span> <span class='ocrx_word' id='word_1_426' title='bbox 2174 4469 2355 4530; x_wconf 86' lang='lat' dir='ltr'><strong>supra</strong></span> <span class='ocrx_word' id='word_1_427' title='bbox 2407 4451 2558 4512; x_wconf 86' lang='lat' dir='ltr'><strong>dicta</strong></span> <span class='ocrx_word' id='word_1_428' title='bbox 2627 4451 2814 4512; x_wconf 83' lang='lat' dir='ltr'><strong>forma</strong></span> <span class='ocrx_word' id='word_1_429' title='bbox 2844 4465 2898 4507; x_wconf 65' lang='grc' dir='ltr'><strong>ιο</strong></span> 
     </span>
    </p>
   </div>
   <div class='ocr_carea' id='block_1_4' title="bbox 252 4627 2820 4838">
    <p class='ocr_par' dir='ltr' id='par_1_6' title="bbox 252 4627 2820 4838">
     <span class='ocr_line' id='line_1_43' title="bbox 252 4627 2820 4698; baseline 0.001 -20"><span class='ocrx_word' id='word_1_430' title='bbox 252 4627 345 4680; x_wconf 71' lang='lat' dir='ltr'><strong>bam</strong></span> <span class='ocrx_word' id='word_1_431' title='bbox 376 4648 403 4681; x_wconf 75' lang='grc' dir='ltr'><strong><em>ο</em></strong></span> <span class='ocrx_word' id='word_1_432' title='bbox 434 4647 529 4698; x_wconf 83' lang='lat' dir='ltr'><strong>per</strong></span> <span class='ocrx_word' id='word_1_433' title='bbox 568 4631 799 4698; x_wconf 70' lang='lat' dir='ltr'><strong>syllabas</strong></span> <span class='ocrx_word' id='word_1_434' title='bbox 836 4630 883 4681; x_wconf 74' lang='grc' dir='ltr'><em>Η</em></span> <span class='ocrx_word' id='word_1_435' title='bbox 1060 4631 1094 4682; x_wconf 90' lang='lat'>8</span> <span class='ocrx_word' id='word_1_436' title='bbox 1124 4631 1453 4683; x_wconf 77' lang='lat' dir='ltr'><strong>tractabimus</strong></span> <span class='ocrx_word' id='word_1_437' title='bbox 1487 4647 1518 4680; x_wconf 79' lang='lat' dir='ltr'><strong>r</strong></span> <span class='ocrx_word' id='word_1_438' title='bbox 1551 4632 1885 4682; x_wconf 76' lang='lat' dir='ltr'><strong>tractauimus</strong></span> <span class='ocrx_word' id='word_1_439' title='bbox 1927 4629 1970 4680; x_wconf 79' lang='lat' dir='ltr'><em>R</em></span> <span class='ocrx_word' id='word_1_440' title='bbox 2111 4631 2176 4682; x_wconf 84' lang='lat'><strong>15</strong></span> <span class='ocrx_word' id='word_1_441' title='bbox 2213 4631 2416 4695; x_wconf 79' lang='lat' dir='ltr'><strong>possint</strong></span> <span class='ocrx_word' id='word_1_442' title='bbox 2449 4647 2481 4680; x_wconf 90' lang='lat' dir='ltr'><strong>r</strong></span> <span class='ocrx_word' id='word_1_443' title='bbox 2518 4638 2736 4696; x_wconf 84' lang='lat' dir='ltr'><strong>possunt</strong></span> <span class='ocrx_word' id='word_1_444' title='bbox 2771 4629 2820 4680; x_wconf 78' lang='lat' dir='ltr'><em>R</em></span> 
     </span>
     <span class='ocr_line' id='line_1_44' title="bbox 336 4699 2819 4766; baseline -0 -17"><span class='ocrx_word' id='word_1_445' title='bbox 336 4699 399 4752; x_wconf 76' lang='lat'><strong>23</strong></span> <span class='ocrx_word' id='word_1_446' title='bbox 430 4717 529 4766; x_wconf 79' lang='lat' dir='ltr'><strong>qua</strong></span> <span class='ocrx_word' id='word_1_447' title='bbox 562 4719 595 4752; x_wconf 72' lang='grc' dir='ltr'><strong><em>υ</em></strong></span> <span class='ocrx_word' id='word_1_448' title='bbox 634 4715 765 4766; x_wconf 77' lang='lat' dir='ltr'><strong>quae</strong></span> <span class='ocrx_word' id='word_1_449' title='bbox 798 4701 841 4750; x_wconf 74' lang='lat' dir='ltr'><em>R</em></span> <span class='ocrx_word' id='word_1_450' title='bbox 969 4703 1037 4752; x_wconf 72' lang='lat'><strong>24</strong></span> <span class='ocrx_word' id='word_1_451' title='bbox 1075 4703 1282 4752; x_wconf 80' lang='lat' dir='ltr'><strong>uomina</strong></span> <span class='ocrx_word' id='word_1_452' title='bbox 1318 4719 1410 4755; x_wconf 86' lang='lat' dir='ltr'><strong>om.</strong></span> <span class='ocrx_word' id='word_1_453' title='bbox 1450 4701 1526 4752; x_wconf 80' lang='lat' dir='ltr'><strong>R:</strong></span> <span class='ocrx_word' id='word_1_454' title='bbox 1557 4700 1881 4760; x_wconf 78' lang='lat' dir='ltr'><strong>definiuntur,</strong></span> <span class='ocrx_word' id='word_1_455' title='bbox 1919 4700 2126 4750; x_wconf 79' lang='lat' dir='ltr'><strong>nomina</strong></span> <span class='ocrx_word' id='word_1_456' title='bbox 2161 4701 2332 4752; x_wconf 81' lang='lat' dir='ltr'><strong>venire</strong></span> <span class='ocrx_word' id='word_1_457' title='bbox 2367 4717 2395 4749; x_wconf 82' lang='grc' dir='ltr'><strong><em>υ</em></strong></span> <span class='ocrx_word' id='word_1_458' title='bbox 2501 4701 2572 4753; x_wconf 81' lang='grc'><strong>26</strong></span> <span class='ocrx_word' id='word_1_459' title='bbox 2600 4700 2819 4750; x_wconf 79' lang='lat' dir='ltr'><strong>debeant</strong></span> 
     </span>
     <span class='ocr_line' id='line_1_45' title="bbox 256 4766 2094 4838; baseline 0.001 -20"><span class='ocrx_word' id='word_1_460' title='bbox 256 4766 317 4818; x_wconf 73' lang='lat' dir='ltr'><strong>R·</strong></span> <span class='ocrx_word' id='word_1_461' title='bbox 436 4771 505 4824; x_wconf 78' lang='lat'><strong>33</strong></span> <span class='ocrx_word' id='word_1_462' title='bbox 542 4773 748 4835; x_wconf 82' lang='lat' dir='ltr'><strong>utrique</strong></span> <span class='ocrx_word' id='word_1_463' title='bbox 777 4787 807 4821; x_wconf 77' lang='grc' dir='ltr'>υ</span> <span class='ocrx_word' id='word_1_464' title='bbox 844 4771 945 4820; x_wconf 85' lang='lat' dir='ltr'><strong>utri</strong></span> <span class='ocrx_word' id='word_1_465' title='bbox 981 4771 1028 4822; x_wconf 81' lang='lat' dir='ltr'><em>R</em></span> <span class='ocrx_word' id='word_1_466' title='bbox 1163 4771 1231 4824; x_wconf 75' lang='lat'><strong>34</strong></span> <span class='ocrx_word' id='word_1_467' title='bbox 1272 4771 1577 4838; x_wconf 77' lang='lat' dir='ltr'><strong>respondeat</strong></span> <span class='ocrx_word' id='word_1_468' title='bbox 1602 4787 1632 4822; x_wconf 79' lang='grc' dir='ltr'><strong><em>υ</em></strong></span> <span class='ocrx_word' id='word_1_469' title='bbox 1667 4769 2012 4838; x_wconf 82' lang='lat' dir='ltr'><strong>respondeant</strong></span> <span class='ocrx_word' id='word_1_470' title='bbox 2047 4769 2094 4820; x_wconf 81' lang='lat' dir='ltr'><em>R</em></span> 
     </span>
    </p>
   </div>
   <div class='ocr_carea' id='block_1_5' title="bbox 340 4859 2402 4922">
    <p class='ocr_par' dir='ltr' id='par_1_7' title="bbox 340 4859 2402 4922">
     <span class='ocr_line' id='line_1_46' title="bbox 340 4859 2402 4922; baseline -0.001 -4"><span class='ocrx_word' id='word_1_471' title='bbox 340 4875 661 4920; x_wconf 62' lang='lat' dir='ltr'><strong>summ.</strong></span> <span class='ocrx_word' id='word_1_472' title='bbox 694 4877 853 4920; x_wconf 65' lang='lat' dir='ltr'><strong>nm.</strong></span> <span class='ocrx_word' id='word_1_473' title='bbox 888 4879 1013 4922; x_wconf 87' lang='lat'>1111.</span> <span class='ocrx_word' id='word_1_474' title='bbox 2364 4859 2402 4916; x_wconf 81' lang='lat'>5</span> 
     </span>
    </p>
   </div>
  </div>
 </body>
</html>
