3434 5442
624 345 804 392 xvm
1721 331 2141 394 PRAEFATIO

620 523 1001 596 sequentibus
1044 523 1081 580 b
1123 523 1216 580 vel
1259 537 1314 580 m
1359 523 1455 581 vel
1491 538 1539 594 p
1584 527 1834 581 auctore
1880 522 2081 582 Plinio
2124 527 2181 580 et
2228 521 2563 596 Papiriano
2608 527 2665 580 et
2708 520 2939 593 Probo,
3000 526 3065 578 ut
3104 521 3211 578 im-

620 625 788 683 bibo:
835 629 972 700 150,
1021 626 1081 688 6.
1141 626 1284 701 213,
1337 627 1412 687 12
1459 624 1694 682 Probus
1736 626 1915 683 etiam
1962 625 2119 682 alius
2162 625 2289 682 alia
2334 623 2507 681 aliud
2549 624 2709 682 inter
2737 625 2984 682 nomina
3004 623 3213 696 posuit

622 731 686 785 ct
732 728 883 800 283,
943 731 979 788 7
1041 726 1241 784 aliud:
1305 726 1420 784 lzoc
1475 727 1630 784 enim
1689 741 1901 784 nomen
1957 741 2082 784 esse
2140 733 2197 784 et
2242 724 2474 784 Probus
2528 726 2589 782 in
2650 725 2933 784 institutis
2988 725 3211 782 artium

623 829 882 886 ostendit
925 833 984 886 et
1027 829 1190 886 ratio
1233 829 1397 902 ipsa,
1450 828 1526 886 de
1567 845 1687 902 qua
1734 830 1795 886 in
1834 831 2195 902 pronomine
2235 829 2420 886 latius
2462 827 2875 885 tractabimus.
2954 825 3215 885 ostendit

621 935 820 988 autem
870 929 1098 988 Probus
1139 930 1232 988 his
1275 931 1502 1003 verbis,
1555 930 1702 989 ‘hoc
1748 947 1933 990 unum
1976 946 2187 989 nomen
2233 935 2499 1002 tantum,
2549 929 2616 988 id
2656 936 2743 986 est
2784 930 2969 1000 alius,
3029 943 3211 1002 quam

620 1033 884 1090 maxime
923 1039 1180 1106 propter
1223 1039 1564 1092 structuras
1603 1033 1881 1105 qenetivo
1924 1039 1981 1091 et
2038 1033 2244 1090 dativo
2286 1047 2436 1090 casu
2478 1033 2718 1090 numeri
2753 1031 3086 1104 sinqularis
3126 1031 3215 1088 sic

623 1133 904 1191 anomale
945 1135 1366 1205 confirmatum
1409 1137 1488 1194 sit
1530 1135 1849 1207 declinari,
1898 1134 1998 1193 laic
2042 1135 2201 1194 alius
2241 1133 2418 1192 liuius
2460 1134 2619 1192 alius
2661 1133 2804 1192 kuic
2848 1133 2960 1190 alii
2967 1133 3019 1188 :³
3069 1135 3211 1205 105,

623 1237 726 1299 23.
816 1237 971 1311 301,
1022 1241 1101 1299 14
1153 1236 1352 1296 Probo
1406 1243 1606 1295 tamen
1663 1243 1722 1294 et
1764 1236 2121 1310 quibusdam
2177 1237 2317 1294 aliis
2360 1237 2579 1294 artium
2637 1234 3035 1310 scriptoribus
3076 1240 3134 1291 et
3178 1248 3213 1291 o

620 1337 881 1395 Pentbee
925 1344 982 1395 et
1027 1354 1062 1396 o
1116 1337 1314 1414 Tydee
1357 1345 1416 1397 et
1457 1339 1687 1398 Ilionee
1739 1353 1913 1412 posse
1972 1339 2103 1396 dici
2152 1338 2473 1396 secundum
2519 1337 2799 1396 Latinam
2859 1336 3210 1408 analoqiam

609 1440 855 1512 placet:
917 1444 1068 1514 103,
1135 1444 1233 1503 14.
1338 1445 1564 1499 contra
1617 1435 1778 1498 alios
1835 1434 2033 1499 Probi
2086 1434 2318 1515 libros,
2379 1436 2492 1520 qui
2548 1456 2718 1497 nunc
2774 1454 2904 1496 non
2961 1439 3209 1510 extant,

619 1537 850 1600 citavit
906 1536 1006 1600 his
1053 1536 1239 1616 locis,
1298 1558 1459 1622 quos
1515 1536 1776 1622 quidem
1832 1535 1915 1600 ad
1958 1537 2299 1623 Berytium
2342 1537 2833 1620 grammaticum
2889 1534 3212 1619 pertinere

619 1639 726 1701 vcl
781 1639 1164 1702 coniunctus
1231 1661 1378 1702 cum
1432 1637 1628 1702 Probi
1696 1636 1955 1702 nomine
2012 1637 2225 1724 Caper
2292 1636 2398 1702 vel
2463 1660 2816 1702 consensus
2872 1635 3210 1700 Diomedis

619 1739 1024 1822 grammatici
1071 1739 1491 1804 demonstrat.
1552 1761 1704 1803 nam
1736 1749 1807 1803 ut
1836 1739 2207 1804 Priscianus
2238 1737 2381 1803 aliis
2425 1740 2801 1804 auctoribus
2832 1748 2898 1802 et
2927 1739 3212 1803 maxime

625 1841 839 1926 Capro
887 1841 1124 1905 debere
1169 1842 1430 1906 videtur
1473 1843 1690 1905 omnia
1733 1863 1900 1927 quae
1930 1852 2191 1927 praeter
2218 1841 2334 1906 illa
2364 1863 2530 1928 quae
2560 1863 2757 1926 supra
2786 1841 3029 1925 scripta
3059 1849 3213 1904 sunt

619 1965 704 2006 ex
747 1942 964 2008 Probo
1022 1942 1274 2024 attulit,
1335 1943 1430 2008 ita
1484 1942 1870 2007 Diomedem
1923 1946 2163 2008 veteris
2219 1943 2395 2008 illius
2452 1943 2704 2029 Berytii
2759 1942 2962 2027 copiis
3018 1964 3211 2006 usum

617 2067 760 2109 esse
804 2055 1103 2110 constare
1163 2053 1323 2129 puto
1378 2045 1457 2109 iis
1514 2068 1680 2130 quae
1736 2045 1863 2110 vol.
1910 2044 1941 2108 I
1985 2045 2261 2130 praefat.
2306 2069 2372 2132 p.
2418 2061 2491 2108 LI
2536 2067 2676 2131 sqq.
2725 2044 2805 2108 dc
2849 2065 2927 2107 ea
2970 2066 3040 2107 re
3084 2044 3213 2107 dis·

617 2148 866 2232 putavi.
953 2148 1175 2234 itaque
1219 2149 1426 2212 veteri
1470 2148 1895 2231 grammatico
1938 2146 2115 2212 haud
2160 2147 2358 2213 dubie
2402 2147 2723 2213 debentur
2763 2131 2957 2227 haee,
3004 2144 3133 2208 vol.
3176 2145 3211 2208 Ι

618 2272 682 2335 p.
733 2258 886 2329 115,
949 2255 1025 2317 18
1073 2253 1308 2313 Probus
1351 2255 1531 2313 etiam
1569 2255 1751 2329 ponit
1792 2255 1907 2314 hoc
1960 2255 2281 2330 alandium
2324 2256 2475 2315 haec
2517 2255 2876 2329 claudula„
2912 2257 3064 2327 171,
3131 2257 3207 2314 14

613 2372 807 2430 supra
851 2357 1152 2415 dictorum
1207 2361 1406 2416 tamen
1465 2358 1768 2416 nominum
1814 2374 1953 2416 usus
1994 2363 2054 2415 et
2106 2357 2280 2432 apud
2324 2357 2585 2432 Caprum
2630 2362 2687 2415 et
2730 2355 2902 2430 apud
2941 2354 3209 2414 Probum

619 2459 694 2516 de
738 2457 936 2516 dubiis
977 2458 1300 2531 qeneribus
1343 2460 1572 2518 invenis
1585 2477 1607 2526 ;
1655 2462 1798 2532 393,
1846 2460 1883 2522 8
1928 2461 2037 2518 sed
2076 2465 2137 2518 et
2178 2475 2385 2518 eorum
2428 2465 2486 2516 et
2524 2461 2903 2533 superiorum
2948 2459 3207 2516 omnium

619 2576 757 2619 usus
801 2565 922 2618 tam
967 2561 1138 2634 apud
1167 2561 1432 2635 Caprum
1463 2576 1642 2634 quam
1675 2560 1936 2620 Plinium
1966 2568 2022 2619 et
2051 2561 2313 2621 Probum
2342 2562 2610 2620 invenies
2643 2556 2888 2638 (Dioni.
2922 2578 2985 2639 p.
3020 2553 3209 2636 400);

622 2665 774 2736 445,
824 2665 902 2724 23
949 2677 1060 2721 nos
1103 2677 1336 2736 quoque
1379 2663 1438 2720 in
1478 2663 1818 2736 praeterito
1850 2661 2165 2736 persectO,
2217 2665 2378 2736 quod
2402 2679 2521 2738 pro
2566 2653 3096 2741 παρακειμένου,
3146 2661 3213 2718 id

618 2769 704 2822 est
735 2763 931 2837 paulo
976 2769 1118 2822 ante
1150 2762 1465 2837 persectO,
1525 2769 1583 2822 et
1627 2779 1755 2838 pro
1808 2754 2128 2842 ἀορίστου
2184 2770 2331 2824 teste
2372 2765 2577 2824 Probo
2628 2764 2914 2823 habemus
2958 2758 3207 2842 (Diom.

621 2867 772 2940 336,
823 2861 964 2944 10),
1025 2868 1180 2941 470,
1238 2869 1317 2929 12
1371 2880 1563 2939 supra
1621 2866 1803 2924 dictis
1848 2866 2086 2925 addunt
2129 2867 2373 2941 quidam
2417 2882 2565 2926 neco
2606 2851 2823 2925 necavi
2862 2867 2955 2925 vel
3006 2867 3203 2933 necui,

615 2968 771 3026 sicut
815 2972 873 3025 et
901 2966 1134 3026 Probus
1163 2973 1220 3026 et
1251 2968 1563 3027 Charisius
1593 2973 1652 3025 et
1681 2967 1997 3026 Diomedes
2030 2962 2275 3048 (Diom.
2309 2972 2461 3043 366,
2510 2964 2613 3047 3);
2659 2971 2811 3043 490,
2860 2972 2897 3033 8
2944 2982 2983 3025 (1
3014 2967 3202 3036 deleo,

617 3071 792 3128 cuius
834 3070 1120 3144 simplex,
1184 3071 1252 3128 id
1303 3076 1390 3128 est
1443 3071 1565 3142 le0,
1629 3071 1690 3127 in
1748 3085 1858 3128 usu
1912 3086 2032 3128 non
2083 3065 2201 3142 cst,
2264 3071 2550 3142 deletum,
2615 3086 2654 3127 a
2700 3069 2902 3128 delino
2960 3069 3203 3127 delitum

616 3172 920 3244 nascitur,
971 3173 1135 3244 quod
1177 3171 1411 3230 Probus
1453 3179 1512 3230 et
1558 3171 1757 3245 Caper
1800 3173 2181 3246 conprobant
2226 3166 2472 3251 (Diom.
2521 3176 2673 3246 375,
2722 3165 2866 3250 27)3
2924 3174 3077 3244 499,
3128 3173 3204 3230 17

616 3275 789 3348 sapio
833 3279 954 3332 tam
997 3275 1182 3348 sapui
1232 3275 1324 3332 vel
1377 3275 1539 3348 sapii
1591 3289 1771 3346 quam
1824 3275 2028 3348 sapivi
2070 3275 2401 3348 protulisse
2452 3280 2731 3334 auctores
2788 3274 3205 3340 inveniuntur;

619 3376 816 3434 Probo
861 3382 1062 3434 tamen
1103 3377 1290 3450 sapui
1316 3376 1530 3450 placet
1574 3376 1727 3448 dici,
1792 3376 2067 3435 Charisia
2109 3378 2292 3450 sapui
2332 3377 2426 3434 vel
2478 3378 2705 3450 sapivi,
2765 3374 2966 3448 Aspro
3008 3375 3212 3448 sapivi

615 3483 676 3535 et
727 3479 890 3551 sapii
938 3477 1264 3536 secundum
1331 3478 1699 3548 Varronem,
1774 3479 1939 3550 quod
1992 3477 2307 3536 Diomedes
2358 3479 2539 3535 etiam
2594 3477 2899 3551 approbat
2958 3471 3205 3554 (Dioni.

619 3581 775 3653 369,
823 3573 966 3658 25);
1024 3581 1175 3652 513,
1224 3585 1260 3643 7
1305 3579 1630 3638 nanciscor
1681 3579 1863 3636 etiam
1908 3585 2153 3637 nactum
2190 3577 2357 3649 facit
2400 3579 2621 3652 absque
2663 3597 2733 3652 n,
2799 3585 2866 3637 ut
2908 3577 3108 3636 Probo
3150 3583 3209 3636 et

619 3681 821 3754 Capro
865 3684 922 3738 et
955 3679 1220 3738 Pollioni
1258 3685 1315 3737 et
1346 3679 1548 3738 Plinio
1581 3681 1826 3753 placet:
1875 3683 2027 3752 529,
2078 3683 2117 3743 6
2164 3696 2392 3739 occano
2436 3683 2700 3740 occanui
2726 3713 2809 3724 —-
2836 3680 2945 3739 sed
2974 3679 3209 3738 Probus

619 3783 820 3840 occini
855 3797 1089 3855 quoque
1116 3783 1422 3840 existimat
1453 3782 1579 3840 dici
1593 3798 1803 3856 posse,
1854 3797 1989 3841 cum
2024 3782 2283 3856 simplex
2312 3798 2470 3841 cano
2498 3785 2697 3842 cecini
2715 3781 2922 3854 faciat
2954 3776 3206 3860 (Dioni.

619 3886 770 3956 373,
820 3879 966 3962 23),
1013 3886 1166 3958 534,
1215 3885 1294 3946 26
1338 3884 1567 3943 lacesso
1610 3884 1924 3943 lacessivi:
1976 3887 2065 3943 sic
2111 3885 2376 3958 Probus,
2427 3893 2485 3944 et
2527 3887 2767 3944 videtur
2808 3884 2959 3943 mihi
2996 3884 3207 3942 melius

617 3986 851 4056 dicere,
901 3985 1305 4059 participium
1349 3987 1504 4044 enim
1543 3988 1853 4060 passivum
1898 3988 2245 4060 lacessitus,
2316 3987 2512 4061 Caper
2556 3994 2754 4045 tamen
2798 3987 3020 4046 lacessi
3058 3986 3208 4044 dici!

619 4103 779 4152 esse:
826 4088 980 4161 535,
1028 4089 1108 4149 20
1145 4087 1326 4161 pinso
1361 4089 1576 4161 pinsui
1607 4087 1777 4161 facit
1816 4089 2247 4162 praeteritum,
2296 4089 2461 4162 quod
2488 4089 2722 4148 Probus
2750 4105 2861 4148 usu
2890 4089 3213 4162 Pomponii

616 4187 952 4261 conprobat
997 4180 1246 4266 (Diom.
1294 4191 1446 4265 373,
1495 4185 1596 4269 3);
1655 4193 1811 4265 539,
1872 4193 1909 4252 2
1948 4188 2144 4262 fulcio
2181 4187 2368 4263 fulsi,
2431 4192 2596 4264 quod
2636 4197 2692 4250 et
2736 4191 2937 4249 Probo
2975 4190 3203 4264 placet,

617 4292 888 4362 quamvis
932 4291 1042 4348 alii
1081 4290 1473 4366 differentiae
1515 4307 1704 4351 causa
1740 4290 1921 4362 sulxi
1952 4297 2316 4366 posuerunt,
2380 4298 2533 4368 541,
2585 4297 2661 4358 18
2708 4293 2839 4365 aio,
2888 4293 3061 4351 cuius
3106 4291 3207 4348 de-

615 4393 868 4450 clinatio
924 4393 988 4450 in
1042 4409 1153 4452 usu
1200 4389 1517 4467 frequenti
1565 4410 1686 4453 non
1740 4400 1854 4467 est,
1915 4399 2175 4467 quartae
2217 4395 2660 4467 coniuqationis
2702 4411 2828 4452 esse
2871 4393 3210 4453 ostenditur

619 4493 695 4551 ab
740 4495 1096 4568 imperativo
1138 4496 1200 4552 in
1246 4497 1271 4552 i
1310 4499 1666 4556 terminato:
1707 4497 1795 4555 sic
1838 4489 1993 4554 enim
2026 4495 2256 4555 Probus
2285 4497 2360 4554 de
2391 4497 2569 4556 dubio
2608 4495 2889 4572 perfecto
2932 4501 3210 4555 tractans

619 4595 877 4654 ostendit
923 4595 1212 4656 Naevium
1249 4599 1573 4671 protulisse
1617 4593 1867 4677 (Dioni.
1916 4601 2069 4673 374,
2120 4594 2209 4678 1).
2298 4592 2457 4658 haec
2502 4595 2702 4678 igitur
2746 4595 2991 4673 omnia,
3040 4614 3207 4678 quae

618 4693 814 4756 Probi
860 4695 1117 4755 nomine
1161 4694 1476 4778 inscripta
1519 4693 1708 4781 apud·
1728 4694 2133 4758 Priscianum
2180 4704 2439 4776 extant,
2486 4697 2687 4782 siquis
2734 4697 2901 4760 inter
2946 4717 3015 4758 se
3058 4717 3209 4758 con-

618 4795 976 4876 paraverit,
1047 4794 1242 4858 facile
1307 4795 1650 4880 adparebit
1705 4796 2112 4861 Priscianum
2166 4818 2293 4860 non
2352 4797 2555 4861 solum
2616 4798 3081 4864 catholicorum
3140 4805 3210 4859 ct
