3434 5442
1061 362 1834 427 cATnoL1cA153—5s
1997 440 2012 457 ¹
2491 336 2503 346 '
2652 364 2798 427 31·

283 492 323 533 p.
350 478 455 520 1⁴70.
474 478 523 519 π
552 478 598 519 r.
2324 492 2367 533 p.
2397 478 2558 523 1³2.ae
2585 480 2634 523 1..

198 569 329 621 mm,
373 552 505 611 civis
536 550 713 612 huius
757 553 913 621 civis,
955 551 1103 612 baec
1146 553 1235 611 vis
1278 551 1452 612 huius
1482 552 1565 612 vis
1606 558 1664 612 et
1694 550 1904 631 plurali
1942 551 2054 612 bae
2099 550 2198 620 vis,
2245 552 2398 611 sicut
2427 550 2738 613 Lucretius

120 666 127 673 ·
196 660 243 713 et
270 652 467 714 Varro·
512 670 645 713 nam
676 652 789 714 hae
822 654 979 714 vires
1018 670 1267 713 numero
1310 670 1549 732 semper
1578 652 1792 733 plurali
1835 652 2219 714 declinantur.
2285 670 2388 713 vos
2415 672 2522 714 vus
2555 670 2734 732 supra

193 754 341 817 docui
381 756 531 854 quod
576 754 869 817 secundae
912 762 1052 817 'sunt
1104 754 1537 826 declinationiS,
1595 756 1647 815 vi
1696 754 1914 817 faciunt
1960 756 2256 835 genetivo,
2310 772 2516 815 cervos
2558 756 2733 825 certi,

192 874 367 918 servus
410 858 578 919 servi.
668 874 801 918 xas.
860 856 1085 919 nullum
1142 858 1381 938 repperi
1436 874 1652 918 nomen
1710 856 1824 918 hac
1874 844 2090 939 syllaba
2147 858 2542 919 terminatum.
2633 874 2736 919 xes

192 977 307 1019 vero
346 960 748 1037 producuntur
793 968 850 1021 et
884 962 1089 1022 tertiae
1132 968 1269 1021 sunt
1310 940 1746 1029 declinationis,
1791 960 1878 1021 xis
1923 960 2143 1020 faciunt
2183 959 2470 1037 genetivo,
2515 959 2736 1019 Araxes
2787 988 2812 1027 ⁵

189 1062 385 1131 Araxis,
426 1061 651 1123 Xerxes
693 1060 921 1122 Xerxis
1011 1063 1099 1122 xis
1142 1061 1345 1123 Latina
1390 1061 1476 1123 sic
1520 1060 2006 1123 terminabuntur
2037 1068 2094 1123 et
2136 1062 2434 1140 genetivo,
2478 1060 2576 1121 hic
2615 1062 2738 1121 axis

190 1162 340 1225 huius
380 1165 531 1235 axis;
574 1164 797 1237 Graeca
846 1171 903 1224 et
931 1164 1020 1224 xis
1050 1170 1108 1224 et
1138 1163 1244 1229 dis,
1288 1163 1384 1223 bic
1415 1162 1605 1224 Alexis
1650 1162 1826 1225 huius
1859 1162 2053 1225 Alexis
2095 1162 2186 1224 vel
2215 1161 2489 1233 Alexidis,
2531 1164 2736 1223 tertiae

189 1263 578 1327 declinationis.
668 1282 775 1327 xos
819 1266 1220 1345 corripiuntur
1263 1272 1321 1326 et
1364 1264 1588 1326 Graeca
1647 1273 1784 1327 sunt
1839 1266 2134 1327 secundae
2187 1264 2616 1335 declinationis,
2681 1266 2736 1326 xi

189 1366 383 1428 iaciunt
421 1370 710 1446 genetivo,
752 1367 899 1428 haec
944 1366 1140 1427 Naxos
1180 1366 1353 1429 buius
1394 1366 1570 1428 Naxi:
1607 1365 1900 1447 Vergilius
2143 1436 2166 1460 Ι

458 1468 1053 1549 bacchatamque
1097 1468 1296 1546 iugis
1338 1467 1608 1530 Naxon.
2763 1494 2812 1535 no

188 1578 356 1649 potest
414 1571 561 1633 haec
614 1571 811 1633 Naxus
874 1570 1049 1633 huius
1102 1570 1248 1632 Naxi
1310 1572 1463 1632 hanc
1518 1570 1746 1633 Naxum
1799 1570 1930 1631 dici.
2017 1588 2126 1631 xus
2185 1572 2380 1632 omnia
2443 1572 2736 1634 secundae

188 1682 305 1732 sunt
342 1674 775 1743 declinationiS,
824 1674 878 1735 xi
926 1673 1145 1734 faciunt
1188 1674 1486 1751 genetivo,
1532 1671 1701 1734 laxus
1745 1672 1890 1743 laxi,
1936 1670 2129 1733 fluxus
2168 1672 2340 1743 fluxi,
2390 1680 2558 1735 taxus
2597 1678 2734 1747 taxi,

188 1772 357 1835 buxus
408 1775 568 1837 buxi.
662 1776 953 1856 excipitur
1006 1792 1189 1836 unum
1246 1772 1507 1857 quarltae
1566 1772 1969 1835 declinationis
2019 1792 2128 1834 xus
2179 1776 2400 1837 faciens
2451 1778 2737 1853 genetivo,

188 1875 267 1935 hic
288 1876 449 1939 luxus
476 1878 656 1939 buius
684 1878 875 1949 luxuS,
920 1878 1215 1939 luxuriam
1248 1874 1473 1937 scilicet
1500 1877 1864 1955 significans:
1906 1876 2220 1938 Terentius
2255 1877 2738 1941 ‘adulescens

188 1976 335 2039 luxu
373 1981 773 2059 perditus’.
832 1997 970 2040 nam
1016 1979 1189 2040 luxus
1234 1976 1510 2042 vacillans
1550 1978 1725 2039 huius
1767 1976 1887 2039 luxi
1929 1979 2094 2039 lacit:
2137 1976 2444 2042 Sallustius
2483 1980 2732 2043 ablativo
2760 2005 2808 2047 ιε

190 2077 371 2141 ‘luxo
412 2082 650 2161 pede'.
718 2100 817 2143 zas
852 2080 1105 2143 barbara
1154 2086 1293 2141 sunt
1336 2080 1558 2159 primae
1604 2079 2023 2152 declinationiS,
2067 2084 2169 2141 'zae
2200 2082 2418 2142 iaciunt
2445 2084 2732 2160 genetivo,

188 2179 265 2241 hic
306 2182 561 2245 Ormizas
608 2184 783 2245 buius
827 2184 1116 2245 Ormizae.
1207 2202 1305 2244 zes
1350 2190 1407 2243 et
1446 2184 1567 2262 ipsa
1627 2180 1880 2243 barbara
1938 2182 2224 2261 producta
2279 2184 2503 2261 primae
2555 2184 2735 2247 decli·

188 2286 435 2355 nationis,
478 2285 801 2347 Artabazes
846 2284 1183 2347 Artabazae.
1274 2285 1357 2345 zis
1400 2302 1501 2345 zos
1540 2304 1643 2346 zus
1696 2282 1934 2365 syllabis
1989 2283 2144 2351 nulla
2203 2286 2438 2347 nomina
2493 2288 2734 2366 repperi

186 2388 477 2449 terminata.

328 2488 403 2549 T:
447 2489 559 2551 hac
606 2489 797 2551 littera
843 2489 960 2549 duo
990 2490 1225 2551 nomina
1271 2495 1495 2549 tantum
1526 2488 1702 2549 modo
1735 2487 1936 2551 Latina
1985 2490 2290 2551 terminata
2335 2492 2730 2569 reperiuntur,
2759 2512 2812 2553 zo

188 2606 343 2651 unum
384 2590 801 2655 indeclinabile
842 2591 957 2653 hoc
1002 2593 1118 2670 git,
1177 2610 1366 2671 genus
1408 2591 1650 2652 seminis
1696 2591 1877 2668 nigri,
1939 2608 2058 2670 quo
2096 2592 2262 2669 panis
2313 2592 2617 2676 conditur,
2679 2600 2737 2654 et

187 2708 341 2754 unum
384 2695 590 2756 tertiae
644 2692 1046 2755 declinationis
1091 2696 1166 2754 tis
1209 2694 1428 2754 faciens
1472 2693 1742 2773 genetivo
1799 2700 1976 2773 caput
2029 2694 2263 2774 capitis,
2323 2694 2614 2775 et¹siquid
2659 2694 2732 2755 ab

188 2810 245 2853 eo
290 2798 557 2859 nascitur.
648 2798 904 2876 sinciput
950 2796 1231 2875 sincipitis
1289 2796 1474 2856 Varro
1524 2795 1721 2873 posuit
1773 2795 1856 2885 in¹
1883 2794 2080 2858 AetiiS.
2173 2814 2208 2857 u
2253 2795 2442 2857 littera
2497 2798 2734 2857 nomina

186 2898 459 2959 terminata
502 2898 701 2959 omnia
748 2906 954 2959 neutra
994 2905 1131 2958 sunt
1166 2904 1409 2977 quartae
1454 2896 1856 2958 declinationis
1901 2916 1939 2959 u
1985 2898 2355 2961 terminantia
2401 2901 2732 2977 genetivum

188 3004 235 3055 et
266 2998 504 3062 dativum
549 3008 609 3062 et.
654 2999 1000 3070 ablativum,
1048 2999 1151 3061 sed
1194 2999 1515 3080 producto;
1563 3000 1982 3060 nominativum
2027 3000 2419 3061 accusativum
2463 3008 2521 3061 et
2563 3018 2730 3061 voca·
2760 3024 2810 3065 2⁵

188 3099 337 3161 tivum
378 3120 415 3163 u
452 3103 803 3171 terminant,
848 3100 951 3165 sed
993 3108 1295 3181 correpto,
1332 3108 1399 3163 ut
1438 3102 1555 3163 hoc
1583 3098 1611 3183 ΙΙ
1642 3118 1828 3163 cornu
1873 3099 2008 3179 gelu
2053 3120 2207 3181 genu
2251 3120 2424 3173 veru,
2472 3110 2530 3164 et
2570 3104 2732 3183 siqua

190 3200 317 3263 talia.
400 3204 723 3266 docueram
786 3212 982 3265 tamen
1028 3205 1187 3283 quod
1254 3212 1459 3284 quarta
1504 3203 1818 3265 declinatio
1859 3218 2078 3279 genere
2133 3203 2366 3283 quidem
2413 3204 2738 3265 masculino

189 3310 237 3361 et
270 3305 535 3367 feminino
570 3324 643 3368 us
688 3308 955 3385 genetivo
997 3307 1433 3375 terminaretur,
1475 3308 1533 3365 in
1566 3324 1784 3385 genere
1818 3323 1955 3366 vero
1987 3312 2196 3366 neutro
2237 3324 2295 3375 u,
2338 3305 2510 3367 huius
2549 3323 2734 3367 cornu

190 3404 301 3482 gelu
344 3426 478 3470 veru
524 3426 704 3488 genu.
796 3428 863 3469 x:
909 3392 1023 3469 bac
1056 3407 1248 3469 littera
1292 3408 1601 3469 terminata
1646 3408 1838 3468 omnia
1887 3408 2092 3467 tertiae
2123 3414 2261 3468 sunt
2301 3406 2734 3469 declinationis:

190 3524 303 3568 nam
342 3512 387 3569 is
430 3511 647 3571 faciant
688 3512 957 3588 genetivo
1004 3528 1246 3571 necesse
1290 3517 1379 3571 est
1420 3516 1555 3570 ante
1596 3528 1726 3571 eam
1767 3526 1800 3569 c
1846 3506 1932 3571 vel
1977 3526 2016 3588 g
2056 3511 2272 3587 posita,
2321 3518 2386 3571 ut
2429 3512 2526 3589 pix
2565 3511 2731 3589 picis,
2759 3534 2812 3575 ao

190 3624 275 3669 arx
312 3614 483 3683 arcis,
540 3630 661 3673 nux
704 3614 901 3681 nucis,
960 3630 1103 3673 crux
1165 3614 1390 3681 crucis,
1450 3630 1555 3673 rex
1612 3612 1806 3689 regis,
1863 3628 2008 3688 grex
2060 3612 2272 3690 gregis.
2311 3676 2319 3683 ,
2365 3614 2736 3692 excipiuntur

194 3720 454 3787 quattuor,
499 3732 653 3793 quae
696 3732 808 3775 nec
839 3714 923 3775 cis
964 3714 1183 3775 faciunt
1213 3715 1481 3793 genetivo
1522 3732 1634 3775 nec
1666 3713 1771 3792 giS,
1819 3716 1914 3774 nix
1947 3714 2109 3781 nivis,
2157 3731 2274 3773 nox
2303 3716 2510 3785 noctis,
2557 3731 2734 3777 senex

196 3814 342 3886 senis,
386 3816 653 3895 supellex
694 3814 1098 3894 supellectilis:
1154 3816 1467 3878 Terentius
1508 3814 2041 3894 ‘supellectile
2097 3832 2282 3893 opus
2327 3820 2488 3877 est’.
2581 3818 2736 3878 unde

196 3932 223 3972 x
256 3914 427 3979 littera
468 3936 833 3997 supervacua
863 3936 981 3979 non
1014 3925 1121 3989 est,
1167 3919 1319 3979 sicut
1362 3916 1713 3996 quibusdam
1763 3916 1970 3997 placet.
2031 3936 2066 3997 y
2095 3936 2154 3978 z:
2201 3918 2292 3980 his
2319 3918 2530 3980 litteris
2571 3917 2728 3979 nulla

196 4019 396 4081 nomina
434 4023 843 4083 terminantur.
966 4022 971 4027 ’
2339 4038 2347 4047 ·
2761 4040 2813 4082 aa

312 4240 333 4291 l
372 4242 491 4293 hacc
523 4243 604 4294 uis
637 4242 789 4292 liuius
816 4242 896 4291 uis
933 4252 981 4291 et
1002 4241 1263 4307 plutaliter
1295 4240 1391 4291 liae
1412 4242 1491 4290 uis
1522 4256 1587 4304 p:
1628 4240 1781 4291 liuius
1801 4241 1880 4289 uis
1899 4249 1946 4289 et
1971 4240 2064 4305 piu
2092 4240 2190 4291 hae
2207 4240 2290 4290 uis
2319 4242 2419 4291 alio
2442 4246 2737 4301 atramento,

196 4314 241 4355 81
256 4314 392 4361 υἰειηιι
410 4305 495 4362 est
519 4312 886 4376 Lindemanm,
922 4314 1270 4376 superscripta
1304 4319 1419 4361 sune
1452 4314 1501 4359 t‘n
1537 4312 1589 4363 B
1727 4312 1858 4361 sicut
1893 4325 2075 4360 reueus
2107 4316 2272 4375 (corr.
2297 4310 2476 4375 renus)
2513 4322 2562 4359 et
2587 4324 2736 4361 uarro

199 4376 237 4425 B
264 4380 377 4431 sicut
406 4384 651 4433 ritiennus
686 4394 737 4431 et
771 4396 919 4433 uarro
943 4398 979 4446 p
1016 4384 1149 4433 sicut
1180 4382 1445 4432 'let-entius
1476 4396 1537 4437 5:
1576 4382 1645 4445 cf.
1669 4396 1902 4447 supr-ap.
1918 4380 2072 4433 1461.
2119 4382 2322 4433 Lucret.
2347 4382 2389 4429 11
2405 4380 2508 4433 586
2545 4379 2736 4431 111265

310 4448 341 4500 9
372 4448 653 4519 Vergilius]
695 4452 826 4503 Aen.
864 4452 931 4502 Ill
978 4454 1070 4503 125
1214 4454 1273 4504 14
1309 4451 1395 4501 hic
1428 4450 1580 4500 luxus
1615 4466 1649 4508 ς
1685 4450 1814 4501 haec
1845 4452 1996 4501 luxus
2032 4450 2084 4499 B
2185 4448 2476 4515 Terentius]
2515 4450 2734 4516 Adelph.

2079 4516 2128 4557 in
2146 4516 2260 4557 actia

198 4564 267 4616 llll
300 4573 345 4626 7.
369 4573 437 4623 42
614 4575 674 4624 15
722 4574 941 4623 ablativo
984 4575 1377 4639 superscriptwn
1403 4581 1481 4622 est
1508 4573 1559 4622 in
1596 4570 1645 4621 B
1819 4570 1888 4622 23
1937 4572 2106 4637 posuit
2137 4587 2170 4621 u
2209 4573 2372 4621 littera
2405 4572 2488 4623 B:
2523 4571 2571 4621 in
2609 4573 2736 4623 actia

198 4644 441 4693 recentiore
466 4648 745 4694 maneum
777 4648 1013 4725 emptum
1048 4658 1161 4693 esse
1203 4644 1441 4693 indicavit
1473 4644 1861 4693 Lindemannus.
1919 4644 1967 4691 in
2011 4643 2156 4693 Aetia
2189 4644 2402 4695 coniecit
2437 4642 2738 4693 Lindeman-

199 4700 300 4759 πῶς
336 4714 401 4775 cs.
432 4714 871 4777 ckaris.p.117.
936 4716 984 4763 iu
1022 4714 1304 4763 actionibus
1352 4712 1651 4762 Bit-selteliua
1690 4712 1756 4762 de
1795 4714 1850 4765 V
1845 4728 1954 4765 arr
2003 4714 2229 4779 loyiscor.
2268 4710 2453 4777 (Bonn.
2495 4728 2542 4763 a.
2581 4712 2735 4777 1845)

196 4791 243 4839 Ρ·
280 4778 340 4827 lX
489 4784 557 4833 ’25
592 4785 903 4842 nominatibo
933 4798 1039 4833 acc.
1078 4792 1243 4834 uocat.
1272 4798 1305 4831 u
1335 4782 1600 4833 terminato
1639 4781 1688 4832 B
1850 4780 1920 4833 30
1957 4780 2141 4833 faciant
2178 4796 2212 4839 ς
2259 4782 2450 4833 faciunt
2481 4782 2533 4833 B
2669 4782 2737 4833 33

201 4842 691 4929 TerentiusJ-Pleom.
732 4856 817 4905 llll
858 4854 907 4919 3,
932 4854 995 4905 61
1139 4854 1203 4905 34
1240 4867 1561 4918 superuacua
1596 4850 1694 4901 ιἰὀιὶ
1735 4861 1811 4901 est
1844 4848 1934 4901 B
