3434 5442
930 392 1343 455 EXPLANAT.
1391 391 1468 452 ΙΝ
1516 389 1872 452 DONATVM
1915 390 2055 452 LlB.
2104 390 2124 449 1
2692 394 2813 458 493

2407 509 2448 549 p.
2475 495 2564 539 491.
2591 497 2643 538 92
2670 497 2715 539 L.

246 579 531 659 quidquid
577 581 731 639 enirn
777 581 965 659 gignit
1008 590 1106 642 aut
1150 581 1437 659 gignitur,
1483 579 1597 641 hoc
1640 585 1836 658 potest
1877 595 2064 656 genus
2108 576 2223 637 dici
2267 584 2326 636 et
2367 594 2554 654 genus
2597 576 2812 638 facere.

244 681 403 760 quod
448 681 499 740 si
544 699 746 741 verum
791 689 907 752 est,
954 679 1113 743 nulla
1153 689 1349 761 potest
1390 699 1487 742 res
1543 683 1838 758 integrum
1895 696 2081 756 genus
2125 677 2344 738 habere
2389 678 2502 738 nisi
2545 679 2816 740 masculi-

244 800 387 842 num
435 791 495 843 et
539 781 907 844 femininum.
984 800 1128 862 ergo
1170 786 1231 844 in
1279 781 1628 844 animalibus
1664 799 1975 862 possumus
2019 789 2179 842 certa
2223 798 2458 870 genera·
2487 779 2815 860 deprehen-

246 884 409 955 dere,
456 891 703 964 utputa
756 885 855 946 hic
913 904 1127 965 equuS,
1173 885 1321 946 haec
1366 904 1545 966 equa;
1593 892 1791 946 cetera
1838 900 2004 956 vero,
2051 902 2199 964 quae
2243 900 2530 960 generare
2573 889 2674 943 aut
2716 901 2815 962 ge-

244 988 444 1048 nerari
488 1005 609 1047 non
652 995 925 1067 possunt,
978 1006 1095 1048 non
1125 985 1347 1048 habent
1376 995 1536 1049 certa
1580 1003 1798 1065 genera
1843 1003 1874 1046 a
1919 993 2161 1057 natura,
2207 984 2308 1046 sed
2354 984 2427 1044 ab
2472 985 2816 1045 auctoritate
2843 1000 2868 1039 ⁵

242 1090 587 1168 suscipiunt.
676 1097 850 1169 atque
914 1092 977 1151 in
1040 1089 1133 1150 his
1196 1087 1541 1169 plerumque
1600 1075 1920 1150 auctoritas
1976 1096 2167 1149 nutat:
2224 1096 2366 1167 puta
2417 1086 2665 1166 legimus
2720 1087 2817 1147 hic

243 1189 391 1251 silex
451 1200 511 1250 et
562 1190 708 1252 haec
762 1190 936 1262 silex,
993 1191 1244 1270 legimus
1302 1192 1397 1252 hic
1455 1199 1656 1253 cortex
1714 1197 1772 1251 et
1816 1190 1962 1250 11333
2004 1197 2226 1251 cortex.
2315 1207 2464 1269 quae
2509 1207 2681 1250 causa
2729 1195 2817 1250 est

242 1290 653 1364 dubitationis,
710 1293 822 1353 nisi
875 1294 1031 1374 quod
1088 1301 1297 1355 natura
1351 1292 1433 1354 ibi
1488 1311 1608 1354 non
1665 1301 1781 1364 est,
1839 1311 1988 1373 quae
2043 1309 2248 1374 sexum
2293 1292 2634 1352 confirmet?
2707 1309 2818 1351 nec

242 1393 530 1457 audemus
588 1413 722 1464 nos,
783 1397 1061 1474 quoniam
1120 1413 1306 1474 genus
1349 1413 1467 1457 non
1514 1404 1601 1456 est
1644 1397 1703 1455 in
1749 1396 2001 1474 pariete,
2062 1392 2216 1454 aliud
2263 1392 2488 1463 dicere,
2535 1411 2708 1473 quam
2755 1401 2820 1455 ut

242 1494 511 1575 legimus,
602 1496 701 1558 ubi
746 1499 901 1559 enim
961 1515 1055 1558 ars
1112 1497 1337 1568 deficit,
1398 1496 1660 1558 succedit
1713 1498 2047 1558 3331311133.
2135 1496 2330 1555 omnia
2371 1496 2552 1574 igitur
2596 1511 2891 1574 generato

240 1598 589 1679 principalia
638 1598 754 1660 duo
798 1610 935 1660 sunt
979 1607 1226 1671 tantum,
1271 1597 1496 1681 reliqua
1526 1619 1665 1660 vero
1710 1598 1849 1660 inde
1894 1597 2276 1658 descendunt.
2337 1614 2472 1658 nam
2502 1615 2815 1659 commune

241 1719 433 1779 genus
490 1699 635 1762 nihil
689 1711 778 1763 est
834 1701 1019 1773 aliud,
1078 1703 1190 1762 nisi
1246 1701 1630 1762 masculinum
1690 1709 1750 1762 et
1793 1701 2172 1771 femininum;
2218 1706 2491 1760 neutrum
2539 1698 2683 1760 nihil
2727 1709 2818 1762 est

241 1801 431 1874 aliud,
478 1795 590 1864 nisi
635 1803 790 1883 quod
836 1820 946 1864 nec
990 1803 1375 1865 masculinum
1423 1821 1533 1864 nec
1586 1804 1954 1864 femininum.
2043 1801 2182 1882 quid
2228 1817 2369 1878 ergo
2414 1803 2710 1882 sequitur?
2766 1804 2818 1864 si

241 1911 521 1967 neutrum
567 1913 685 1976 est,
734 1923 849 1965 non
898 1913 1095 1984 potest
1139 1923 1267 1967 esse
1311 1902 1667 1966 animalium.
1709 1903 1717 1988 f
1760 1905 2010 1966 diximus
2043 1905 2198 1965 enim
2229 1902 2566 1964 animalium
2597 1920 2815 1982 genera

240 2013 403 2067 certa
448 2025 602 2077 esse,
660 2005 750 2067 vel
794 2006 1112 2068 masculina
1156 2006 1245 2069 vel
1292 2007 1599 2077 feminina,
1666 2015 1874 2069 neutra
1919 2025 2048 2069 esse
2095 2025 2212 2068 non
2257 2023 2459 2086 posse,
2507 2005 2659 2085 apud
2704 2006 2814 2066 La·
2841 2021 2892 2064 15

240 2110 397 2169 tinos
440 2108 759 2170 dumtaxat.
849 2116 1109 2170 ceterum
1154 2111 1218 2169 in
1262 2110 1487 2170 Graeco
1532 2128 1848 2188 possumus
1889 2109 2173 2169 invenire.
2235 2126 2368 2168 nam
2416 2115 2578 2168 cetos
2607 2107 2817 2169 Graeci

240 2209 591 2271 neutraliter
646 2209 850 2272 dicunt
900 2205 976 2271 τὸ
1028 2210 1256 2291 κῆτος,
1315 2220 1374 2273 31
1416 2210 1704 2290 Vergilius
1758 2212 2124 2272 ‘inmania
2177 2215 2393 2270 cete'.
2483 2209 2818 2271 nominihus

240 2313 471 2373 neutris
514 2330 631 2372 non
680 2312 845 2383 dant,
892 2319 956 2373 ut
1000 2313 1271 2374 animalia
1316 2313 1427 2374 1133
1473 2331 1693 2392 genere
1739 2316 2136 2376 nominentur.
2199 2330 2309 2372 nec
2355 2330 2618 2392 opponas
2659 2312 2816 2392 quod

242 2413 461 2474 dicitur
505 2413 618 2475 hoc
662 2416 1047 2493 mancipium,
1096 2434 1227 2475 311111
1275 2433 1394 2476 333
1440 2435 1615 2478 sexus
1657 2416 2022 2495 significetur
2065 2414 2180 2474 hoc
2225 2415 2482 2485 nomine,
2527 2413 2628 2475 sed
2675 2433 2816 2476 con-

238 2515 415 2576 dicio.
503 2516 643 2577 hinc
699 2516 773 2577 de
828 2517 1039 2579 ostreis
1094 2519 1421 2596 quaesitum
1478 2499 1591 2589 est}
1649 2521 1816 2580 cuius
1871 2526 2067 2579 essent
2126 2519 2380 2596 generis
2469 2515 2684 2578 animal
2729 2525 2892 2582 est2o

240 2626 344 2678 aut
386 2635 507 2678 nou
562 2627 651 2679 est
710 2618 955 2680 animal:
1014 2620 1061 2678 si
1107 2617 1323 2680 animal
1368 2627 1483 2686 est,
1543 2627 1817 2683 neutrum
1865 2639 1982 2680 non
2029 2627 2146 2691 est,
2193 2619 2297 2681 sed
2341 2619 2720 2690 femininum;
2766 2623 2816 2682 si

238 2737 361 2781 11311
408 2727 496 2781 331
550 2719 791 2793 animal,
854 2729 1129 2782 neutrum
1176 2723 1306 2783 erit.
1392 2723 1558 2800 prius
1602 2741 1745 2801 ergo
1790 2722 1967 2783 debet
2009 2729 2312 2799 constare,
2359 2729 2555 2782 utrum
2602 2721 2817 2784 animal

238 2824 316 2882 sit
360 2839 435 2882 an
480 2839 620 2884 non.
680 2821 786 2883 sed
830 2823 967 2904 quid
1016 2822 1087 2883 de
1134 2825 1347 2884 carne?
1390 2823 1526 2884 ideo
1569 2826 1679 2885 ista
1725 2823 2052 2884 differentia
2095 2831 2390 2895 servatur,
2438 2833 2503 2884 ut
2533 2823 2606 2884 de
2638 2842 2816 2885 carne

236 2925 364 3004 ipsa
433 2923 779 2985 femininum
847 2925 1103 2996 dicatur,
1170 2944 1246 2986 ne
1309 2927 1554 3004 incipiat
1610 2945 1709 3008 res
1776 2924 2044 2986 animalis
2113 2943 2243 2986 esse
2299 2926 2535 3004 generis
2591 2927 2817 2995 neutri;

238 3033 387 3086 testa
454 3043 594 3086 vero
651 3027 779 3105 ipsa
842 3029 1080 3105 generis
1143 3028 1367 3098 neutri,
1431 3046 1505 3088 ne
1567 3027 1723 3107 quod
1781 3026 1995 3088 animal
2050 3045 2168 3087 non
2223 3035 2312 3087 est
2353 3027 2566 3088 habeat
2609 3047 2811 3106 genuS,
2842 3051 2892 3092 25

240 3126 397 3206 quod
443 3129 820 3205 cognoscitur
862 3147 971 3207 per
1015 3137 1313 3201 naturam,
1362 3137 1425 3190 ut
1466 3131 1543 3194 ita
1590 3128 1853 3189 dicamus
1899 3129 2144 3206 ‘frange
2188 3128 2383 3188 omnia
2425 3133 2535 3191 ista
2565 3139 2760 3190 ostrea
2779 3135 2816 3200 ',

239 3229 516 3308 quoniam
575 3237 786 3291 testam
842 3230 1135 3293 fracturus
1190 3241 1305 3303 est,
1373 3241 1432 3292 ct
1486 3229 1751 3291 ‘comedi
1807 3227 2018 3292 multas
2073 3235 2352 3300 ostreas',
2409 3232 2467 3292 id
2526 3239 2616 3291 est
2657 3230 2812 3292 111313

240 3349 369 3391 rem
426 3348 575 3410 quae
632 3330 899 3394 animalis
952 3341 1060 3394 est.
1150 3351 1291 3412 ergo
1346 3340 1618 3394 neutrum
1676 3351 1861 3410 genus
1905 3340 2021 3402 est,
2068 3331 2226 3411 quod
2271 3349 2383 3393 nec
2429 3330 2814 3393 masculinum

240 3441 331 3494 est
394 3451 507 3493 nec
574 3433 947 3502 femininum:
1020 3453 1361 3508 commune,
1428 3435 1585 3516 quod
1645 3443 1705 3496 et
1763 3432 2148 3496 masculinum
2209 3440 2268 3495 31
2323 3433 2672 3495 femininum
2728 3444 2818 3494 est

242 3543 487 3596 tantum.
577 3545 837 3597 ceterum
885 3555 1003 3598 non
1050 3548 1139 3600 331
1180 3536 1568 3599 masculinum
1617 3547 1673 3600 et
1718 3545 1993 3598 neutrum
2041 3536 2130 3598 vel
2174 3537 2522 3598 femininum
2567 3546 2627 3598 et
2670 3556 2812 3598 neu·
2839 3560 2892 3602 33

239 3645 400 3698 trum
446 3655 787 3710 commune,
844 3639 905 3698 in
950 3642 1307 3703 nominativo
1364 3640 1588 3702 scilicet
1633 3659 1770 3701 casu
1817 3657 1927 3719 per
1972 3641 2186 3700 omnia.
2276 3649 2539 3701 ceterum
2583 3641 2642 3699 in
2689 3638 2818 3700 aliis

240 3739 477 3801 casibus
527 3758 841 3820 possumus
894 3742 1158 3803 invenire
1202 3743 1590 3805 masculinum
1638 3749 1698 3803 et
1741 3749 2046 3812 neutrum,
2103 3750 2168 3801 ut
2211 3741 2384 3802 docto
2431 3742 2666 3804 doctum
2714 3742 2814 3803 do-

240 3851 503 3911 ctorum;
548 3861 859 3922 possumus
890 3843 1235 3906 femininum
1268 3853 1327 3906 31
1367 3853 1670 3914 neutrum,
1704 3843 1807 3906 sed
1837 3863 1946 3924 per
1978 3843 2242 3923 dispares
2286 3863 2481 3915 33333,
2529 3852 2595 3905 111
2625 3845 2814 3915 (13313,

239 3945 411 4005 docta
491 3943 727 4015 mulier,
818 3945 989 4006 docta
1067 3948 1375 4025 mancipia.
1486 3947 1833 4007 nominativi
1915 3963 2084 4008 casus
2171 3948 2406 4008 nomina
2493 3964 2815 4026 numquam

239 4055 489 4126 possunt
545 4064 674 4108 3333
730 4049 1063 4108 communia
1120 4047 1233 4108 nisi
1290 4067 1361 4108 ex
1416 4047 1740 4108 masculino
1799 4057 1858 4109 et
1912 4048 2227 4119 feminino,
2283 4059 2349 4109 ut
2403 4048 2501 4109 hic
2557 4057 2615 4109 et
2667 4048 2892 4111 haecss

240 4147 549 4218 333311133,
596 4149 694 4209 1113
739 4157 796 4210 31
841 4149 989 4211 11333
1034 4148 1229 4230 agilis;
1287 4152 1427 4210 item
1474 4151 1653 4210 trium
1697 4167 2016 4228 generum,
2061 4157 2127 4210 ut
2168 4149 2265 4210 hic
2310 4158 2368 4211 31
2410 4151 2556 4212 11333
2601 4157 2660 4211 31
2703 4151 2816 4211 1133

239 4249 399 4311 felix.
489 4251 603 4312 hoc
658 4269 834 4312 omne
893 4250 1107 4312 dicitur
1162 4270 1365 4332 genus,
1418 4252 1427 4334 Ι
1480 4258 1569 4312 331
1623 4252 1798 4312 311313
1853 4253 2207 4332 epicoenon,
2275 4253 2430 4333 quod
2487 4251 2666 4333 [non]
2727 4261 2816 4314 est

416 4404 443 4454 l
482 4405 649 4470 gignit
686 4405 767 4454 1131
804 4406 1031 4470 gignitur
1062 4407 1147 4456 FS
1315 4407 1349 4455 6
1383 4407 1547 4469 adque
1586 4405 1700 4456 ideo
1739 4407 1792 4454 in
1821 4405 1902 4456 his
1939 4407 2022 4456 L:
2059 4407 2175 4455 ideo
2207 4421 2299 4459 om.
2337 4374 2422 4455 ΡΒ.
2589 4413 2732 4456 nutat
2775 4407 2816 4456 L

238 4481 401 4523 11111131
428 4473 479 4522 Ρ
502 4483 642 4524 notat
673 4473 716 4522 S
888 4475 922 4526 8
960 4485 1138 4526 natura
1173 4475 1243 4524 ibi
1282 4491 1381 4525 uon
1419 4487 1513 4528 est.
1556 4476 1606 4524 iu
1642 4477 1836 4541 pariete
1869 4490 1990 4526 uero
2025 4475 2164 4526 aliud
2201 4477 2369 4525 dicere
2407 4491 2557 4539 quam
2593 4477 2816 4542 legimus

238 4557 341 4592 non
376 4558 650 4608 possumus
678 4543 729 4592 F
860 4543 896 4596 9
930 4561 1093 4611 genus
1130 4560 1229 4595 non
1265 4555 1342 4596 est
1379 4548 1430 4596 in
1466 4547 1578 4612 pari
1616 4558 1665 4596 et
1702 4546 1747 4594 L
1777 4559 1942 4612 genus
1980 4555 2056 4596 est
2102 4547 2151 4594 in
2185 4547 2380 4612 pariete
2413 4547 2456 4596 S
2593 4545 2660 4597 10
2693 4546 2815 4595 dess-

240 4616 311 4662 cit
348 4613 443 4665 FS
472 4613 657 4666 defecit
689 4614 737 4662 L
910 4616 975 4666 14
1009 4617 1231 4665 diximus
1257 4615 1308 4664 F
1335 4616 1553 4666 dicimus
1590 4617 1639 4665 L
1807 4617 1868 4666 17
1900 4613 2178 4682 Vergilius]
2217 4617 2350 4670 Aen.
2389 4617 2435 4666 V
2463 4615 2567 4667 822
2705 4627 2814 4666 cete

250 4685 345 4734 LF
369 4695 481 4734 ceta
514 4685 557 4735 S
693 4683 763 4734 20
804 4684 867 4733 de
901 4685 1079 4734 ostreis
1113 4685 1165 4734 F
1194 4685 1258 4735 de
1294 4685 1511 4736 hosti-eis
1547 4689 1590 4738 S
1622 4687 1685 4735 de
1714 4687 1866 4736 ostris
1897 4687 1980 4735 L:
2013 4685 2083 4748 ef.
2123 4687 2268 4739 Serv.
2302 4690 2352 4736 in
2397 4687 2554 4750 Ver-9.
2582 4701 2757 4752 year-9.
2793 4687 2812 4736 1

240 4755 343 4804 207
483 4754 551 4806 23
588 4769 649 4804 an
682 4768 783 4804 non
820 4755 910 4804 sed
952 4756 1075 4818 quid
1111 4755 1199 4807 FS
1225 4771 1393 4806 annon
1420 4757 1487 4806 sit
1517 4757 1639 4820 quid
1677 4758 1726 4806 L
1895 4759 1962 4806 27
1999 4764 2134 4805 testa
2165 4755 2414 4806 fracturus
2449 4767 2528 4807 331
2566 4758 2658 4808 LS
2684 4766 2814 4809 teste

240 4823 403 4874 fracta
430 4831 509 4875 est
532 4825 582 4872 F
673 4823 741 4876 34
768 4825 1065 4876 nominatiui
1084 4839 1234 4876 casus
1260 4828 1462 4878 nomina
1486 4827 1537 4876 F
1553 4827 1852 4878 nominatiui
1879 4843 2030 4878 casus
2059 4827 2359 4878 nominatiui
2403 4828 2450 4878 L
2554 4826 2621 4880 37
2648 4843 2813 4896 genus

243 4895 391 4945 etiam
420 4894 701 4961 epicoenon
737 4903 793 4945 111
826 4911 1092 4946 commune
1124 4895 1213 4946 FS
