3434 5442
2004 185 2014 241 ι

656 329 780 393 500
1792 323 2099 407 [SERGss]

2808 446 2853 487 p.
2882 435 3067 476 soz-⁰4
3096 433 3143 473 L.

661 531 856 584 casuS,
916 511 1119 574 eadem
1179 512 1333 583 sere,
1394 531 1544 592 quae
1588 513 1847 584 nomini,
1894 513 2273 593 exceptisque
2316 514 2379 574 in
2424 511 2708 574 alterutro
2754 512 3004 592 singulis
3048 511 3235 574 rebus

659 633 794 675 nam
839 615 1178 696 pronomini
1235 613 1449 674 accidit
1500 632 1787 694 persona,
1849 632 1999 694 quae
2044 615 2268 676 nomini
2312 633 2431 676 non
2479 613 2715 684 accidit;
2764 617 2993 676 nomini
3036 614 3235 676 accidit

658 717 1027 797 conparatio,
1075 735 1224 797 quae
1267 717 1610 796 pronomini
1655 734 1774 777 non
1819 715 2064 786 accidit;
2124 726 2356 778 ceterae
2410 735 2509 778 res
2554 735 2759 778 omnes
2804 717 3084 778 accidunt
3128 725 3233 776 tam

658 821 883 880 nomini
926 838 1100 899 quam
1148 820 1504 899 pronomini.
1579 818 1827 898 qualitas
1872 817 2085 879 accidit
2126 820 2501 898 pronomini:
2576 821 2773 881 omnia
2818 821 2977 880 enim
3024 837 3231 898 prono·

606 937 631 978 ⁵
659 923 816 982 mina
873 929 974 982 aut
1025 921 1188 982 finita
1245 929 1383 983 sunt
1437 929 1535 984 aut
1587 922 1833 982 infinita.
1922 920 2084 982 linita
2142 919 2464 1002 dicunltur,
2522 939 2672 1002 quae
2716 921 3006 983 definiunt
3050 931 3233 980 certas

656 1041 959 1102 personas,
1050 1023 1286 1104 quando
1341 1024 1473 1085 dieo
1529 1041 1668 1102 ego,
1728 1041 1825 1085 me
1882 1029 2109 1085 tantum
2165 1021 2489 1102 intellegis;
2548 1023 2782 1103 quando
2837 1024 2970 1084 dieo
3030 1031 3129 1093 tu,
3182 1033 3230 1084 te

655 1134 883 1186 tantum
949 1123 1270 1204 intellegis;
1340 1123 1474 1186 ideo
1541 1124 1819 1187 dicuntur
1880 1125 2061 1186 finita.
2152 1125 2386 1205 quando
2452 1124 2583 1186 dico
2640 1124 2770 1197 ille,
2846 1125 3230 1186 differentiam

654 1227 864 1290 habet:
911 1230 963 1289 si
1005 1227 1077 1288 ad
1129 1236 1502 1307 praesentem
1549 1227 1836 1298 refertur,
1884 1227 2113 1288 finitum
2158 1245 2492 1307 pronomen
2536 1236 2653 1297 est:
2698 1229 2751 1288 si
2794 1227 2868 1289 ad
2913 1227 3227 1297 absentem,

653 1331 863 1411 incipit
917 1348 1046 1393 esse
1100 1331 1297 1390 minus
1348 1347 1524 1410 quam
1567 1329 1817 1392 finitum.
1903 1329 2062 1391 unde
2107 1329 2355 1410 adparet
2396 1329 2553 1409 quod
2598 1329 2863 1410 adiungit
2906 1329 3020 1392 sibi
3064 1328 3227 1390 aliam

581 1447 630 1488 ιο
656 1451 1000 1512 personam,

957 1532 1056 1594 ille
1101 1551 1211 1613 ego
1255 1551 1386 1595 sum
1431 1551 1648 1613 corpus
1689 1533 1903 1594 famosi
1946 1533 2130 1613 gloria
2178 1535 2340 1595 circi.

653 1638 703 1697 si
769 1638 925 1698 enim
993 1636 1222 1696 finitum
1287 1652 1616 1713 pronomen
1683 1653 1921 1715 semper
1974 1643 2129 1698 esset
2184 1634 2309 1706 ille,
2369 1653 2476 1695 cur
2530 1634 2642 1696 sibi
2697 1635 3047 1714 adiungeret
3090 1636 3227 1714 ego?

657 1757 801 1818 ergo
853 1740 1002 1800 haec
1057 1744 1194 1799 sunt
1247 1744 1474 1798 tantum
1530 1737 1710 1798 finita.
1770 1735 1997 1818 reliqua
2053 1739 2276 1806 omnia,
2334 1754 2738 1816 quaecumque
2794 1756 2925 1800 esse
2966 1746 3223 1817 possunt,

653 1841 879 1901 infinita
939 1848 1077 1902 sunt
1131 1847 1187 1900 et
1241 1857 1351 1920 per
1395 1839 1582 1901 varias
1625 1841 1856 1919 species
1899 1847 2002 1901 aut
2044 1837 2402 1918 generaliter
2444 1839 2669 1900 infinita
2715 1847 2854 1900 sunt
2896 1847 2999 1900 aut
3038 1840 3223 1900 minus

585 1960 632 2000 15
659 1962 833 2023 quam
880 1943 1041 2004 finita
1087 1950 1188 2003 aut
1227 1942 1573 2020 possessiva.
1633 1941 1825 2021 primo
1870 1959 2052 2022 quare
2096 1941 2373 2003 dicuntur
2415 1941 2611 2002 omnia
2654 1941 2915 2002 infinita?
2958 1943 3221 2021 quoniam

655 2062 776 2105 non
821 2043 1108 2104 definiunt
1150 2053 1346 2106 certas
1387 2060 1692 2124 personas.
1782 2043 1957 2104 modo
2003 2042 2302 2105 videamus
2346 2043 2533 2122 ipsam
2578 2042 3058 2104 subdivisionem.
3126 2061 3221 2122 ge-

654 2145 934 2207 neraliter
988 2146 1279 2207 infinitum
1337 2146 1554 2207 dicitur
1610 2143 1769 2224 quod
1825 2152 2019 2226 potest
2062 2142 2411 2226 cuicumque
2454 2147 2643 2224 aptari
2685 2162 3009 2224 personae:
3082 2145 3218 2224 quis,

654 2255 712 2308 et
755 2249 866 2309 iste
911 2248 1042 2328 quis
1085 2249 1300 2310 dicitur
1344 2256 1405 2307 et
1446 2244 1573 2318 ille,
1618 2255 1706 2318 et,
1756 2253 1821 2308 ut
1862 2246 2010 2319 dixi,
2057 2249 2407 2328 cuicumque
2452 2265 2741 2326 personae
2786 2249 2979 2326 aptari
3020 2255 3217 2326 potest.

651 2351 844 2411 minus
899 2368 1075 2429 quam
1129 2351 1357 2411 finitum
1418 2348 1632 2410 dicitur
1687 2348 1845 2429 quod
1900 2350 2524 2412 commemorationem
2582 2348 2722 2410 iacit
2762 2356 2939 2410 notae
2985 2348 3126 2408 mihi
3166 2357 3219 2408 et

581 2470 631 2511 20
659 2451 767 2512 tibi
821 2469 1139 2530 personae:
1213 2449 1384 2512 aliter
1439 2469 1560 2512 non
1613 2458 1702 2512 est
1758 2453 1953 2512 minus
2009 2469 2184 2532 quam
2240 2452 2497 2521 finitum,
2544 2449 2603 2511 id
2648 2458 2738 2512 est
2782 2469 2933 2531 quae
2977 2468 3218 2530 persona

653 2563 788 2615 nota
822 2561 911 2614 est
939 2555 1096 2614 inter
1124 2553 1452 2634 loquentes·
1508 2554 1665 2633 ipse,
1712 2553 1995 2633 numquid
2027 2570 2263 2634 possum
2296 2551 2494 2614 dicere
2537 2556 2664 2632 ipse
2694 2555 2807 2613 nisi
2834 2552 2909 2614 de
2942 2571 3013 2614 eo
3058 2571 3217 2632 quem

654 2663 712 2716 et
768 2673 879 2735 ego
926 2657 1060 2716 novi
1104 2663 1165 2716 et
1207 2656 1304 2717 tu?
1375 2657 1487 2716 iste
1532 2653 1622 2714 vel
1675 2656 1727 2716 is
1770 2655 2055 2735 numquid
2102 2655 2214 2716 nisi
2274 2654 2349 2716 de
2404 2673 2473 2716 eo
2528 2673 2703 2735 quem
2760 2663 3013 2734 uterque
3070 2655 3216 2716 novi·

654 2775 786 2818 mus
843 2776 1158 2837 possumus
1213 2756 1446 2818 dicere?
1519 2774 1663 2836 ergo
1723 2775 1841 2818 non
1888 2757 2176 2835 significat
2220 2757 2332 2816 nisi
2377 2757 2609 2837 utrique
2654 2765 2853 2817 notam
2890 2774 3212 2836 personam.

655 2861 850 2921 minus
893 2878 1069 2940 quam
1114 2859 1276 2920 finita
1321 2857 1544 2919 habent
1584 2859 1647 2918 in
1692 2877 1757 2920 se
1802 2858 1975 2921 aliam
2021 2857 2477 2920 subdivisionem
2522 2858 2692 2930 hane,
2738 2857 2901 2938 quod
2946 2867 3085 2919 sunt
3122 2857 3213 2918 ali-

579 2983 630 3024 25
661 2979 774 3042 qua
821 2980 970 3042 quae
1012 2968 1386 3041 praesentem
1431 2980 1557 3022 rem
1605 2960 1950 3029 ostendunt,
2004 2969 2071 3022 ut
2112 2959 2259 3021 haec
2304 2960 2450 3032 duo,
2504 2960 2605 3022 hie
2646 2969 2707 3022 et
2746 2962 2889 3030 iste;
2936 2959 3093 3021 unde
3133 2979 3213 3020 so·

653 3063 996 3126 loeeismum
1042 3063 1267 3124 faciunt
1307 3063 1406 3142 qui
1453 3062 1656 3124 dicunt
1698 3063 1773 3122 de
1815 3065 2116 3142 praesenti
2162 3065 2325 3143 ‘ipse
2368 3063 2516 3124 mihi
2558 3062 2703 3124 fecit
2744 3063 3023 3124 iniuriam
3040 3067 3082 3139 ⁹,
3123 3062 3211 3123 sed

653 3165 904 3228 dicimus
970 3167 1116 3227 ‘iste
1163 3172 1250 3226 est
1293 3165 1394 3245 qui
1436 3164 1584 3224 mihi
1630 3165 1771 3226 feeit
1823 3165 2155 3227 iniuriam⁹.
2244 3163 2355 3227 alia
2420 3165 2620 3226 minus
2684 3181 2861 3244 quam
2928 3166 3089 3225 finita
3146 3164 3209 3224 de

652 3268 994 3330 absentibus
1049 3267 1352 3337 dicuntur,
1399 3275 1466 3328 ut
1509 3268 1560 3327 is
1602 3267 1758 3327 idem
1803 3267 1931 3346 ipse
1976 3276 2037 3328 et
2076 3265 2203 3338 ille,
2262 3264 2496 3347 quando
2541 3267 2735 3328 minus
2778 3285 2955 3346 quam
3002 3268 3209 3327 finitum

651 3381 760 3432 est.
851 3378 910 3431 et
967 3369 1080 3430 hoc
1137 3371 1415 3439 interest,
1471 3367 1626 3448 quod
1681 3368 1779 3428 illa
1838 3369 2074 3448 quidem
2134 3368 2207 3429 de
2264 3367 2604 3430 absentibus
2658 3375 2885 3429 tantum
2932 3367 3207 3437 dicuntur,

575 3495 626 3536 ,το
650 3471 750 3533 ille
807 3483 866 3533 et
921 3471 993 3533 de
1055 3468 1064 3556 Ι
1124 3470 1364 3532 absente
1421 3469 1668 3531 dicimus
1722 3478 1784 3531 et
1836 3468 1910 3530 de
1954 3477 2283 3549 praesente.
2371 3470 2476 3532 sed
2520 3471 2754 3552 quando
2796 3470 2873 3531 de
2915 3479 3209 3552 praesente

653 3575 920 3646 dicimuS‚
967 3574 1199 3634 finitum
1247 3581 1364 3642 est:
1411 3571 1647 3652 quando
1692 3571 1767 3632 de
1812 3571 2071 3644 absente,
2116 3573 2429 3635 infinitum.
2476 3575 2742 3653 sequitur
2772 3574 2951 3635 etiam
2994 3591 3205 3654 posses·

649 3678 867 3747 sivum,
925 3675 1084 3756 quod
1143 3693 1250 3734 nos
1305 3672 1523 3755 aliquid
1568 3673 1874 3753 possidere
1918 3674 2201 3746 ostendit,
2248 3683 2314 3735 ut
2354 3677 2405 3736 si
2449 3675 2609 3736 dicas
2653 3675 2785 3736 ‘hic
2828 3673 3018 3736 codex
3060 3691 3207 3735 meus

649 3782 800 3839 est':
869 3795 1035 3839 meus
1100 3777 1492 3857 possessivum
1559 3792 1893 3854 pronomen
1958 3784 2065 3838 est.
2152 3777 2291 3839 item
2348 3777 2741 3858 possessivum
2796 3797 2907 3858 per
2950 3784 3206 3858 quattuor

649 3881 875 3960 speeies
941 3878 1246 3941 dividitur:
1321 3886 1422 3940 aut
1473 3879 1829 3940 intrinsecus
1883 3877 2179 3957 singulare
2234 3887 2295 3940 et
2351 3879 2715 3940 extrinsecus
2770 3878 3096 3959 singulare,
3155 3887 3207 3938 ut

575 4008 624 4050 35
649 4001 818 4044 meus
878 3989 1043 4052 tuuS,
1112 3989 1211 4043 aut
1274 3982 1630 4042 intrinsecus
1691 3980 1920 4060 plurale
1974 3989 2034 4041 et
2086 3981 2450 4042 extrinsecus
2502 3979 2832 4060 singulare,
2899 3989 2968 4042 ut
3026 3989 3205 4042 noster

647 4093 872 4156 vester,
920 4092 1021 4146 aut
1061 4084 1418 4146 intrinsecus
1453 4081 1751 4163 singulare
1796 4091 1855 4144 et
1898 4085 2263 4144 extrinsecus
2304 4081 2561 4163 plurale,
2607 4091 2673 4144 ut
2704 4083 2823 4144 mei
2864 4085 2979 4155 tui,
3024 4091 3122 4145 aut
3158 4089 3207 4142 et

788 4343 820 4392 2
855 4341 1042 4391 accidit
1075 4355 1296 4408 persona
1335 4355 1466 4404 quae
1505 4340 1697 4389 nomini
1733 4353 1832 4389 non
1869 4339 2052 4390 accidit
2087 4340 2182 4392 FS
2218 4339 2403 4390 accidit
2439 4354 2560 4406 pars
2594 4355 2698 4391 una
2727 4355 2857 4404 quae
2894 4341 3084 4392 nomini
3118 4353 3202 4390 non

652 4412 834 4461 accidit
871 4425 1094 4476 persona
1130 4427 1258 4475 quae
1288 4411 1480 4461 nomini
1515 4425 1616 4460 non
1645 4410 1828 4460 accidit
1864 4408 1914 4459 L
2094 4411 2156 4461 11
2194 4411 2315 4460 circi
2352 4409 2439 4459 FS
2469 4411 2608 4460 circii
2636 4412 2685 4461 L
2829 4413 2893 4461 14
2931 4421 3019 4462 aut
3054 4411 3203 4460 minus

653 4497 802 4545 quam
841 4481 983 4531 finita
1013 4491 1099 4531 aut
1135 4481 1432 4546 possessiua
1455 4481 1508 4530 F
1531 4487 1618 4530 aut
1653 4480 1822 4531 minus
1860 4495 2011 4543 quam
2044 4479 2187 4530 finita
2210 4481 2446 4531 dicuntur
2481 4480 2681 4544 (dicunt
2706 4479 2779 4546 L)
2810 4489 2897 4530 aut
2926 4483 3201 4547 possessiua

652 4549 743 4600 LS
879 4553 946 4600 22
983 4553 1080 4602 iste
1115 4550 1246 4602 uelis
1285 4565 1405 4600 num
1437 4551 1559 4614 qnid
1595 4565 1712 4600 nam
1749 4552 1814 4601 de
1850 4567 1911 4601 eo
1957 4564 2107 4612 quem
2146 4559 2354 4615 uterque
2390 4551 2627 4601 nouimus
2663 4565 2937 4617 possumus
2968 4552 3127 4602 dicere
3162 4551 3199 4599 L

647 4620 744 4669 iste
783 4621 898 4683 quis
944 4620 1082 4685 (quis
1120 4637 1211 4674 om.
1251 4620 1317 4684 S)
1363 4621 1462 4670 nisi
1507 4621 1572 4670 de
1617 4635 1676 4670 eo
1716 4637 1863 4684 quem
1902 4627 2113 4683 uterque
2144 4621 2377 4670 nouimus
2416 4635 2516 4671 non
2554 4621 2681 4684 (nou
2718 4638 2811 4672 om.
2845 4621 2914 4684 F)
2949 4635 3198 4687 possumus

647 4689 816 4740 dicere
851 4690 938 4741 FS
1073 4691 1141 4742 23
1178 4707 1302 4758 ergo
1337 4705 1436 4741 non
1467 4690 1723 4756 significat
1754 4692 1851 4741 nisi
1874 4689 1927 4741 F
1953 4705 2073 4756 ergo
2106 4705 2205 4740 uon
2234 4691 2489 4757 signifieat
2516 4692 2651 4741 enim
2684 4693 2780 4741 nisi
2808 4691 2905 4743 LS
3038 4691 3101 4743 29
3132 4699 3195 4739 est

647 4767 698 4807 et
733 4759 831 4808 hoc
859 4759 1067 4809 interest
1098 4761 1149 4810 F
1175 4769 1253 4811 est
1284 4759 1380 4810 hoc
1419 4761 1627 4811 interest
1658 4761 1747 4812 [18
1882 4759 1944 4811 31
1986 4761 2187 4824 quando
2236 4763 2297 4812 de
2344 4762 2553 4812 absente
2596 4761 2846 4812 infinitum
2886 4763 2987 4812 LF
3012 4761 3191 4825 quando

646 4830 708 4878 de
747 4829 955 4878 absente
991 4829 1158 4878 minus
1195 4845 1346 4892 quam
1381 4830 1572 4880 finitum
1613 4838 1689 4881 est
1716 4832 1760 4882 S
