3434 5442
1107 1262 1323 1361 DE
1423 1257 2666 1360 IDIOMATIBVS.

1201 1666 1342 1742 DE
1393 1665 2077 1744 IDIOMATIBVS
2131 1665 2568 1744 CASVVM.

763 1825 846 1886 De
890 1823 1268 1885 idiomatibus
1310 1841 1462 1914 quae
1505 1823 1807 1902 pertinent
1836 1822 1907 1882 ad
1940 1824 2273 1901 genetivum
2305 1841 2526 1886 casum.
2590 1821 2777 1902 pudet
2820 1840 2918 1883 me
2960 1824 3176 1884 amoris

597 1919 900 2006 ἐρυθριῶ
939 1918 1060 1986 τὸν
1103 1923 1348 2006 ἔρωτα,
1395 1918 1795 2004 αἰσχύνομαι
1836 1917 1955 1984 τὸν
1997 1921 2243 2004 ἔρωτα,
2288 1924 2487 1986 taedet
2529 1943 2623 1986 me
2670 1922 2988 1985 mulierum
3034 1937 3175 1984 σικ-

543 2045 570 2085 5
595 2025 908 2107 χαίνομαι
936 2020 1054 2099 τὰς
1096 2033 1457 2107 γυναῖκας,
1502 2026 1767 2106 paenitet
1808 2043 1904 2086 me
1951 2025 2125 2087 huius
2169 2023 2400 2089 consilii
2442 2021 2890 2106 μεταμέλομαι
2934 2020 3047 2087 ἐπὶ
3090 2025 3179 2109 τῷ

593 2121 986 2213 συμβουλίῳ
1043 2123 1292 2213 τούτῳ,
1348 2123 1696 2209 μεταμέλει
1752 2145 1866 2207 μοι
1898 2127 2038 2208 ,τῆς
2092 2126 2375 2208 βουλῆς,
2432 2129 2597 2209 piget
2653 2145 2748 2188 me
2792 2126 3178 2208 profectionis

596 2221 776 2290 ὀκνοῖ
830 2224 954 2310 τήν
997 2223 1413 2311 ἀποδημίαν,
1470 2221 1652 2291 ὀκνῶ
1704 2221 2133 2310 ἀποδημῆσαι
2180 2227 2353 2312 [libet
2395 2228 2541 2291 mihi
2584 2223 2855 2310 ἀρέσκει
2896 2227 3079 2311 μοι];
3125 2239 3180 2290 et

595 2351 747 2411 quae
800 2334 861 2393 in
919 2333 1036 2394 fine
1093 2333 1450 2410 ligurantur,
1513 2331 1574 2392 id
1637 2340 1729 2392 est
1782 2349 1936 2411 quae
1990 2334 2053 2392 in
2114 2331 2233 2392 fine
2289 2329 2535 2393 verbum
2590 2331 2887 2392 adiectum
2944 2331 3175 2400 habent.

596 2441 932 2514 pertaesum
979 2441 1068 2495 est
1103 2432 1260 2494 illius
1303 2432 1528 2514 στυγῶ·
1571 2426 1800 2509 αὐτόν,
1845 2427 2349 2514 ἀποστρέφομαι
2392 2425 2621 2494 αὐτόν.
2692 2435 2976 2495 misereor
3022 2450 3177 2494 men-

524 2547 574 2590 ιο
600 2535 716 2596 dici
761 2531 1066 2617 οἰκτείρω
1109 2528 1230 2596 τὸν
1273 2529 1564 2614 πτωχόν,
1608 2532 1911 2617 οἰκτείρω
1954 2528 2077 2596 τὸν
2118 2529 2428 2616 ἐπαίτηνε
2472 2535 2803 2616 perfectum
2848 2537 2977 2598 eius
3020 2534 3177 2596 verbi

600 2646 690 2698 est
743 2638 1054 2698 miseratus
1109 2654 1273 2706 sum;
1337 2639 1592 2698 miset-or
1647 2643 1843 2700 autem
1902 2645 1960 2699 et
2016 2638 2333 2700 miseresce
2388 2655 2497 2717 per
2541 2637 2939 2699 accusativum
2984 2655 3175 2699 casum

601 2739 944 2801 efferuntur.·
1033 2757 1184 2818 quae
1241 2745 1436 2800 autem
1505 2756 1614 2818 per
1679 2741 1987 2819 participia
2054 2739 2468 2820 proferuntur,
2535 2746 2595 2801 et
2648 2738 2796 2800 baec
2858 2739 3179 2818 genitivum

601 2858 801 2902 casum
857 2839 1198 2911 admittunt,
1258 2848 1322 2902 ut
1377 2857 1582 2902 amans
1633 2839 1739 2902 filii
1783 2851 1874 2902 est
1928 2840 2117 2923 φιλεῖ
2153 2834 2273 2901 τὸν
2328 2837 2567 2920 παῖδα,
2615 2839 2805 2922 φιλεῖ
2842 2833 2967 2902 τὸν
3008 2831 3177 2916 υἱόν,

601 2961 782 3023 egens
837 2943 1220 3023 pecuniarum
1277 2934 1510 3022 ἐνδεὴς
1576 2934 1951 3024 χρημάτων.
2041 2951 2100 3005 et
2152 2961 2303 3024 quae
2359 2947 2423 3004 in
2479 2951 2573 3004 tor
2630 2940 2915 3023 syllabam
2972 2951 3184 3005 exeunt

527 3059 579 3102 ιι
607 3043 696 3106 vel
739 3048 1162 3114 terminantur,
1209 3043 1460 3106 eundem
1492 3047 1813 3125 genitivum
1843 3063 2045 3106 casum
2075 3043 2417 3114 admittunt,
2466 3053 2529 3107 ut
2570 3053 2809 3107 curator
2836 3063 2971 3106 sum
3016 3043 3183 3106 buius

601 3151 690 3208 rei
736 3146 1066 3229 φροντίζω
1111 3145 1232 3206 τοῦ
1275 3141 1683 3228 πράγματος,
1731 3148 1966 3228 cupitor
2010 3165 2138 3209 sum
2186 3146 2357 3208 huius
2401 3147 2489 3207 rei
2536 3141 2669 3229 ἐρῶ
2710 3144 2837 3207 τοῦ
2878 3141 3183 3228 πράγμα-

607 3268 734 3322 τος.
823 3250 1004 3327 igitur
1054 3247 1507 3329 appellationes,
1566 3268 1715 3329 quae
1781 3267 1915 3310 cum
1968 3250 2155 3328 figura
2210 3249 2515 3320 dicuntur,
2574 3256 2673 3309 aut
2728 3248 3047 3311 ablativum
3090 3256 3184 3310 aut

604 3352 921 3431 genitivum
978 3350 1272 3430 recipiunt
1325 3368 1545 3411 casum.
1631 3369 1880 3431 quarum
1940 3349 2255 3431 pleraeque
2314 3358 2595 3432 utrosque
2652 3369 2821 3412 casus
2877 3351 3181 3431 recipiunt,

605 3461 664 3514 et
718 3471 827 3533 per
881 3453 1200 3532 genitivum
1257 3451 1525 3532 quidem,
1583 3458 1650 3513 ut
1701 3454 1942 3531 ignarus
1997 3471 2128 3513 sum
2172 3451 2347 3514 huius
2390 3454 2510 3523 rei,
2566 3453 2795 3531 peritus
2838 3471 2971 3515 sum
3017 3453 3185 3514 huius

527 3566 582 3609 πο
609 3556 725 3625 rei,
782 3556 922 3616 item
979 3555 1317 3635 imperitus;
1376 3571 1484 3634 per
1539 3552 1850 3615 ablativum
1909 3561 2132 3624 autem,
2194 3562 2259 3616 ut
2300 3553 2513 3632 dignus
2552 3573 2683 3616 sum
2729 3554 2843 3616 hac
2896 3573 2967 3614 re
3024 3575 3061 3610 ι
3131 3562 3187 3613 et

606 3657 780 3718 huius
843 3657 962 3725 rei;
1037 3662 1096 3716 et
1157 3654 1338 3717 verbo
1404 3654 1818 3727 antecedente,
1886 3657 2043 3718 venit
2105 3655 2251 3718 mihi
2314 3656 2377 3717 in
2433 3663 2695 3719 mentem
2754 3655 2929 3718 huius
2986 3657 3075 3716 rei
3130 3663 3187 3714 et

604 3759 753 3820 haec
795 3775 912 3819 res.

775 3859 960 3920 Dativi
1004 3877 1200 3921 casus:
1247 3877 1426 3940 parco
1470 3858 1576 3920 tibi
1620 3856 1945 3940 φείδομαί
1965 3831 2110 3938 ἷῐου,
2156 3877 2344 3920 noceo
2388 3857 2495 3921 tibi
2536 3855 2813 3940 βλάπτω
2858 3872 2957 3940 σε,
3004 3877 3184 3921 noceo

607 3961 846 4024 inimico
890 3955 1164 4041 βλάπτω
1208 3954 1328 4023 τὸν
1372 3956 1644 4042 ἐχθρόν,
1689 3961 1897 4023 obsum
1945 3963 2135 4023 vicino
2177 3957 2452 4042 βλάπτω
2497 3955 2615 4022 τὸν
2659 3961 2953 4041 γείτονα,
2998 3962 3184 4024 officio

530 4074 582 4116 2⁵
611 4066 785 4126 noxio
829 4059 1104 4144 βλάπτω
1149 4056 1268 4124 τὸν
1311 4064 1549 4142 αἴτιον,
1592 4063 1973 4126 incommodo
2004 4063 2267 4126 malefico
2310 4059 2589 4144 βλάπτε)
2634 4057 2755 4124 τὸν
2798 4059 3183 4141 κακοποιόν,

777 4273 832 4330 Ρ
868 4272 1054 4330 codex
1097 4270 1401 4328 Parisinus
1441 4276 1582 4332 7530

782 4439 815 4491 3
849 4439 1012 4490 amori
1043 4439 1096 4489 P
1254 4439 1291 4489 4
1337 4427 1702 4503 αἰσχύνομαι]
1753 4451 1911 4488 nouat
1950 4440 1995 4489 P
2163 4437 2555 4508 σικχαίνομαι]
2598 4453 2911 4490 ctxxenonat
2948 4437 2995 4488 P
3154 4437 3186 4486 9

615 4524 960 4563 σεῖε-κοῖτος.
993 4517 1356 4574 αποοτΡῲοιαι
1395 4521 1556 4557 evron
1590 4502 1734 4573 Ι..
1766 4545 1780 4558 .
1822 4523 1924 4560 reo.
1962 4507 2181 4560 mendici
2220 4545 2235 4560 .
2264 4550 2277 4563 .
2307 4545 2366 4566 ...
2390 4551 2403 4564 .
2446 4523 2487 4558 ω
2524 4524 2619 4562 ron
2649 4524 2869 4562 πτωκοιι
2908 4508 2961 4558 Ρ
3127 4507 3187 4560 10

614 4580 870 4647 perfectus
897 4581 1008 4631 eius
1049 4579 1102 4629 P
1236 4579 1298 4630 17
1337 4591 1683 4642 quaecumque
1728 4577 1895 4646 figura
1934 4579 2023 4630 P.-
2056 4587 2253 4630 ceterne
2293 4579 2664 4646 appellationes
2701 4594 2833 4662 quae
2878 4593 2997 4628 cum
3030 4578 3183 4646 figura

616 4652 848 4702 dicuntur
879 4649 1144 4700 Diomedes
1176 4647 1298 4713 312,
1334 4651 1366 4698 2
1403 4654 1456 4697 et
1482 4645 1741 4698 Charisius
1774 4647 1896 4711 293,
1934 4649 1969 4698 2
2108 4649 2176 4701 20
2211 4647 2307 4700 hac
2344 4665 2401 4700 re
2436 4659 2485 4699 et
2521 4649 2671 4702 huius
2704 4650 2778 4699 rei
2808 4649 2953 4698 uenit
2984 4647 3149 4698 mihi*
3138 4663 3181 4696 ιιι

615 4731 830 4770 mentem
859 4719 1014 4770 huius
1049 4719 1126 4769 rei
1161 4729 1210 4770 et
1238 4718 1364 4769 haec
1394 4731 1476 4767 res
1509 4725 1559 4767 et
1580 4718 1738 4768 uerbo
1762 4716 2089 4770 antecedente
2112 4719 2269 4768 dativi
2305 4733 2453 4770 casus
2471 4720 2539 4773 P.
2564 4721 2765 4781 lamma,
2788 4734 2937 4784 quant
2961 4719 3181 4800 &acc-tvi,

617 4791 887 4854 exemplum
923 4791 1296 4853 appellationis,
1328 4803 1460 4854 quae
1493 4803 1599 4837 cam
1633 4795 1843 4854 utroque
1871 4804 1995 4839 casu
2028 4790 2231 4853 dieitur,
2269 4789 2496 4843 excidit.-
2530 4789 2675 4840 dives
2707 4803 2822 4840 sum
2854 4787 3009 4840 huius
3044 4788 3113 4838 rei
3136 4796 3179 4837 et

615 4859 711 4912 hnc
751 4875 804 4927 ¹10
839 4859 1098 4910 Charisius
1131 4857 1254 4924 293,
1284 4860 1318 4911 6
1352 4865 1402 4912 et
1435 4857 1696 4909 Diomedes
1722 4857 1948 4924 312,19
