3434 5442
422 1319 960 1397 LIBRORVM
1014 1320 1196 1414 QVI
1239 1319 1453 1398 HOC
1509 1320 2055 1398 VOLVMINE
2104 1321 2850 1400 CONTINENTVR

2712 1766 2820 1818 Pag-

341 1835 494 1886 Probi
530 1836 780 1886 catholica
848 1871 2583 1892 .....................
2759 1840 2924 1888 1--43

331 1921 492 1970 ‘Probi
527 1923 760 1971 instituta
794 1923 980 1971 artium
1017 1920 1122 1986 [ars
1159 1921 1346 1986 minor]
1441 1957 2581 1975 ..............
2684 1925 2921 1976 45-192

339 2007 618 2071 Appendix
654 2006 806 2056 Probi
844 2005 1125 2073 [appendix
1160 2007 1226 2056 ad
1261 2006 1412 2056 Probi
1447 2019 1606 2057 artem
1643 2005 1912 2070 minorem]
1962 2040 2583 2061 ........
2658 2010 2924 2060 193—204

343 2091 532 2140 Valerii
567 2090 716 2140 Probi
755 2091 818 2141 de
853 2093 1059 2141 nomine
1095 2103 1334 2157 excerpta
1448 2126 2584 2146 ..............
2653 2094 2922 2144 205-216

341 2175 415 2224 De
467 2176 661 2226 ultimis
715 2177 925 2240 syllabis
979 2177 1046 2226 ad
1093 2176 1430 2226 Caelestinum
1485 2176 1656 2240 [Probi
1711 2177 2155 2242 grammaticarum
2208 2177 2581 2226 institutionum

475 2259 600 2311 liber
635 2263 672 2312 Ι.
709 2262 940 2312 instituta
977 2261 1180 2325 artium]
1286 2299 2583 2314 ................
2653 2263 2923 2313 217-264

341 2343 589 2394 Notarum
622 2346 851 2396 laterculi
943 2383 2581 2398 ....................
2651 2349 2921 2398 265-352

477 2433 523 2480 1.
561 2431 627 2480 M.
667 2431 859 2481 Valerii
894 2431 1047 2481 Probi
1082 2432 1146 2481 de
1183 2431 1360 2482 litteris
1397 2432 1746 2498 singularibus
1782 2431 2123 2496 fragmentum
2228 2468 2580 2482 .....
2651 2433 2921 2484 267-276

475 2519 524 2566 2.
562 2514 724 2566 Notae
758 2516 1130 2582 Lugdunenses
1197 2553 2581 2568 .................
2651 2519 2919 2568 277—281

473 2605 521 2651 3.
559 2600 722 2652 Notae
758 2616 823 2650 ex
859 2601 1032 2652 codice
1068 2601 1296 2667 Reginae
1367 2637 2581 2652 ...............
2651 2603 2923 2653 282—284

471 2688 520 2735 4.
559 2687 608 2736 5.
645 2685 917 2751 Magnonis
955 2687 1227 2737 laterculus
1264 2687 1404 2736 alter.
1454 2696 1605 2736 notae
1639 2686 2119 2751 Lindenbrogianae
2228 2724 2582 2737 .....
2652 2689 2923 2738 285-300
2996 2721 3001 2726 -

472 2773 522 2822 6.
559 2771 722 2821 Notae
758 2773 1038 2822 vaticanae
1109 2808 2579 2822 ..................
2650 2773 2922 2824 301-314

475 2858 522 2906 7.
559 2855 726 2906 Notae
760 2857 1019 2923 Papianae
1056 2868 1105 2906 et
1139 2857 1488 2906 Einsidlenses
1539 2893 2580 2907 .............
2651 2858 2921 2909 315—330

471 2943 520 2992 8.
558 2940 692 2991 Petri
728 2941 941 2991 Diaconi
977 2952 1130 2991 uotae
1162 2942 1440 2991 litterarum
1475 2955 1622 2989 more
1655 2949 1862 2989 vetusto
1966 2977 2580 2992 ........
2651 2945 2921 2994 331--346

471 3027 520 3076 9.
558 3025 634 3075 De
667 3025 821 3075 Probi
856 3027 944 3089 qui
980 3026 1166 3076 dicitnr
1200 3037 1436 3076 notarum
1471 3024 1711 3075 laterculo
1750 3023 2067 3090 alphabetico
2140 3062 2581 3076 ......
2652 3029 2920 3078 347—352

335 3109 522 3160 Donati
559 3126 642 3160 ars
680 3112 1013 3176 grammatica
1106 3147 2580 3162 ..................
2652 3113 2920 3163 353—402

338 3193 501 3244 Servii
538 3197 930 3245 commentarius
967 3196 1018 3244 in
1055 3205 1212 3244 artem
1239 3195 1423 3245 Donati
1463 3193 1648 3257 [Servii
1685 3193 1737 3242 in
1774 3193 2051 3242 secundam
2086 3192 2272 3243 Donati
2310 3195 2581 3244 editionem

470 3281 837 3346 interpretatio,
911 3280 1076 3346 Sergii
1114 3281 1164 3329 in
1203 3280 1478 3331 secundam
1515 3278 1702 3328 Donati
1741 3279 2012 3328 editionem
2049 3279 2462 3343 commentarius]
2568 3319 2580 3330 .
2650 3283 2921 3333 405—448

336 3363 502 3413 Servii
538 3365 666 3414 liber
700 3365 764 3415 de
798 3365 1036 3415 finalibus
1110 3401 2580 3418 ..................
2649 3368 2920 3417 449—-455

337 3449 502 3498 Servii
539 3449 664 3500 liber
698 3451 764 3500 de
799 3461 1000 3500 eentum
1037 3450 1208 3500 metris
1281 3485 2580 3501 ................
2648 3451 2920 3502 456-467

337 3531 500 3583 Servii
535 3534 662 3584 liber
695 3535 759 3584 de
796 3537 970 3585 metris
1005 3535 1296 3585 Horatianis
1368 3569 2578 3584 ...............
2648 3535 2919 3588 468—472

337 3616 504 3683 Sergii
550 3619 614 3668 ‹le
661 3619 826 3670 littera
867 3621 931 3670 de
975 3620 1172 3684 syllaba
1207 3620 1268 3669 de
1305 3619 1520 3685 pedibus
1557 3619 1622 3668 de
1656 3619 1946 3667 accentibus
1984 3617 2047 3666 de
2081 3618 2407 3667 distinctione
2442 3633 2581 3667 com-

447 3689 746 3760 ,mentarius
785 3703 974 3770 [Sergii
1009 3706 1060 3753 in
1099 3705 1283 3754 Donati
1317 3714 1474 3753 artem
1512 3705 1729 3769 primam
1768 3701 2150 3766 commentaria]
2224 3741 2577 3754 .....
2648 3705 2919 3755 475—485

336 3787 547 3854 [Sergii]
584 3789 1005 3854 explanationum
1040 3789 1092 3837 in
1129 3799 1286 3838 artem
1323 3788 1510 3838 Donati
1545 3788 1657 3836 libri
1693 3789 1737 3836 ll
1794 3825 2575 3838 ..........
2644 3789 2918 3840 486—565

335 3873 410 3922 De
446 3873 773 3924 idiomatibus
845 3909 2579 3924 .....................
2648 3875 2919 3926 566—584
