3434 5442
1278 317 1700 380 PRAEFATlo
2626 334 2769 380 xxv

209 503 542 570 institutam
599 503 683 568 de
743 513 1006 568 auctore
1063 501 1380 569 librorum
1434 504 1548 590 qui
1593 504 1791 570 Probi
1834 505 2091 570 nomine
2132 504 2429 592 inscripti
2474 504 2771 570 feruntur

207 607 469 687 redeam,
517 628 650 670 non
695 607 971 670 multum
1015 605 1229 671 tribuo
1276 607 1647 670 auctoritati
1689 608 2287 691 grammaticorum,
2333 608 2445 693 qui
2487 630 2657 694 quae
2686 630 2771 673 ex

209 711 288 774 his
325 708 506 773 libris
553 709 928 794 petiverunt
969 707 1192 772 eodem
1239 707 1380 772 loco
1425 730 1554 795 quo
1599 729 1678 772 ea
1721 731 1889 794 quae
1934 709 2408 795 antiquioribus
2452 732 2771 776 commen-

208 812 364 877 tariis
419 809 746 876 debentur
798 808 1187 876 habuerunt.
1297 808 1491 874 facile
1548 811 1724 876 enim
1776 811 1918 876 fieri
1972 812 2215 897 potuit,
2283 821 2358 878 ut
2423 814 2770 900 scriptores

207 921 394 978 aetate
434 912 632 998 longe
677 912 968 977 diversos
1012 922 1276 999 propter
1316 911 1490 976 idem
1533 933 1767 977 nomen
1808 912 2298 978 confunderent.
2357 914 2627 999 gravius
2671 923 2772 980 est

205 1014 376 1095 illud,
440 1015 620 1100 quod
659 1016 731 1078 in
773 1013 1232 1080 catholicon
1275 1014 1538 1100 quidem
1581 1012 1797 1080 libro
1846 1016 2024 1100 (nam
2084 1015 2165 1080 de
2219 1015 2344 1082 hoc
2403 1039 2574 1083 nunc
2633 1017 2769 1082 solo

207 1117 530 1182 dicendum
575 1117 712 1202 est)
761 1126 910 1182 sunt
953 1138 1120 1203 quae
1165 1117 1322 1180 satis
1366 1118 1561 1182 certis
1616 1119 2049 1202 argumentis,
2096 1117 2433 1183 Prisciano
2488 1121 2771 1184 maxime

206 1229 446 1284 auctore
457 1267 478 1301 ,
533 1219 804 1305 Berytio
860 1219 1283 1304 grammatico
1341 1219 1775 1285 vindicentur.
1865 1230 2059 1306 atque
2113 1229 2187 1285 ut
2245 1221 2527 1307 primum
2570 1221 2651 1286 de
2694 1243 2773 1286 ea

205 1331 364 1408 parte
407 1343 580 1406 quae
626 1331 726 1388 est
768 1322 850 1386 de
891 1319 1260 1387 nominibus
1305 1319 1548 1403 dicam,
1593 1343 1672 1386 ea
1714 1344 1882 1408 quae
1923 1322 2029 1386 hic
2059 1321 2139 1387 de
2170 1321 2411 1407 regulis
2441 1325 2769 1389 nominum

205 1425 474 1488 breviter
523 1423 812 1489 indicata
864 1423 1140 1509 legimus
1187 1446 1335 1489 cum
1377 1425 1460 1489 iis
1504 1445 1672 1510 quae
1714 1423 2091 1488 Priscianus
2133 1424 2203 1488 in
2247 1435 2433 1490 sexto
2478 1425 2646 1490 libro
2690 1425 2769 1489 de

205 1526 584 1591 nominativo
623 1535 690 1592 et
729 1527 1031 1610 genetivo
1089 1525 1292 1592 multo
1347 1526 1611 1592 uberius
1665 1525 2031 1612 disputavit
2084 1535 2151 1592 et
2206 1548 2372 1612 quae
2427 1528 2495 1591 in
2546 1527 2771 1614 quinto

205 1628 348 1694 libro
388 1627 479 1692 de
521 1628 869 1714 generibus
913 1628 1220 1694 tractavit
1272 1629 1367 1694 ita
1420 1629 1866 1710 consentiunt,
1923 1636 1997 1693 ut
2050 1627 2343 1694 dubitari
2396 1630 2514 1694 vix
2566 1631 2775 1715 possit

203 1731 338 1817 quin
391 1751 484 1794 ex
553 1728 780 1795 eodem
847 1730 1030 1796 fonte
1093 1731 1431 1817 utriusque
1490 1731 1899 1816 grammatici
1958 1729 2254 1796 doctrina
2313 1730 2609 1796 derivata
2666 1732 2770 1796 sit.

203 1855 274 1897 ex
311 1833 533 1897 multis
580 1831 896 1918 exemplis
939 1831 1102 1898 haec
1145 1855 1357 1920 pauca
1399 1833 1484 1897 ad
1526 1853 1664 1898 rem
1720 1832 2127 1919 probandam
2182 1832 2544 1915 sufficiant,
2601 1856 2666 1919 p.
2714 1842 2771 1915 3,

206 1944 273 2003 14
313 1934 412 1998 die
461 1932 637 1999 acie:
694 1934 898 1998 Prisc.
945 1941 1070 2005 366
1083 1969 1128 2016 ,·
1162 1941 1222 2003 9.
1283 1957 1342 2020 Ρ.
1391 1942 1460 2016 6,
1520 1943 1601 2005 25
1659 1935 1741 2000 de
1785 1936 2185 2000 nominativo
2228 1957 2269 1999 a
2311 1934 2523 2000 finito:
2572 1935 2772 2000 Prisc.

203 2043 335 2118 199,
379 2045 506 2118 143
577 2043 730 2118 143,
777 2046 890 2119 143
956 2045 1111 2119 201,
1161 2045 1260 2108 18.
1327 2059 1393 2122 p.
1441 2049 1510 2122 7,
1570 2047 1610 2107 4
1665 2037 1796 2102 lac:
1843 2037 2047 2102 Prisc.
2095 2044 2254 2119 212,
2303 2046 2362 2106 4.
2420 2060 2485 2123 p.
2536 2045 2645 2118 10,
2692 2043 2773 2106 28

199 2139 398 2204 homo:
459 2137 670 2203 Prisc.
717 2145 872 2219 206,
917 2144 1020 2206 22.
1089 2161 1156 2226 p.
1206 2146 1316 2221 13,
1366 2148 1403 2210 8
1445 2161 1596 2204 acer
1639 2139 1885 2204 alacer:
1932 2139 2139 2204 Prisc.
2188 2147 2340 2220 152,
2391 2146 2490 2209 18.
2558 2161 2621 2224 p.
2672 2147 2772 2220 13,

198 2247 268 2308 29
307 2240 549 2307 Gadir:
607 2240 810 2305 Prisc.
859 2248 1010 2323 154,
1057 2249 1116 2309 1.
1182 2264 1248 2327 p.
1297 2249 1406 2322 16,
1454 2251 1530 2311 11
1577 2263 1857 2328 pauper:
1902 2241 2109 2307 Prisc.
2158 2249 2299 2323 152,
2346 2247 2406 2311 8.
2474 2264 2538 2327 p.
2585 2248 2688 2323 20,
2735 2249 2773 2311 3

199 2343 454 2408 scrobis:
529 2341 738 2407 Prisc.
801 2350 951 2424 168,
1018 2349 1080 2411 9.
1165 2365 1230 2430 Ρ.
1289 2351 1402 2424 31,
1474 2353 1506 2412 1
1576 2344 1706 2408 vis:
1777 2342 1985 2409 Prisc.
2041 2349 2194 2425 249,
2254 2349 2313 2412 9.
2394 2366 2461 2430 Ρ.
2518 2349 2634 2423 22,
2692 2351 2775 2413 24

201 2443 524 2509 Chremes:
587 2445 792 2509 Prisc.
852 2453 1006 2526 244,
1065 2455 1136 2526 5,
1193 2445 1309 2510 ubi
1363 2466 1530 2532 quae
1585 2444 1667 2509 de
1721 2445 2091 2510 nominibus
2149 2467 2218 2508 es
2276 2443 2531 2532 syllaba
2572 2445 2775 2510 finitis

199 2547 254 2609 in
293 2545 632 2611 catholicis
675 2546 970 2632 plurimis
1029 2546 1186 2612 locis
1241 2547 1537 2634 dispersa
1588 2545 1896 2632 leguntur
1937 2547 2008 2610 in
2062 2569 2193 2612 uno
2246 2545 2387 2611 loco
2440 2549 2777 2635 conposita

201 2657 352 2710 sunt.
407 2649 546 2712 iam
591 2649 796 2733 igitur
837 2649 1134 2734 quamvis
1167 2648 1538 2712 Priscianus
1582 2671 1714 2714 non
1755 2647 2173 2730 indicaverit,
2217 2671 2411 2735 quem
2446 2659 2775 2714 auctorem

199 2751 254 2814 in
293 2749 388 2813 his
433 2758 706 2814 secutus
751 2751 866 2832 sit,
912 2771 1121 2837 neque
1165 2750 1278 2815 uni
1322 2751 1539 2815 omnia
1581 2749 1845 2831 debeat,
1895 2750 2012 2815 sed
2056 2749 2577 2817 doctissimorum
2606 2752 2775 2816 viro-

199 2873 322 2915 rum
373 2853 666 2918 inventis
717 2874 788 2916 se
843 2874 1032 2917 usum
1091 2873 1236 2917 esse
1295 2851 1678 2939 profiteatur
1718 2876 1784 2939 Ρ.
1834 2861 1987 2934 194,
2046 2862 2158 2934 10,
2226 2862 2441 2918 tamen
2489 2852 2776 2940 Caprum

200 2975 372 3040 saepe
411 2954 808 3020 nominatim
851 2953 1225 3041 appellavit.
1315 2953 1602 3040 Capram
1644 2976 1837 3041 porro
1881 2955 2080 3020 Probi
2136 2957 2340 3041 copiis
2394 2977 2587 3022 usum
2630 2977 2775 3020 esse

201 3056 438 3120 scimus.
560 3077 768 3142 quare
832 3079 980 3121 cum
1041 3079 1172 3123 non
1236 3056 1644 3142 inprobabile
1711 3059 1797 3122 sit
1860 3057 2033 3122 hunc
2099 3057 2563 3122 catholicorum
2626 3079 2774 3120 cum

198 3156 512 3223 Prisciano
575 3179 964 3223 consensum
1009 3180 1093 3223 ex
1135 3159 1586 3223 communibus
1629 3158 1835 3244 copiis
1879 3158 2111 3240 Probi,
2169 3160 2351 3223 cuius
2394 3180 2627 3222 nomen
2671 3179 2775 3222 ca·
2831 3207 2845 3218 .

199 3256 416 3325 tholioa
455 3281 626 3345 prae
673 3282 743 3325 se
787 3259 1036 3342 ferunt,
1095 3260 1522 3325 derivandum
1566 3282 1737 3343 esse,
1798 3259 2047 3325 accedit
2100 3261 2295 3326 etiam
2352 3259 2543 3342 illud,
2599 3259 2775 3346 quod

201 3360 398 3447 aliqua
437 3363 734 3447 vestigia
776 3384 1001 3428 eorum
1043 3384 1211 3449 quae
1243 3362 1514 3447 Berytio
1558 3364 1979 3447 grammatico
2024 3372 2246 3449 aperte
2292 3363 2665 3427 tribuuntur
2706 3363 2775 3427 in

202 3461 514 3529 catholicis
559 3475 814 3530 restare
859 3464 1183 3530 videntur.
1273 3485 1356 3529 ex
1402 3485 1529 3551 quo
1573 3486 1813 3550 genere
1868 3473 2019 3530 sunt
2064 3486 2142 3529 ea
2182 3485 2349 3550 quae
2394 3464 2475 3529 de
2515 3464 2777 3530 nomine

205 3563 282 3626 sal
329 3587 412 3630 ex
465 3565 694 3652 Capro
751 3575 818 3631 et
871 3567 1087 3632 Probo
1143 3566 1444 3632 exhibuit
1484 3566 1859 3632 Priscianus
1902 3590 1968 3652 p.
2017 3576 2133 3636 171
2155 3614 2172 3648 ,
2218 3573 2257 3636 8
2311 3565 2477 3630 00111.
2532 3565 2775 3631 cathol.

207 3673 254 3746 8,
282 3674 378 3748 25,
421 3676 488 3732 01
531 3667 620 3733 (10
665 3669 1014 3754 generibus
1061 3668 1610 3734 deminutivorum
1652 3692 1718 3756 p.
1772 3680 1922 3750 115,
1971 3677 2049 3740 18
2092 3667 2257 3733 conl.
2303 3667 2540 3734 cathol.
2588 3677 2647 3750 6,
2696 3679 2776 3740 16

209 3779 258 3832 et
295 3777 400 3850 29,
447 3778 554 3838 27.
649 3770 849 3836 etiam
892 3792 1059 3857 quae
1104 3769 1186 3834 de
1229 3770 1602 3835 nominibus
1661 3793 1810 3834 cum
1859 3792 2057 3857 puero
2103 3771 2453 3858 conpositis
2497 3771 2775 3836 Priscia-

209 3891 306 3933 nus
346 3871 562 3937 Probo
625 3880 893 3938 auctore
939 3872 1302 3959 disputavit
1361 3895 1427 3958 Ρ.
1476 3879 1634 3954 236,
1695 3881 1794 3954 12,
1852 3895 2245 3960 quamquam
2299 3894 2383 3938 ex
2437 3873 2776 3940 catholicis

213 3979 300 4052 16,
343 3980 418 4043 18
461 3983 694 4060 petere
738 3975 979 4060 potuit,
1027 3977 1194 4039 sicut
1237 3996 1436 4060 supra
1464 3997 1528 4060 p.
1560 3973 1768 4040 XVII
1794 3975 2151 4042 indicatum
2181 3984 2308 4056 est,
2354 3985 2569 4041 tamen
2601 3976 2779 4041 haud

213 4075 320 4137 seio
357 4098 440 4139 an
483 4075 710 4162 Capro
755 4077 972 4162 potius
1018 4076 1334 4141 debuerit.
1424 4076 1704 4163 denique
1757 4098 1925 4163 quae
1980 4079 2061 4142 de
2122 4079 2445 4164 scriptura
2497 4078 2776 4143 nominis

215 4175 434 4242 Orchus
476 4180 549 4244 in
595 4177 939 4243 catholicis
982 4179 1384 4264 praescripta
1427 4187 1579 4242 sunt
1620 4201 1686 4264 p.
1739 4188 1848 4260 10,
1894 4186 1997 4248 22.
2062 4188 2169 4260 14,
2217 4187 2319 4251 33.
2365 4187 2477 4261 22,
2526 4187 2628 4250 27.
2674 4185 2777 4260 38,

219 4284 284 4346 28
325 4279 572 4368 Berytii
631 4279 1046 4364 grammatici
1101 4279 1432 4344 doctrinae
1487 4280 1835 4345 convenire
1893 4279 2083 4346 docet
2140 4281 2408 4346 Servius
2462 4281 2529 4344 in
2574 4280 2774 4366 Verg.

207 4397 406 4466 georg.
457 4382 493 4448 I
547 4389 680 4450 277
747 4385 984 4447 Probus
1041 4383 1274 4447 Orchus
1326 4387 1502 4461 quit,
1577 4387 1877 4447 Cornutus
1942 4393 2103 4448 vetat
2171 4389 2601 4463 aspirationem
2666 4389 2779 4448 ad-

229 4484 462 4547 dadam.

359 4583 549 4650 Plura
608 4585 862 4650 indicia
916 4585 1248 4651 doctrinae
1299 4607 1384 4650 ex
1427 4586 1761 4651 veteribus
1806 4586 2006 4652 Probi
2060 4587 2265 4674 copiis
2323 4587 2657 4652 derivatae
2709 4588 2779 4651 in

239 4679 396 4749 altera
429 4697 617 4772 parte
665 4686 1158 4768 catholicorum,
1205 4709 1373 4774 quae
1416 4696 1516 4752 est
1560 4688 1646 4752 de
1687 4688 1941 4769 verbis,
1989 4697 2235 4753 extant.
2304 4690 2374 4753 in
2417 4711 2549 4775 qua
2589 4698 2779 4774 parte

243 4793 298 4846 ¹1¹·
339 4785 658 4855 Prisciano
727 4797 792 4853 et
855 4789 1172 4854 Diomede
1239 4789 1614 4856 auctoribus
1680 4789 1886 4856 multo
1951 4792 2191 4857 certius
2256 4799 2542 4872 constat,
2621 4792 2779 4876 quid
2864 4831 2869 4836 -
