<?xml version="1.0" encoding="UTF-8"?>
<!DOCTYPE html PUBLIC "-//W3C//DTD XHTML 1.0 Transitional//EN"
    "http://www.w3.org/TR/xhtml1/DTD/xhtml1-transitional.dtd">
<html xmlns="http://www.w3.org/1999/xhtml" xml:lang="en" lang="en">
 <head>
  <title>
</title>
<meta http-equiv="Content-Type" content="text/html;charset=utf-8" />
  <meta name='ocr-system' content='tesseract 3.04.00' />
  <meta name='ocr-capabilities' content='ocr_page ocr_carea ocr_par ocr_line ocrx_word'/>
</head>
<body>
  <div class='ocr_page' id='page_1' title='image "./grammaticilatin01unkngoog_0580.png"; bbox 0 0 3434 5442; ppageno 0'>
   <div class='ocr_carea' id='block_1_1' title="bbox 950 294 2853 362">
    <p class='ocr_par' dir='ltr' id='par_1_1' title="bbox 950 294 2853 362">
     <span class='ocr_line' id='line_1_1' title="bbox 950 294 2853 362; baseline 0 -2"><span class='ocrx_word' id='word_1_1' title='bbox 950 297 1365 360; x_wconf 76' lang='lat' dir='ltr'><strong>EXPLANAT.</strong></span> <span class='ocrx_word' id='word_1_2' title='bbox 1410 297 1489 360; x_wconf 82' lang='lat' dir='ltr'><strong>IN</strong></span> <span class='ocrx_word' id='word_1_3' title='bbox 1532 294 1896 360; x_wconf 71' lang='lat' dir='ltr'>DONATVM</span> <span class='ocrx_word' id='word_1_4' title='bbox 1939 294 2082 358; x_wconf 89' lang='lat' dir='ltr'><strong>LIB.</strong></span> <span class='ocrx_word' id='word_1_5' title='bbox 2129 295 2154 356; x_wconf 87' lang='grc' dir='ltr'>Ι</span> <span class='ocrx_word' id='word_1_6' title='bbox 2726 297 2853 362; x_wconf 78' lang='lat'><strong>519</strong></span> 
     </span>
    </p>
   </div>
   <div class='ocr_carea' id='block_1_2' title="bbox 262 407 2853 570">
    <p class='ocr_par' dir='ltr' id='par_1_2' title="bbox 262 407 2853 570">
     <span class='ocr_line' id='line_1_2' title="bbox 372 407 775 451; baseline -0.012 0"><span class='ocrx_word' id='word_1_7' title='bbox 372 410 407 451; x_wconf 84' lang='lat' dir='ltr'><strong>r.</strong></span> <span class='ocrx_word' id='word_1_8' title='bbox 432 408 513 450; x_wconf 76' lang='lat'><strong>54·</strong></span> <span class='ocrx_word' id='word_1_9' title='bbox 539 407 637 449; x_wconf 76' lang='lat' dir='ltr'><strong>eod.</strong></span> <span class='ocrx_word' id='word_1_10' title='bbox 668 407 775 448; x_wconf 67' lang='grc' dir='ltr'><strong>ω.</strong></span> 
     </span>
     <span class='ocr_line' id='line_1_3' title="bbox 262 480 2853 570; baseline -0.004 -19"><span class='ocrx_word' id='word_1_11' title='bbox 262 488 427 570; x_wconf 85' lang='lat' dir='ltr'><strong>quod</strong></span> <span class='ocrx_word' id='word_1_12' title='bbox 470 491 531 550; x_wconf 91' lang='lat' dir='ltr'><strong>in</strong></span> <span class='ocrx_word' id='word_1_13' title='bbox 576 486 827 567; x_wconf 79' lang='lat' dir='ltr'><strong>legendo</strong></span> <span class='ocrx_word' id='word_1_14' title='bbox 868 487 1135 548; x_wconf 87' lang='lat' dir='ltr'><strong>iteretur.</strong></span> <span class='ocrx_word' id='word_1_15' title='bbox 1224 502 1361 546; x_wconf 88' lang='lat' dir='ltr'><strong>nam</strong></span> <span class='ocrx_word' id='word_1_16' title='bbox 1418 501 1553 546; x_wconf 91' lang='lat' dir='ltr'><strong>cum</strong></span> <span class='ocrx_word' id='word_1_17' title='bbox 1610 499 1819 544; x_wconf 88' lang='lat' dir='ltr'><strong>omnes</strong></span> <span class='ocrx_word' id='word_1_18' title='bbox 1871 480 2106 544; x_wconf 82' lang='lat' dir='ltr'><strong>litterae</strong></span> <span class='ocrx_word' id='word_1_19' title='bbox 2163 481 2346 544; x_wconf 80' lang='lat' dir='ltr'>XXIII</span> <span class='ocrx_word' id='word_1_20' title='bbox 2389 483 2534 552; x_wconf 87' lang='lat' dir='ltr'><strong>sint,</strong></span> <span class='ocrx_word' id='word_1_21' title='bbox 2581 481 2853 562; x_wconf 86' lang='lat' dir='ltr'><strong>quotiens</strong></span> 
     </span>
    </p>
   </div>
   <div class='ocr_carea' id='block_1_3' title="bbox 253 581 2926 4230">
    <p class='ocr_par' dir='ltr' id='par_1_3' title="bbox 253 581 2926 4230">
     <span class='ocr_line' id='line_1_4' title="bbox 266 581 2850 669; baseline -0.003 -16"><span class='ocrx_word' id='word_1_22' title='bbox 266 590 513 654; x_wconf 85' lang='lat' dir='ltr'><strong>eaedem</strong></span> <span class='ocrx_word' id='word_1_23' title='bbox 557 609 589 652; x_wconf 90' lang='lat' dir='ltr'><strong>a</strong></span> <span class='ocrx_word' id='word_1_24' title='bbox 634 587 971 669; x_wconf 79' lang='lat' dir='ltr'><strong>legentibus</strong></span> <span class='ocrx_word' id='word_1_25' title='bbox 1014 590 1396 667; x_wconf 82' lang='lat' dir='ltr'><strong>repetuntur,</strong></span> <span class='ocrx_word' id='word_1_26' title='bbox 1456 593 1518 646; x_wconf 90' lang='lat' dir='ltr'><strong>et</strong></span> <span class='ocrx_word' id='word_1_27' title='bbox 1559 586 1748 648; x_wconf 88' lang='lat' dir='ltr'><strong>varias</strong></span> <span class='ocrx_word' id='word_1_28' title='bbox 1791 582 2044 664; x_wconf 79' lang='lat' dir='ltr'><strong>syllabas</strong></span> <span class='ocrx_word' id='word_1_29' title='bbox 2087 583 2326 646; x_wconf 86' lang='lat' dir='ltr'><strong>faciunt.</strong></span> <span class='ocrx_word' id='word_1_30' title='bbox 2418 583 2652 646; x_wconf 88' lang='lat' dir='ltr'><strong>Latinas</strong></span> <span class='ocrx_word' id='word_1_31' title='bbox 2695 581 2850 644; x_wconf 88' lang='lat' dir='ltr'><strong>litte·</strong></span> 
     </span>
     <span class='ocr_line' id='line_1_5' title="bbox 264 685 2850 769; baseline -0.003 -15"><span class='ocrx_word' id='word_1_32' title='bbox 264 712 365 756; x_wconf 85' lang='lat' dir='ltr'><strong>ras</strong></span> <span class='ocrx_word' id='word_1_33' title='bbox 416 691 713 754; x_wconf 85' lang='lat' dir='ltr'><strong>invenisse</strong></span> <span class='ocrx_word' id='word_1_34' title='bbox 768 690 983 752; x_wconf 89' lang='lat' dir='ltr'><strong>dicitur</strong></span> <span class='ocrx_word' id='word_1_35' title='bbox 1040 688 1400 760; x_wconf 86' lang='lat' dir='ltr'><strong>Carmentis,</strong></span> <span class='ocrx_word' id='word_1_36' title='bbox 1466 694 1658 750; x_wconf 87' lang='lat' dir='ltr'><strong>mater</strong></span> <span class='ocrx_word' id='word_1_37' title='bbox 1723 686 2015 769; x_wconf 79' lang='lat' dir='ltr'><strong>Euandri,</strong></span> <span class='ocrx_word' id='word_1_38' title='bbox 2082 703 2232 766; x_wconf 81' lang='lat' dir='ltr'><strong>quae</strong></span> <span class='ocrx_word' id='word_1_39' title='bbox 2298 687 2541 766; x_wconf 88' lang='lat' dir='ltr'><strong>proprio</strong></span> <span class='ocrx_word' id='word_1_40' title='bbox 2609 685 2850 748; x_wconf 87' lang='lat' dir='ltr'><strong>nomine</strong></span> 
     </span>
     <span class='ocr_line' id='line_1_6' title="bbox 266 787 2850 868; baseline -0.004 -10"><span class='ocrx_word' id='word_1_41' title='bbox 266 795 599 858; x_wconf 86' lang='lat' dir='ltr'><strong>Nicostrate</strong></span> <span class='ocrx_word' id='word_1_42' title='bbox 643 792 799 854; x_wconf 87' lang='lat' dir='ltr'><strong>dicta</strong></span> <span class='ocrx_word' id='word_1_43' title='bbox 845 799 955 856; x_wconf 87' lang='lat' dir='ltr'><strong>est.</strong></span> <span class='ocrx_word' id='word_1_44' title='bbox 1042 791 1371 852; x_wconf 78' lang='lat' dir='ltr'><strong>Carmentis</strong></span> <span class='ocrx_word' id='word_1_45' title='bbox 1430 798 1627 852; x_wconf 85' lang='lat' dir='ltr'><strong>autem</strong></span> <span class='ocrx_word' id='word_1_46' title='bbox 1683 789 1820 850; x_wconf 87' lang='lat' dir='ltr'><strong>ideo</strong></span> <span class='ocrx_word' id='word_1_47' title='bbox 1865 805 2083 852; x_wconf 86' lang='lat' dir='ltr'><strong>nomen</strong></span> <span class='ocrx_word' id='word_1_48' title='bbox 2129 789 2384 867; x_wconf 86' lang='lat' dir='ltr'><strong>accepit,</strong></span> <span class='ocrx_word' id='word_1_49' title='bbox 2432 787 2589 868; x_wconf 87' lang='lat' dir='ltr'><strong>quod</strong></span> <span class='ocrx_word' id='word_1_50' title='bbox 2636 787 2850 850; x_wconf 88' lang='lat' dir='ltr'><strong>carmi·</strong></span> 
     </span>
     <span class='ocr_line' id='line_1_7' title="bbox 264 891 2899 971; baseline -0.005 -13"><span class='ocrx_word' id='word_1_51' title='bbox 264 895 443 958; x_wconf 86' lang='lat' dir='ltr'><strong>nibus</strong></span> <span class='ocrx_word' id='word_1_52' title='bbox 486 895 927 965; x_wconf 78' lang='lat' dir='ltr'>vaticinaretur,</span> <span class='ocrx_word' id='word_1_53' title='bbox 972 891 1131 954; x_wconf 89' lang='lat' dir='ltr'><strong>unde</strong></span> <span class='ocrx_word' id='word_1_54' title='bbox 1174 892 1467 971; x_wconf 82' lang='lat' dir='ltr'><strong>Vergilius</strong></span> <span class='ocrx_word' id='word_1_55' title='bbox 2874 905 2899 944; x_wconf 71' lang='lat' dir='ltr'><strong>s</strong></span> 
     </span>
     <span class='ocr_line' id='line_1_8' title="bbox 570 993 2266 1073; baseline -0.004 -14"><span class='ocrx_word' id='word_1_56' title='bbox 570 1005 643 1059; x_wconf 89' lang='lat' dir='ltr'><strong>et</strong></span> <span class='ocrx_word' id='word_1_57' title='bbox 686 993 1231 1059; x_wconf 79' lang='lat' dir='ltr'><strong>Carmentalem</strong></span> <span class='ocrx_word' id='word_1_58' title='bbox 1275 993 1931 1056; x_wconf 85' lang='lat' dir='ltr'><strong>Romani-nomine</strong></span> <span class='ocrx_word' id='word_1_59' title='bbox 1975 1001 2266 1073; x_wconf 88' lang='lat' dir='ltr'><strong>portam</strong></span> 
     </span>
     <span class='ocr_line' id='line_1_9' title="bbox 570 1093 2850 1179; baseline -0.002 -21"><span class='ocrx_word' id='word_1_60' title='bbox 570 1093 2850 1179; x_wconf 78' lang='lat' dir='ltr'><strong>quammemorant‚nymphacpriscumCarmentishanorem,</strong></span> 
     </span>
     <span class='ocr_line' id='line_1_10' title="bbox 574 1196 2405 1278; baseline -0.002 -18"><span class='ocrx_word' id='word_1_61' title='bbox 574 1201 771 1260; x_wconf 88' lang='lat' dir='ltr'><strong>vatis</strong></span> <span class='ocrx_word' id='word_1_62' title='bbox 814 1197 1204 1269; x_wconf 77' lang='lat' dir='ltr'><strong>fatidicae,</strong></span> <span class='ocrx_word' id='word_1_63' title='bbox 1252 1198 1543 1260; x_wconf 79' lang='lat' dir='ltr'><strong>cecinit</strong></span> <span class='ocrx_word' id='word_1_64' title='bbox 1584 1215 1776 1278; x_wconf 88' lang='lat' dir='ltr'><strong>quae</strong></span> <span class='ocrx_word' id='word_1_65' title='bbox 1818 1198 2052 1276; x_wconf 89' lang='lat' dir='ltr'><strong>prima</strong></span> <span class='ocrx_word' id='word_1_66' title='bbox 2096 1196 2405 1258; x_wconf 85' lang='lat' dir='ltr'><strong>futuros</strong></span> 
     </span>
     <span class='ocr_line' id='line_1_11' title="bbox 571 1297 2275 1376; baseline -0.001 -14"><span class='ocrx_word' id='word_1_67' title='bbox 571 1299 965 1362; x_wconf 80' lang='lat' dir='ltr'><strong>Aeneadas</strong></span> <span class='ocrx_word' id='word_1_68' title='bbox 1008 1316 1317 1376; x_wconf 84' lang='lat' dir='ltr'><strong>magnos</strong></span> <span class='ocrx_word' id='word_1_69' title='bbox 1360 1311 1433 1360; x_wconf 84' lang='lat' dir='ltr'><strong>et</strong></span> <span class='ocrx_word' id='word_1_70' title='bbox 1476 1297 1738 1362; x_wconf 87' lang='lat' dir='ltr'><strong>nobile</strong></span> <span class='ocrx_word' id='word_1_71' title='bbox 1780 1297 2275 1362; x_wconf 84' lang='lat' dir='ltr'><strong>Pallanteum.</strong></span> 
     </span>
     <span class='ocr_line' id='line_1_12' title="bbox 260 1397 2926 1481; baseline -0.003 -14"><span class='ocrx_word' id='word_1_72' title='bbox 260 1406 415 1467; x_wconf 84' lang='lat' dir='ltr'><strong>haec</strong></span> <span class='ocrx_word' id='word_1_73' title='bbox 482 1404 641 1466; x_wconf 90' lang='lat' dir='ltr'><strong>enim</strong></span> <span class='ocrx_word' id='word_1_74' title='bbox 708 1419 857 1481; x_wconf 89' lang='lat' dir='ltr'><strong>quae</strong></span> <span class='ocrx_word' id='word_1_75' title='bbox 914 1400 1223 1464; x_wconf 81' lang='lat' dir='ltr'><strong>Carmenta</strong></span> <span class='ocrx_word' id='word_1_76' title='bbox 1297 1401 1453 1464; x_wconf 88' lang='lat' dir='ltr'><strong>dicta</strong></span> <span class='ocrx_word' id='word_1_77' title='bbox 1508 1409 1625 1472; x_wconf 89' lang='lat' dir='ltr'><strong>est,</strong></span> <span class='ocrx_word' id='word_1_78' title='bbox 1682 1400 1917 1481; x_wconf 87' lang='lat' dir='ltr'><strong>quando</strong></span> <span class='ocrx_word' id='word_1_79' title='bbox 1973 1417 2108 1462; x_wconf 91' lang='lat' dir='ltr'><strong>cum</strong></span> <span class='ocrx_word' id='word_1_80' title='bbox 2163 1399 2442 1462; x_wconf 85' lang='lat' dir='ltr'><strong>Euandro</strong></span> <span class='ocrx_word' id='word_1_81' title='bbox 2496 1398 2570 1462; x_wconf 90' lang='lat' dir='ltr'><strong>ad</strong></span> <span class='ocrx_word' id='word_1_82' title='bbox 2624 1397 2847 1463; x_wconf 90' lang='lat' dir='ltr'><strong>Italiam</strong></span> <span class='ocrx_word' id='word_1_83' title='bbox 2875 1410 2926 1452; x_wconf 86' lang='lat'><strong>1⁰</strong></span> 
     </span>
     <span class='ocr_line' id='line_1_13' title="bbox 262 1501 2847 1588; baseline -0.001 -23"><span class='ocrx_word' id='word_1_84' title='bbox 262 1507 457 1576; x_wconf 89' lang='lat' dir='ltr'><strong>venit,</strong></span> <span class='ocrx_word' id='word_1_85' title='bbox 515 1513 657 1566; x_wconf 87' lang='lat' dir='ltr'><strong>tunc</strong></span> <span class='ocrx_word' id='word_1_86' title='bbox 700 1501 999 1566; x_wconf 85' lang='lat' dir='ltr'><strong>transtulit</strong></span> <span class='ocrx_word' id='word_1_87' title='bbox 1058 1505 1117 1564; x_wconf 92' lang='lat' dir='ltr'><strong>in</strong></span> <span class='ocrx_word' id='word_1_88' title='bbox 1160 1504 1435 1588; x_wconf 78' lang='lat' dir='ltr'><strong>Latinum</strong></span> <span class='ocrx_word' id='word_1_89' title='bbox 1480 1521 1651 1566; x_wconf 89' lang='lat' dir='ltr'><strong>usum</strong></span> <span class='ocrx_word' id='word_1_90' title='bbox 1694 1502 1922 1565; x_wconf 85' lang='lat' dir='ltr'><strong>litteras</strong></span> <span class='ocrx_word' id='word_1_91' title='bbox 1967 1503 2242 1565; x_wconf 82' lang='lat' dir='ltr'><strong>Graecas,</strong></span> <span class='ocrx_word' id='word_1_92' title='bbox 2331 1501 2564 1564; x_wconf 86' lang='lat' dir='ltr'><strong>litterae</strong></span> <span class='ocrx_word' id='word_1_93' title='bbox 2607 1501 2847 1564; x_wconf 84' lang='lat' dir='ltr'><strong>Latinae</strong></span> 
     </span>
     <span class='ocr_line' id='line_1_14' title="bbox 262 1601 2849 1685; baseline -0.003 -14"><span class='ocrx_word' id='word_1_94' title='bbox 262 1627 403 1671; x_wconf 85' lang='lat' dir='ltr'><strong>cum</strong></span> <span class='ocrx_word' id='word_1_95' title='bbox 464 1605 653 1669; x_wconf 83' lang='lat' dir='ltr'>XXIII</span> <span class='ocrx_word' id='word_1_96' title='bbox 708 1606 855 1676; x_wconf 83' lang='lat' dir='ltr'><strong>sint,</strong></span> <span class='ocrx_word' id='word_1_97' title='bbox 914 1603 1099 1667; x_wconf 88' lang='lat' dir='ltr'><strong>Varro</strong></span> <span class='ocrx_word' id='word_1_98' title='bbox 1153 1603 1307 1666; x_wconf 84' lang='lat' dir='ltr'>XVII</span> <span class='ocrx_word' id='word_1_99' title='bbox 1360 1603 1499 1666; x_wconf 88' lang='lat' dir='ltr'><strong>dicit</strong></span> <span class='ocrx_word' id='word_1_100' title='bbox 1554 1623 1715 1676; x_wconf 88' lang='lat' dir='ltr'><strong>esse;</strong></span> <span class='ocrx_word' id='word_1_101' title='bbox 1773 1611 2002 1666; x_wconf 88' lang='lat' dir='ltr'><strong>ceteras</strong></span> <span class='ocrx_word' id='word_1_102' title='bbox 2053 1603 2386 1684; x_wconf 86' lang='lat' dir='ltr'><strong>superfluas</strong></span> <span class='ocrx_word' id='word_1_103' title='bbox 2427 1611 2612 1685; x_wconf 88' lang='lat' dir='ltr'><strong>putat.</strong></span> <span class='ocrx_word' id='word_1_104' title='bbox 2703 1601 2849 1664; x_wconf 87' lang='lat' dir='ltr'><strong>hacc</strong></span> 
     </span>
     <span class='ocr_line' id='line_1_15' title="bbox 260 1703 2846 1788; baseline -0.003 -16"><span class='ocrx_word' id='word_1_105' title='bbox 260 1721 355 1772; x_wconf 79' lang='lat' dir='ltr'><strong>est</strong></span> <span class='ocrx_word' id='word_1_106' title='bbox 398 1709 663 1772; x_wconf 82' lang='lat' dir='ltr'><strong>definitio</strong></span> <span class='ocrx_word' id='word_1_107' title='bbox 718 1706 1079 1776; x_wconf 87' lang='lat' dir='ltr'><strong>litterarum,</strong></span> <span class='ocrx_word' id='word_1_108' title='bbox 1134 1704 1365 1768; x_wconf 78' lang='lat' dir='ltr'><strong>‘littera</strong></span> <span class='ocrx_word' id='word_1_109' title='bbox 1421 1715 1513 1768; x_wconf 86' lang='lat' dir='ltr'><strong>est</strong></span> <span class='ocrx_word' id='word_1_110' title='bbox 1566 1723 1707 1788; x_wconf 89' lang='lat' dir='ltr'><strong>pars</strong></span> <span class='ocrx_word' id='word_1_111' title='bbox 1748 1708 1993 1770; x_wconf 87' lang='lat' dir='ltr'><strong>minima</strong></span> <span class='ocrx_word' id='word_1_112' title='bbox 2037 1708 2197 1768; x_wconf 89' lang='lat' dir='ltr'><strong>vocis</strong></span> <span class='ocrx_word' id='word_1_113' title='bbox 2240 1703 2608 1775; x_wconf 82' lang='lat' dir='ltr'><strong>articulatae,</strong></span> <span class='ocrx_word' id='word_1_114' title='bbox 2655 1723 2685 1766; x_wconf 89' lang='lat' dir='ltr'><strong>a</strong></span> <span class='ocrx_word' id='word_1_115' title='bbox 2731 1722 2846 1784; x_wconf 87' lang='lat' dir='ltr'><strong>qua</strong></span> 
     </span>
     <span class='ocr_line' id='line_1_16' title="bbox 258 1805 2848 1892; baseline -0.002 -18"><span class='ocrx_word' id='word_1_116' title='bbox 258 1812 473 1892; x_wconf 87' lang='lat' dir='ltr'><strong>incipit</strong></span> <span class='ocrx_word' id='word_1_117' title='bbox 514 1818 575 1872; x_wconf 88' lang='lat' dir='ltr'><strong>et</strong></span> <span class='ocrx_word' id='word_1_118' title='bbox 614 1811 681 1872; x_wconf 90' lang='lat' dir='ltr'><strong>in</strong></span> <span class='ocrx_word' id='word_1_119' title='bbox 722 1825 901 1890; x_wconf 88' lang='lat' dir='ltr'><strong>quam</strong></span> <span class='ocrx_word' id='word_1_120' title='bbox 942 1805 1259 1870; x_wconf 84' lang='lat' dir='ltr'><strong>resolvitur</strong></span> <span class='ocrx_word' id='word_1_121' title='bbox 1272 1810 1318 1870; x_wconf 91' lang='lat'><strong>’.</strong></span> <span class='ocrx_word' id='word_1_122' title='bbox 1402 1826 1515 1870; x_wconf 81' lang='lat' dir='ltr'><strong>vox</strong></span> <span class='ocrx_word' id='word_1_123' title='bbox 1560 1807 1773 1872; x_wconf 86' lang='lat' dir='ltr'><strong>dicitur</strong></span> <span class='ocrx_word' id='word_1_124' title='bbox 1817 1806 2102 1890; x_wconf 89' lang='lat' dir='ltr'><strong>quidquid</strong></span> <span class='ocrx_word' id='word_1_125' title='bbox 2145 1825 2362 1870; x_wconf 88' lang='lat' dir='ltr'><strong>sonare</strong></span> <span class='ocrx_word' id='word_1_126' title='bbox 2404 1815 2615 1887; x_wconf 85' lang='lat' dir='ltr'><strong>potest.</strong></span> <span class='ocrx_word' id='word_1_127' title='bbox 2690 1806 2848 1868; x_wconf 86' lang='lat' dir='ltr'><strong>vocis</strong></span> 
     </span>
     <span class='ocr_line' id='line_1_17' title="bbox 258 1907 2920 1992; baseline -0.003 -17"><span class='ocrx_word' id='word_1_128' title='bbox 258 1913 417 1975; x_wconf 88' lang='lat' dir='ltr'><strong>duae</strong></span> <span class='ocrx_word' id='word_1_129' title='bbox 458 1919 601 1976; x_wconf 86' lang='lat' dir='ltr'><strong>sunt</strong></span> <span class='ocrx_word' id='word_1_130' title='bbox 644 1919 871 1992; x_wconf 86' lang='lat' dir='ltr'><strong>partes,</strong></span> <span class='ocrx_word' id='word_1_131' title='bbox 918 1907 1223 1974; x_wconf 87' lang='lat' dir='ltr'><strong>articulata</strong></span> <span class='ocrx_word' id='word_1_132' title='bbox 1268 1917 1329 1972; x_wconf 90' lang='lat' dir='ltr'><strong>et</strong></span> <span class='ocrx_word' id='word_1_133' title='bbox 1374 1911 1635 1972; x_wconf 81' lang='lat' dir='ltr'><strong>confusa.</strong></span> <span class='ocrx_word' id='word_1_134' title='bbox 1725 1909 2032 1972; x_wconf 89' lang='lat' dir='ltr'><strong>articulata</strong></span> <span class='ocrx_word' id='word_1_135' title='bbox 2077 1917 2168 1972; x_wconf 86' lang='lat' dir='ltr'><strong>est</strong></span> <span class='ocrx_word' id='word_1_136' title='bbox 2211 1927 2362 1989; x_wconf 86' lang='lat' dir='ltr'><strong>quae</strong></span> <span class='ocrx_word' id='word_1_137' title='bbox 2403 1909 2581 1972; x_wconf 78' lang='lat' dir='ltr'><strong>scribi</strong></span> <span class='ocrx_word' id='word_1_138' title='bbox 2626 1915 2842 1988; x_wconf 83' lang='lat' dir='ltr'><strong>potest,</strong></span> <span class='ocrx_word' id='word_1_139' title='bbox 2871 1921 2920 1962; x_wconf 70' lang='grc' dir='ltr'><strong>ιο</strong></span> 
     </span>
     <span class='ocr_line' id='line_1_18' title="bbox 258 2009 2845 2096; baseline -0.001 -20"><span class='ocrx_word' id='word_1_140' title='bbox 258 2033 417 2096; x_wconf 87' lang='lat' dir='ltr'><strong>quae</strong></span> <span class='ocrx_word' id='word_1_141' title='bbox 456 2012 665 2076; x_wconf 86' lang='lat' dir='ltr'><strong>subest</strong></span> <span class='ocrx_word' id='word_1_142' title='bbox 707 2011 1003 2082; x_wconf 87' lang='lat' dir='ltr'><strong>articulis,</strong></span> <span class='ocrx_word' id='word_1_143' title='bbox 1048 2009 1111 2074; x_wconf 86' lang='lat' dir='ltr'><strong>id</strong></span> <span class='ocrx_word' id='word_1_144' title='bbox 1156 2019 1245 2072; x_wconf 89' lang='lat' dir='ltr'><strong>est</strong></span> <span class='ocrx_word' id='word_1_145' title='bbox 1286 2011 1483 2091; x_wconf 79' lang='lat' dir='ltr'><strong>digitis</strong></span> <span class='ocrx_word' id='word_1_146' title='bbox 1501 2059 1518 2083; x_wconf 93' lang='lat'><strong>,</strong></span> <span class='ocrx_word' id='word_1_147' title='bbox 1564 2013 1665 2094; x_wconf 87' lang='lat' dir='ltr'><strong>qui</strong></span> <span class='ocrx_word' id='word_1_148' title='bbox 1708 2011 2009 2082; x_wconf 88' lang='lat' dir='ltr'><strong>scribunt;</strong></span> <span class='ocrx_word' id='word_1_149' title='bbox 2054 2010 2149 2074; x_wconf 88' lang='lat' dir='ltr'><strong>vel</strong></span> <span class='ocrx_word' id='word_1_150' title='bbox 2189 2011 2350 2093; x_wconf 81' lang='lat' dir='ltr'><strong>quod</strong></span> <span class='ocrx_word' id='word_1_151' title='bbox 2396 2019 2586 2074; x_wconf 84' lang='lat' dir='ltr'><strong>artem</strong></span> <span class='ocrx_word' id='word_1_152' title='bbox 2629 2010 2845 2074; x_wconf 89' lang='lat' dir='ltr'><strong>habeat</strong></span> 
     </span>
     <span class='ocr_line' id='line_1_19' title="bbox 256 2113 2844 2196; baseline -0.001 -18"><span class='ocrx_word' id='word_1_153' title='bbox 256 2124 367 2178; x_wconf 87' lang='lat' dir='ltr'><strong>aut</strong></span> <span class='ocrx_word' id='word_1_154' title='bbox 430 2116 751 2196; x_wconf 85' lang='lat' dir='ltr'><strong>exprimat:</strong></span> <span class='ocrx_word' id='word_1_155' title='bbox 826 2113 1073 2176; x_wconf 78' lang='lat' dir='ltr'><strong>confusa</strong></span> <span class='ocrx_word' id='word_1_156' title='bbox 1138 2121 1229 2174; x_wconf 89' lang='lat' dir='ltr'><strong>est</strong></span> <span class='ocrx_word' id='word_1_157' title='bbox 1290 2131 1443 2193; x_wconf 86' lang='lat' dir='ltr'><strong>quae</strong></span> <span class='ocrx_word' id='word_1_158' title='bbox 1506 2113 1690 2176; x_wconf 84' lang='lat' dir='ltr'><strong>scribi</strong></span> <span class='ocrx_word' id='word_1_159' title='bbox 1744 2132 1866 2176; x_wconf 90' lang='lat' dir='ltr'><strong>non</strong></span> <span class='ocrx_word' id='word_1_160' title='bbox 1921 2120 2143 2194; x_wconf 89' lang='lat' dir='ltr'><strong>potest,</strong></span> <span class='ocrx_word' id='word_1_161' title='bbox 2200 2115 2390 2195; x_wconf 84' lang='lat' dir='ltr'><strong>qualis</strong></span> <span class='ocrx_word' id='word_1_162' title='bbox 2443 2121 2533 2176; x_wconf 85' lang='lat' dir='ltr'><strong>est</strong></span> <span class='ocrx_word' id='word_1_163' title='bbox 2587 2113 2844 2192; x_wconf 80' lang='lat' dir='ltr'><strong>mugitus</strong></span> 
     </span>
     <span class='ocr_line' id='line_1_20' title="bbox 254 2213 2840 2295; baseline -0.002 -15"><span class='ocrx_word' id='word_1_164' title='bbox 254 2218 445 2280; x_wconf 80' lang='lat' dir='ltr'><strong>boum</strong></span> <span class='ocrx_word' id='word_1_165' title='bbox 459 2267 475 2289; x_wconf 92' lang='lat'><em>‚</em></span> <span class='ocrx_word' id='word_1_166' title='bbox 530 2215 779 2280; x_wconf 87' lang='lat' dir='ltr'><strong>latratus</strong></span> <span class='ocrx_word' id='word_1_167' title='bbox 835 2231 1049 2276; x_wconf 88' lang='lat' dir='ltr'><strong>canum</strong></span> <span class='ocrx_word' id='word_1_168' title='bbox 1096 2222 1155 2276; x_wconf 88' lang='lat' dir='ltr'><strong>et</strong></span> <span class='ocrx_word' id='word_1_169' title='bbox 1198 2213 1355 2278; x_wconf 88' lang='lat' dir='ltr'><strong>talia.</strong></span> <span class='ocrx_word' id='word_1_170' title='bbox 1444 2231 1589 2295; x_wconf 80' lang='lat' dir='ltr'><strong>crgo</strong></span> <span class='ocrx_word' id='word_1_171' title='bbox 1643 2217 1694 2276; x_wconf 90' lang='lat' dir='ltr'><strong>si</strong></span> <span class='ocrx_word' id='word_1_172' title='bbox 1747 2215 1911 2278; x_wconf 88' lang='lat' dir='ltr'><strong>dicas</strong></span> <span class='ocrx_word' id='word_1_173' title='bbox 1953 2223 2184 2285; x_wconf 87' lang='lat' dir='ltr'><strong>orator,</strong></span> <span class='ocrx_word' id='word_1_174' title='bbox 2229 2214 2536 2280; x_wconf 87' lang='lat' dir='ltr'><strong>articulata</strong></span> <span class='ocrx_word' id='word_1_175' title='bbox 2578 2234 2689 2277; x_wconf 82' lang='lat' dir='ltr'><strong>vox</strong></span> <span class='ocrx_word' id='word_1_176' title='bbox 2733 2223 2840 2276; x_wconf 89' lang='lat' dir='ltr'><strong>est.</strong></span> 
     </span>
     <span class='ocr_line' id='line_1_21' title="bbox 258 2314 2840 2402; baseline -0.002 -20"><span class='ocrx_word' id='word_1_177' title='bbox 258 2327 574 2402; x_wconf 86' lang='lat' dir='ltr'><strong>praeterea</strong></span> <span class='ocrx_word' id='word_1_178' title='bbox 628 2316 913 2398; x_wconf 83' lang='lat' dir='ltr'><strong>quidquid</strong></span> <span class='ocrx_word' id='word_1_179' title='bbox 970 2314 1187 2396; x_wconf 78' lang='lat' dir='ltr'><strong>legitur</strong></span> <span class='ocrx_word' id='word_1_180' title='bbox 1243 2315 1587 2380; x_wconf 84' lang='lat' dir='ltr'><strong>articulatae</strong></span> <span class='ocrx_word' id='word_1_181' title='bbox 1642 2319 1802 2380; x_wconf 89' lang='lat' dir='ltr'><strong>vocis</strong></span> <span class='ocrx_word' id='word_1_182' title='bbox 1855 2326 1964 2380; x_wconf 89' lang='lat' dir='ltr'><strong>est.</strong></span> <span class='ocrx_word' id='word_1_183' title='bbox 2050 2318 2168 2380; x_wconf 88' lang='lat' dir='ltr'><strong>hoc</strong></span> <span class='ocrx_word' id='word_1_184' title='bbox 2235 2319 2288 2380; x_wconf 89' lang='lat' dir='ltr'><strong>si</strong></span> <span class='ocrx_word' id='word_1_185' title='bbox 2343 2314 2630 2388; x_wconf 81' lang='lat' dir='ltr'><strong>resolvas,</strong></span> <span class='ocrx_word' id='word_1_186' title='bbox 2687 2316 2840 2398; x_wconf 84' lang='lat' dir='ltr'><strong>quod</strong></span> 
     </span>
     <span class='ocr_line' id='line_1_22' title="bbox 256 2417 2917 2497; baseline -0.002 -13"><span class='ocrx_word' id='word_1_187' title='bbox 256 2425 323 2484; x_wconf 88' lang='lat' dir='ltr'><strong>in</strong></span> <span class='ocrx_word' id='word_1_188' title='bbox 380 2421 634 2484; x_wconf 87' lang='lat' dir='ltr'><strong>lectione</strong></span> <span class='ocrx_word' id='word_1_189' title='bbox 690 2417 1049 2497; x_wconf 79' lang='lat' dir='ltr'><strong>conligatum</strong></span> <span class='ocrx_word' id='word_1_190' title='bbox 1103 2425 1219 2491; x_wconf 85' lang='lat' dir='ltr'><strong>cst,</strong></span> <span class='ocrx_word' id='word_1_191' title='bbox 1282 2436 1620 2482; x_wconf 88' lang='lat' dir='ltr'><strong>sermonem</strong></span> <span class='ocrx_word' id='word_1_192' title='bbox 1664 2420 1838 2483; x_wconf 80' lang='lat' dir='ltr'><strong>facis:</strong></span> <span class='ocrx_word' id='word_1_193' title='bbox 1893 2437 2134 2484; x_wconf 86' lang='lat' dir='ltr'><strong>rursum</strong></span> <span class='ocrx_word' id='word_1_194' title='bbox 2177 2422 2229 2481; x_wconf 92' lang='lat' dir='ltr'><strong>si</strong></span> <span class='ocrx_word' id='word_1_195' title='bbox 2271 2437 2610 2482; x_wconf 85' lang='lat' dir='ltr'><strong>sermonem</strong></span> <span class='ocrx_word' id='word_1_196' title='bbox 2655 2417 2841 2480; x_wconf 87' lang='lat' dir='ltr'><strong>resol·</strong></span> <span class='ocrx_word' id='word_1_197' title='bbox 2867 2429 2917 2470; x_wconf 77' lang='lat'><strong>²⁰</strong></span> 
     </span>
     <span class='ocr_line' id='line_1_23' title="bbox 256 2519 2838 2602; baseline -0.002 -16"><span class='ocrx_word' id='word_1_198' title='bbox 256 2541 392 2594; x_wconf 87' lang='lat' dir='ltr'><strong>vas,</strong></span> <span class='ocrx_word' id='word_1_199' title='bbox 447 2519 733 2602; x_wconf 76' lang='lat' dir='ltr'><strong>syllabam</strong></span> <span class='ocrx_word' id='word_1_200' title='bbox 788 2519 962 2584; x_wconf 81' lang='lat' dir='ltr'><strong>sacis:</strong></span> <span class='ocrx_word' id='word_1_201' title='bbox 1030 2521 1081 2581; x_wconf 89' lang='lat' dir='ltr'><strong>si</strong></span> <span class='ocrx_word' id='word_1_202' title='bbox 1124 2519 1405 2600; x_wconf 75' lang='lat' dir='ltr'><strong>syllabam</strong></span> <span class='ocrx_word' id='word_1_203' title='bbox 1450 2522 1667 2594; x_wconf 76' lang='lat' dir='ltr'><strong>solvaS,</strong></span> <span class='ocrx_word' id='word_1_204' title='bbox 1737 2529 2008 2586; x_wconf 87' lang='lat' dir='ltr'><strong>remanet</strong></span> <span class='ocrx_word' id='word_1_205' title='bbox 2048 2521 2276 2594; x_wconf 86' lang='lat' dir='ltr'><strong>littera;</strong></span> <span class='ocrx_word' id='word_1_206' title='bbox 2340 2520 2496 2585; x_wconf 88' lang='lat' dir='ltr'><strong>ultra</strong></span> <span class='ocrx_word' id='word_1_207' title='bbox 2547 2522 2662 2584; x_wconf 92' lang='lat' dir='ltr'><strong>iam</strong></span> <span class='ocrx_word' id='word_1_208' title='bbox 2721 2537 2838 2582; x_wconf 87' lang='lat' dir='ltr'><strong>non</strong></span> 
     </span>
     <span class='ocr_line' id='line_1_24' title="bbox 256 2620 2839 2706; baseline -0.001 -20"><span class='ocrx_word' id='word_1_209' title='bbox 256 2622 551 2706; x_wconf 88' lang='lat' dir='ltr'><strong>procedet</strong></span> <span class='ocrx_word' id='word_1_210' title='bbox 590 2620 893 2683; x_wconf 87' lang='lat' dir='ltr'><strong>resolutio.</strong></span> <span class='ocrx_word' id='word_1_211' title='bbox 984 2639 1129 2700; x_wconf 88' lang='lat' dir='ltr'><strong>ergo</strong></span> <span class='ocrx_word' id='word_1_212' title='bbox 1172 2622 1325 2686; x_wconf 84' lang='lat' dir='ltr'><strong>bene</strong></span> <span class='ocrx_word' id='word_1_213' title='bbox 1370 2624 1675 2688; x_wconf 87' lang='lat' dir='ltr'><strong>delinitum</strong></span> <span class='ocrx_word' id='word_1_214' title='bbox 1696 2621 1828 2706; x_wconf 66' lang='lat' dir='ltr'><strong>[est.</strong></span> <span class='ocrx_word' id='word_1_215' title='bbox 1877 2623 2102 2688; x_wconf 82' lang='lat' dir='ltr'><strong>‘littera</strong></span> <span class='ocrx_word' id='word_1_216' title='bbox 2146 2643 2285 2706; x_wconf 88' lang='lat' dir='ltr'><strong>pars</strong></span> <span class='ocrx_word' id='word_1_217' title='bbox 2327 2625 2568 2686; x_wconf 88' lang='lat' dir='ltr'><strong>minima</strong></span> <span class='ocrx_word' id='word_1_218' title='bbox 2613 2624 2800 2686; x_wconf 82' lang='lat' dir='ltr'><strong>vocis:</strong></span> <span class='ocrx_word' id='word_1_219' title='bbox 2822 2627 2839 2654; x_wconf 90' lang='lat'>’</span> 
     </span>
     <span class='ocr_line' id='line_1_25' title="bbox 260 2723 2842 2795; baseline -0.002 -5"><span class='ocrx_word' id='word_1_220' title='bbox 260 2727 455 2790; x_wconf 87' lang='lat' dir='ltr'><strong>omnis</strong></span> <span class='ocrx_word' id='word_1_221' title='bbox 510 2725 669 2786; x_wconf 87' lang='lat' dir='ltr'><strong>enim</strong></span> <span class='ocrx_word' id='word_1_222' title='bbox 722 2741 862 2794; x_wconf 88' lang='lat' dir='ltr'><strong>vox,</strong></span> <span class='ocrx_word' id='word_1_223' title='bbox 922 2741 1059 2786; x_wconf 88' lang='lat' dir='ltr'><strong>eum</strong></span> <span class='ocrx_word' id='word_1_224' title='bbox 1116 2724 1189 2785; x_wconf 89' lang='lat' dir='ltr'><strong>ad</strong></span> <span class='ocrx_word' id='word_1_225' title='bbox 1234 2743 1443 2788; x_wconf 87' lang='lat' dir='ltr'><strong>omnes</strong></span> <span class='ocrx_word' id='word_1_226' title='bbox 1486 2727 1762 2788; x_wconf 88' lang='lat' dir='ltr'><strong>minutias</strong></span> <span class='ocrx_word' id='word_1_227' title='bbox 1805 2727 1984 2789; x_wconf 81' lang='lat' dir='ltr'><strong>suerit</strong></span> <span class='ocrx_word' id='word_1_228' title='bbox 2023 2725 2310 2795; x_wconf 85' lang='lat' dir='ltr'><strong>resoluta,</strong></span> <span class='ocrx_word' id='word_1_229' title='bbox 2355 2727 2418 2786; x_wconf 91' lang='lat' dir='ltr'><strong>in</strong></span> <span class='ocrx_word' id='word_1_230' title='bbox 2459 2723 2654 2788; x_wconf 86' lang='lat' dir='ltr'><strong>littera</strong></span> <span class='ocrx_word' id='word_1_231' title='bbox 2701 2742 2842 2786; x_wconf 89' lang='lat' dir='ltr'><strong>con·</strong></span> 
     </span>
     <span class='ocr_line' id='line_1_26' title="bbox 256 2823 2842 2899; baseline -0 -10"><span class='ocrx_word' id='word_1_232' title='bbox 256 2828 432 2890; x_wconf 84' lang='lat' dir='ltr'><strong>sistit.</strong></span> <span class='ocrx_word' id='word_1_233' title='bbox 522 2823 737 2888; x_wconf 90' lang='lat' dir='ltr'><strong>deinde</strong></span> <span class='ocrx_word' id='word_1_234' title='bbox 790 2823 955 2886; x_wconf 87' lang='lat' dir='ltr'><strong>addit</strong></span> <span class='ocrx_word' id='word_1_235' title='bbox 1009 2827 1073 2886; x_wconf 92' lang='lat' dir='ltr'><strong>in</strong></span> <span class='ocrx_word' id='word_1_236' title='bbox 1126 2825 1469 2890; x_wconf 86' lang='lat' dir='ltr'><strong>definitione</strong></span> <span class='ocrx_word' id='word_1_237' title='bbox 1514 2834 1533 2861; x_wconf 79' lang='lat'><em>‘</em></span> <span class='ocrx_word' id='word_1_238' title='bbox 1554 2826 1895 2891; x_wconf 81' lang='lat' dir='ltr'><strong>articulatae</strong></span> <span class='ocrx_word' id='word_1_239' title='bbox 1907 2833 1948 2899; x_wconf 88' lang='lat'><strong>’,</strong></span> <span class='ocrx_word' id='word_1_240' title='bbox 2009 2836 2072 2892; x_wconf 94' lang='lat' dir='ltr'><strong>ut</strong></span> <span class='ocrx_word' id='word_1_241' title='bbox 2113 2827 2456 2892; x_wconf 84' lang='lat' dir='ltr'><strong>ostenderet</strong></span> <span class='ocrx_word' id='word_1_242' title='bbox 2497 2845 2704 2890; x_wconf 84' lang='lat' dir='ltr'><strong>omnes</strong></span> <span class='ocrx_word' id='word_1_243' title='bbox 2746 2825 2842 2888; x_wconf 88' lang='lat' dir='ltr'><strong>lit-</strong></span> 
     </span>
     <span class='ocr_line' id='line_1_27' title="bbox 260 2924 2917 3009; baseline -0.001 -17"><span class='ocrx_word' id='word_1_244' title='bbox 260 2939 425 2992; x_wconf 88' lang='lat' dir='ltr'><strong>teras</strong></span> <span class='ocrx_word' id='word_1_245' title='bbox 466 2928 541 2991; x_wconf 86' lang='lat' dir='ltr'><strong>ad</strong></span> <span class='ocrx_word' id='word_1_246' title='bbox 586 2924 929 2990; x_wconf 86' lang='lat' dir='ltr'><strong>articulatae</strong></span> <span class='ocrx_word' id='word_1_247' title='bbox 970 2929 1131 2989; x_wconf 87' lang='lat' dir='ltr'><strong>vocis</strong></span> <span class='ocrx_word' id='word_1_248' title='bbox 1172 2928 1555 2992; x_wconf 86' lang='lat' dir='ltr'><strong>substantiam</strong></span> <span class='ocrx_word' id='word_1_249' title='bbox 1598 2931 1920 3009; x_wconf 88' lang='lat' dir='ltr'><strong>pertinere.</strong></span> <span class='ocrx_word' id='word_1_250' title='bbox 2865 2940 2917 2982; x_wconf 59' lang='grc' dir='ltr'>π</span> 
     </span>
     <span class='ocr_line' id='line_1_28' title="bbox 429 3029 2842 3112; baseline 0 -20"><span class='ocrx_word' id='word_1_251' title='bbox 429 3031 787 3092; x_wconf 84' lang='lat' dir='ltr'><strong>Litterarum</strong></span> <span class='ocrx_word' id='word_1_252' title='bbox 841 3030 1035 3110; x_wconf 90' lang='lat' dir='ltr'><strong>prima</strong></span> <span class='ocrx_word' id='word_1_253' title='bbox 1090 3029 1295 3092; x_wconf 82' lang='lat' dir='ltr'><strong>divisio</strong></span> <span class='ocrx_word' id='word_1_254' title='bbox 1352 3029 1499 3093; x_wconf 83' lang='lat' dir='ltr'><strong>duas</strong></span> <span class='ocrx_word' id='word_1_255' title='bbox 1552 3030 1733 3092; x_wconf 85' lang='lat' dir='ltr'><strong>habet</strong></span> <span class='ocrx_word' id='word_1_256' title='bbox 1784 3039 2014 3112; x_wconf 86' lang='lat' dir='ltr'><strong>partes:</strong></span> <span class='ocrx_word' id='word_1_257' title='bbox 2082 3049 2220 3094; x_wconf 90' lang='lat' dir='ltr'><strong>nam</strong></span> <span class='ocrx_word' id='word_1_258' title='bbox 2277 3038 2378 3093; x_wconf 85' lang='lat' dir='ltr'><strong>aut</strong></span> <span class='ocrx_word' id='word_1_259' title='bbox 2432 3030 2662 3094; x_wconf 83' lang='lat' dir='ltr'><strong>vocales</strong></span> <span class='ocrx_word' id='word_1_260' title='bbox 2703 3037 2842 3093; x_wconf 89' lang='lat' dir='ltr'><strong>sunt</strong></span> 
     </span>
     <span class='ocr_line' id='line_1_29' title="bbox 256 3131 2840 3196; baseline -0 -1"><span class='ocrx_word' id='word_1_261' title='bbox 256 3142 363 3196; x_wconf 88' lang='lat' dir='ltr'><strong>aut</strong></span> <span class='ocrx_word' id='word_1_262' title='bbox 398 3138 812 3196; x_wconf 87' lang='lat' dir='ltr'><strong>consonantes.</strong></span> <span class='ocrx_word' id='word_1_263' title='bbox 873 3131 1017 3192; x_wconf 86' lang='lat' dir='ltr'><strong>item</strong></span> <span class='ocrx_word' id='word_1_264' title='bbox 1062 3134 1514 3194; x_wconf 86' lang='lat' dir='ltr'><strong>consonantium</strong></span> <span class='ocrx_word' id='word_1_265' title='bbox 1557 3143 1647 3196; x_wconf 87' lang='lat' dir='ltr'><strong>est</strong></span> <span class='ocrx_word' id='word_1_266' title='bbox 1690 3133 1800 3196; x_wconf 92' lang='lat' dir='ltr'><strong>alia</strong></span> <span class='ocrx_word' id='word_1_267' title='bbox 1847 3131 2078 3194; x_wconf 86' lang='lat' dir='ltr'><strong>divisio:</strong></span> <span class='ocrx_word' id='word_1_268' title='bbox 2137 3150 2274 3195; x_wconf 90' lang='lat' dir='ltr'><strong>nam</strong></span> <span class='ocrx_word' id='word_1_269' title='bbox 2319 3139 2420 3196; x_wconf 89' lang='lat' dir='ltr'><strong>aut</strong></span> <span class='ocrx_word' id='word_1_270' title='bbox 2460 3131 2840 3196; x_wconf 85' lang='lat' dir='ltr'><strong>semivocales</strong></span> 
     </span>
     <span class='ocr_line' id='line_1_30' title="bbox 253 3233 2840 3316; baseline -0 -19"><span class='ocrx_word' id='word_1_271' title='bbox 253 3243 401 3300; x_wconf 88' lang='lat' dir='ltr'><strong>sunt</strong></span> <span class='ocrx_word' id='word_1_272' title='bbox 444 3243 547 3296; x_wconf 89' lang='lat' dir='ltr'><strong>aut</strong></span> <span class='ocrx_word' id='word_1_273' title='bbox 586 3239 804 3296; x_wconf 79' lang='lat' dir='ltr'><strong>mutae.</strong></span> <span class='ocrx_word' id='word_1_274' title='bbox 893 3233 1007 3294; x_wconf 90' lang='lat' dir='ltr'><strong>hae</strong></span> <span class='ocrx_word' id='word_1_275' title='bbox 1049 3252 1169 3296; x_wconf 90' lang='lat' dir='ltr'><strong>uno</strong></span> <span class='ocrx_word' id='word_1_276' title='bbox 1211 3235 1455 3296; x_wconf 87' lang='lat' dir='ltr'><strong>nomine</strong></span> <span class='ocrx_word' id='word_1_277' title='bbox 1496 3236 1722 3315; x_wconf 88' lang='lat' dir='ltr'><strong>pariter</strong></span> <span class='ocrx_word' id='word_1_278' title='bbox 1767 3241 2158 3298; x_wconf 85' lang='lat' dir='ltr'><strong>consonantes</strong></span> <span class='ocrx_word' id='word_1_279' title='bbox 2203 3244 2516 3306; x_wconf 87' lang='lat' dir='ltr'><strong>vocantur,</strong></span> <span class='ocrx_word' id='word_1_280' title='bbox 2561 3236 2728 3316; x_wconf 89' lang='lat' dir='ltr'><strong>quia,</strong></span> <span class='ocrx_word' id='word_1_281' title='bbox 2775 3241 2840 3296; x_wconf 89' lang='lat' dir='ltr'><strong>ut</strong></span> 
     </span>
     <span class='ocr_line' id='line_1_31' title="bbox 256 3333 2836 3415; baseline -0.001 -15"><span class='ocrx_word' id='word_1_282' title='bbox 256 3355 475 3400; x_wconf 87' lang='lat' dir='ltr'><strong>sonare</strong></span> <span class='ocrx_word' id='word_1_283' title='bbox 538 3335 797 3415; x_wconf 86' lang='lat' dir='ltr'><strong>possint,</strong></span> <span class='ocrx_word' id='word_1_284' title='bbox 862 3333 1133 3412; x_wconf 85' lang='lat' dir='ltr'><strong>indigent</strong></span> <span class='ocrx_word' id='word_1_285' title='bbox 1196 3336 1409 3398; x_wconf 83' lang='lat' dir='ltr'><strong>auxilio</strong></span> <span class='ocrx_word' id='word_1_286' title='bbox 1474 3333 1781 3398; x_wconf 83' lang='lat' dir='ltr'><strong>vocalium.</strong></span> <span class='ocrx_word' id='word_1_287' title='bbox 1872 3335 2104 3400; x_wconf 87' lang='lat' dir='ltr'><strong>vocales</strong></span> <span class='ocrx_word' id='word_1_288' title='bbox 2167 3343 2365 3400; x_wconf 88' lang='lat' dir='ltr'><strong>autem</strong></span> <span class='ocrx_word' id='word_1_289' title='bbox 2431 3335 2622 3399; x_wconf 81' lang='lat' dir='ltr'><strong>dictae</strong></span> <span class='ocrx_word' id='word_1_290' title='bbox 2681 3344 2836 3408; x_wconf 84' lang='lat' dir='ltr'><strong>sunt,</strong></span> 
     </span>
     <span class='ocr_line' id='line_1_32' title="bbox 256 3435 2914 3522; baseline 0 -20"><span class='ocrx_word' id='word_1_291' title='bbox 256 3440 419 3522; x_wconf 87' lang='lat' dir='ltr'><strong>quod</strong></span> <span class='ocrx_word' id='word_1_292' title='bbox 473 3455 583 3518; x_wconf 88' lang='lat' dir='ltr'><strong>per</strong></span> <span class='ocrx_word' id='word_1_293' title='bbox 636 3455 701 3498; x_wconf 89' lang='lat' dir='ltr'><strong>se</strong></span> <span class='ocrx_word' id='word_1_294' title='bbox 756 3453 959 3498; x_wconf 85' lang='lat' dir='ltr'><strong>vocem</strong></span> <span class='ocrx_word' id='word_1_295' title='bbox 1016 3435 1281 3517; x_wconf 89' lang='lat' dir='ltr'><strong>inpleant</strong></span> <span class='ocrx_word' id='word_1_296' title='bbox 1335 3447 1395 3500; x_wconf 90' lang='lat' dir='ltr'><strong>et</strong></span> <span class='ocrx_word' id='word_1_297' title='bbox 1446 3457 1553 3502; x_wconf 90' lang='lat' dir='ltr'><strong>sua</strong></span> <span class='ocrx_word' id='word_1_298' title='bbox 1606 3440 1663 3498; x_wconf 88' lang='lat' dir='ltr'><strong>vi</strong></span> <span class='ocrx_word' id='word_1_299' title='bbox 1717 3439 2052 3519; x_wconf 82' lang='lat' dir='ltr'><strong>exprimant</strong></span> <span class='ocrx_word' id='word_1_300' title='bbox 2100 3455 2280 3500; x_wconf 89' lang='lat' dir='ltr'><strong>sonos</strong></span> <span class='ocrx_word' id='word_1_301' title='bbox 2322 3455 2460 3501; x_wconf 87' lang='lat' dir='ltr'><strong>suos</strong></span> <span class='ocrx_word' id='word_1_302' title='bbox 2505 3457 2626 3500; x_wconf 89' lang='lat' dir='ltr'><strong>non</strong></span> <span class='ocrx_word' id='word_1_303' title='bbox 2669 3457 2836 3502; x_wconf 87' lang='lat' dir='ltr'><strong>acce-</strong></span> <span class='ocrx_word' id='word_1_304' title='bbox 2863 3450 2914 3494; x_wconf 79' lang='lat'><strong>³⁰</strong></span> 
     </span>
     <span class='ocr_line' id='line_1_33' title="bbox 258 3536 2836 3620; baseline 0 -16"><span class='ocrx_word' id='word_1_305' title='bbox 258 3541 439 3604; x_wconf 88' lang='lat' dir='ltr'><strong>dente</strong></span> <span class='ocrx_word' id='word_1_306' title='bbox 492 3537 711 3602; x_wconf 81' lang='lat' dir='ltr'><strong>auxilio</strong></span> <span class='ocrx_word' id='word_1_307' title='bbox 768 3537 1011 3600; x_wconf 85' lang='lat' dir='ltr'><strong>alterius</strong></span> <span class='ocrx_word' id='word_1_308' title='bbox 1064 3536 1317 3602; x_wconf 88' lang='lat' dir='ltr'><strong>litterae.</strong></span> <span class='ocrx_word' id='word_1_309' title='bbox 1406 3558 1439 3600; x_wconf 90' lang='lat' dir='ltr'><strong>a</strong></span> <span class='ocrx_word' id='word_1_310' title='bbox 1492 3539 1730 3620; x_wconf 88' lang='lat' dir='ltr'><strong>quando</strong></span> <span class='ocrx_word' id='word_1_311' title='bbox 1783 3541 1943 3612; x_wconf 89' lang='lat' dir='ltr'><strong>dico,</strong></span> <span class='ocrx_word' id='word_1_312' title='bbox 2009 3559 2044 3604; x_wconf 90' lang='lat' dir='ltr'><strong>a</strong></span> <span class='ocrx_word' id='word_1_313' title='bbox 2099 3538 2224 3604; x_wconf 89' lang='lat' dir='ltr'><strong>sola</strong></span> <span class='ocrx_word' id='word_1_314' title='bbox 2277 3550 2448 3603; x_wconf 85' lang='lat' dir='ltr'><strong>sonat</strong></span> <span class='ocrx_word' id='word_1_315' title='bbox 2505 3551 2568 3604; x_wconf 89' lang='lat' dir='ltr'><strong>et</strong></span> <span class='ocrx_word' id='word_1_316' title='bbox 2624 3560 2836 3604; x_wconf 87' lang='lat' dir='ltr'><strong>sonum</strong></span> 
     </span>
     <span class='ocr_line' id='line_1_34' title="bbox 256 3638 2836 3724; baseline 0 -19"><span class='ocrx_word' id='word_1_317' title='bbox 256 3661 432 3706; x_wconf 89' lang='lat' dir='ltr'><strong>suum</strong></span> <span class='ocrx_word' id='word_1_318' title='bbox 488 3639 613 3704; x_wconf 87' lang='lat' dir='ltr'><strong>sola</strong></span> <span class='ocrx_word' id='word_1_319' title='bbox 668 3638 936 3721; x_wconf 85' lang='lat' dir='ltr'><strong>conplet:</strong></span> <span class='ocrx_word' id='word_1_320' title='bbox 1008 3641 1095 3701; x_wconf 88' lang='lat' dir='ltr'><strong>sic</strong></span> <span class='ocrx_word' id='word_1_321' title='bbox 1152 3649 1213 3703; x_wconf 84' lang='lat' dir='ltr'><strong>et</strong></span> <span class='ocrx_word' id='word_1_322' title='bbox 1262 3642 1498 3724; x_wconf 88' lang='lat' dir='ltr'><strong>quando</strong></span> <span class='ocrx_word' id='word_1_323' title='bbox 1556 3643 1689 3704; x_wconf 90' lang='lat' dir='ltr'><strong>dico</strong></span> <span class='ocrx_word' id='word_1_324' title='bbox 1746 3661 1780 3703; x_wconf 92' lang='lat' dir='ltr'><strong>a</strong></span> <span class='ocrx_word' id='word_1_325' title='bbox 1825 3661 1858 3704; x_wconf 92' lang='lat' dir='ltr'><strong>e</strong></span> <span class='ocrx_word' id='word_1_326' title='bbox 1899 3644 1922 3704; x_wconf 88' lang='lat' dir='ltr'><strong>i</strong></span> <span class='ocrx_word' id='word_1_327' title='bbox 1964 3662 2000 3705; x_wconf 94' lang='lat' dir='ltr'><strong>o</strong></span> <span class='ocrx_word' id='word_1_328' title='bbox 2043 3661 2102 3706; x_wconf 91' lang='lat' dir='ltr'><strong>u.</strong></span> <span class='ocrx_word' id='word_1_329' title='bbox 2179 3643 2416 3724; x_wconf 88' lang='lat' dir='ltr'><strong>quando</strong></span> <span class='ocrx_word' id='word_1_330' title='bbox 2459 3651 2655 3706; x_wconf 89' lang='lat' dir='ltr'><strong>autem</strong></span> <span class='ocrx_word' id='word_1_331' title='bbox 2702 3644 2836 3706; x_wconf 87' lang='lat' dir='ltr'><strong>dico</strong></span> 
     </span>
     <span class='ocr_line' id='line_1_35' title="bbox 258 3744 2836 3827; baseline 0 -19"><span class='ocrx_word' id='word_1_332' title='bbox 258 3750 680 3814; x_wconf 85' lang='lat' dir='ltr'><strong>consonantes,</strong></span> <span class='ocrx_word' id='word_1_333' title='bbox 728 3759 971 3806; x_wconf 87' lang='lat' dir='ltr'><strong>necesse</strong></span> <span class='ocrx_word' id='word_1_334' title='bbox 1016 3751 1107 3804; x_wconf 89' lang='lat' dir='ltr'><strong>est</strong></span> <span class='ocrx_word' id='word_1_335' title='bbox 1149 3750 1214 3805; x_wconf 92' lang='lat' dir='ltr'><strong>ut</strong></span> <span class='ocrx_word' id='word_1_336' title='bbox 1254 3746 1495 3824; x_wconf 78' lang='lat' dir='ltr'><strong>iungam</strong></span> <span class='ocrx_word' id='word_1_337' title='bbox 1538 3744 1830 3816; x_wconf 87' lang='lat' dir='ltr'><strong>vocalem,</strong></span> <span class='ocrx_word' id='word_1_338' title='bbox 1861 3752 1928 3806; x_wconf 85' lang='lat' dir='ltr'><strong>ut</strong></span> <span class='ocrx_word' id='word_1_339' title='bbox 1969 3762 2150 3808; x_wconf 87' lang='lat' dir='ltr'><strong>sonus</strong></span> <span class='ocrx_word' id='word_1_340' title='bbox 2179 3748 2558 3808; x_wconf 88' lang='lat' dir='ltr'><strong>consonantis</strong></span> <span class='ocrx_word' id='word_1_341' title='bbox 2601 3744 2836 3827; x_wconf 81' lang='lat' dir='ltr'><strong>explea-</strong></span> 
     </span>
     <span class='ocr_line' id='line_1_36' title="bbox 258 3844 2833 3928; baseline -0 -18"><span class='ocrx_word' id='word_1_342' title='bbox 258 3855 377 3910; x_wconf 90' lang='lat' dir='ltr'><strong>tur.</strong></span> <span class='ocrx_word' id='word_1_343' title='bbox 464 3861 609 3925; x_wconf 77' lang='lat' dir='ltr'><strong>ergo</strong></span> <span class='ocrx_word' id='word_1_344' title='bbox 652 3845 791 3924; x_wconf 82' lang='lat' dir='ltr'><strong>quia</strong></span> <span class='ocrx_word' id='word_1_345' title='bbox 832 3861 1011 3906; x_wconf 89' lang='lat' dir='ltr'><strong>sonos</strong></span> <span class='ocrx_word' id='word_1_346' title='bbox 1054 3844 1351 3908; x_wconf 85' lang='lat' dir='ltr'><strong>naturales</strong></span> <span class='ocrx_word' id='word_1_347' title='bbox 1394 3845 1589 3908; x_wconf 86' lang='lat' dir='ltr'><strong>addita</strong></span> <span class='ocrx_word' id='word_1_348' title='bbox 1631 3845 1820 3908; x_wconf 86' lang='lat' dir='ltr'><strong>vocali</strong></span> <span class='ocrx_word' id='word_1_349' title='bbox 1863 3849 2228 3928; x_wconf 81' lang='lat' dir='ltr'><strong>exprimunt,</strong></span> <span class='ocrx_word' id='word_1_350' title='bbox 2275 3847 2466 3912; x_wconf 88' lang='lat' dir='ltr'><strong>dictae</strong></span> <span class='ocrx_word' id='word_1_351' title='bbox 2510 3856 2648 3912; x_wconf 90' lang='lat' dir='ltr'><strong>sunt</strong></span> <span class='ocrx_word' id='word_1_352' title='bbox 2689 3865 2833 3910; x_wconf 89' lang='lat' dir='ltr'><strong>con-</strong></span> 
     </span>
     <span class='ocr_line' id='line_1_37' title="bbox 254 3944 2909 4031; baseline 0 -19"><span class='ocrx_word' id='word_1_353' title='bbox 254 3954 556 4012; x_wconf 86' lang='lat' dir='ltr'><strong>sonantes.</strong></span> <span class='ocrx_word' id='word_1_354' title='bbox 644 3945 857 4009; x_wconf 89' lang='lat' dir='ltr'><strong>deinde</strong></span> <span class='ocrx_word' id='word_1_355' title='bbox 929 3956 988 4009; x_wconf 85' lang='lat' dir='ltr'><strong>et</strong></span> <span class='ocrx_word' id='word_1_356' title='bbox 1052 3944 1279 4008; x_wconf 88' lang='lat' dir='ltr'><strong>vocales</strong></span> <span class='ocrx_word' id='word_1_357' title='bbox 1343 3948 1533 4010; x_wconf 88' lang='lat' dir='ltr'><strong>dictae</strong></span> <span class='ocrx_word' id='word_1_358' title='bbox 1596 3955 1762 4020; x_wconf 88' lang='lat' dir='ltr'><strong>sunt,</strong></span> <span class='ocrx_word' id='word_1_359' title='bbox 1828 3948 1986 4030; x_wconf 91' lang='lat' dir='ltr'><strong>quod</strong></span> <span class='ocrx_word' id='word_1_360' title='bbox 2049 3948 2208 4012; x_wconf 89' lang='lat' dir='ltr'><strong>solae</strong></span> <span class='ocrx_word' id='word_1_361' title='bbox 2264 3949 2549 4031; x_wconf 78' lang='lat' dir='ltr'><strong>syllabam</strong></span> <span class='ocrx_word' id='word_1_362' title='bbox 2594 3951 2830 4022; x_wconf 78' lang='lat' dir='ltr'><strong>faciunt,</strong></span> <span class='ocrx_word' id='word_1_363' title='bbox 2857 3961 2909 4005; x_wconf 74' lang='lat'><strong>³⁵</strong></span> 
     </span>
     <span class='ocr_line' id='line_1_38' title="bbox 258 4046 2831 4134; baseline 0 -22"><span class='ocrx_word' id='word_1_364' title='bbox 258 4049 418 4134; x_wconf 88' lang='lat' dir='ltr'><strong>quod</strong></span> <span class='ocrx_word' id='word_1_365' title='bbox 464 4048 575 4110; x_wconf 88' lang='lat' dir='ltr'><strong>alia</strong></span> <span class='ocrx_word' id='word_1_366' title='bbox 620 4046 817 4110; x_wconf 89' lang='lat' dir='ltr'><strong>littera</strong></span> <span class='ocrx_word' id='word_1_367' title='bbox 857 4054 1097 4128; x_wconf 88' lang='lat' dir='ltr'><strong>praeter</strong></span> <span class='ocrx_word' id='word_1_368' title='bbox 1141 4047 1368 4111; x_wconf 87' lang='lat' dir='ltr'><strong>vocales</strong></span> <span class='ocrx_word' id='word_1_369' title='bbox 1412 4067 1531 4111; x_wconf 89' lang='lat' dir='ltr'><strong>non</strong></span> <span class='ocrx_word' id='word_1_370' title='bbox 1572 4057 1787 4132; x_wconf 88' lang='lat' dir='ltr'><strong>potest.</strong></span> <span class='ocrx_word' id='word_1_371' title='bbox 1873 4049 2226 4134; x_wconf 88' lang='lat' dir='ltr'><strong>plerumque</strong></span> <span class='ocrx_word' id='word_1_372' title='bbox 2271 4059 2330 4114; x_wconf 88' lang='lat' dir='ltr'><strong>et</strong></span> <span class='ocrx_word' id='word_1_373' title='bbox 2371 4059 2572 4132; x_wconf 84' lang='lat' dir='ltr'><strong>partes</strong></span> <span class='ocrx_word' id='word_1_374' title='bbox 2613 4053 2831 4115; x_wconf 86' lang='lat' dir='ltr'><strong>oratio·</strong></span> 
     </span>
     <span class='ocr_line' id='line_1_39' title="bbox 256 4149 1452 4230; baseline -0.003 -15"><span class='ocrx_word' id='word_1_375' title='bbox 256 4155 349 4215; x_wconf 89' lang='lat' dir='ltr'><strong>nis</strong></span> <span class='ocrx_word' id='word_1_376' title='bbox 392 4152 615 4214; x_wconf 80' lang='lat' dir='ltr'><strong>faciunt</strong></span> <span class='ocrx_word' id='word_1_377' title='bbox 656 4149 916 4214; x_wconf 85' lang='lat' dir='ltr'><strong>vocales:</strong></span> <span class='ocrx_word' id='word_1_378' title='bbox 962 4168 995 4211; x_wconf 92' lang='lat' dir='ltr'><strong>a</strong></span> <span class='ocrx_word' id='word_1_379' title='bbox 1009 4199 1025 4222; x_wconf 96' lang='lat'><strong>,</strong></span> <span class='ocrx_word' id='word_1_380' title='bbox 1072 4157 1137 4212; x_wconf 89' lang='lat' dir='ltr'><strong>ut</strong></span> <span class='ocrx_word' id='word_1_381' title='bbox 1177 4149 1452 4230; x_wconf 76' lang='lat' dir='ltr'><strong>Virgilius</strong></span> 
     </span>
    </p>
   </div>
   <div class='ocr_carea' id='block_1_4' title="bbox 250 4369 2830 4860">
    <p class='ocr_par' dir='ltr' id='par_1_4' title="bbox 250 4369 2830 4512">
     <span class='ocr_line' id='line_1_40' title="bbox 400 4369 2830 4442; baseline 0.001 -18"><span class='ocrx_word' id='word_1_382' title='bbox 400 4374 427 4424; x_wconf 89' lang='lat' dir='ltr'>l</span> <span class='ocrx_word' id='word_1_383' title='bbox 458 4372 628 4424; x_wconf 83' lang='lat' dir='ltr'><strong>littera</strong></span> <span class='ocrx_word' id='word_1_384' title='bbox 663 4369 833 4422; x_wconf 81' lang='lat' dir='ltr'><strong>xxm</strong></span> <span class='ocrx_word' id='word_1_385' title='bbox 868 4378 989 4422; x_wconf 87' lang='lat' dir='ltr'><strong>sunt</strong></span> <span class='ocrx_word' id='word_1_386' title='bbox 1014 4371 1247 4436; x_wconf 84' lang='lat' dir='ltr'><strong>quotiens</strong></span> <span class='ocrx_word' id='word_1_387' title='bbox 1277 4371 1454 4422; x_wconf 76' lang='lat' dir='ltr'><strong>eadem</strong></span> <span class='ocrx_word' id='word_1_388' title='bbox 1487 4373 1536 4422; x_wconf 99' lang='lat' dir='ltr'><em>L</em></span> <span class='ocrx_word' id='word_1_389' title='bbox 1676 4374 1713 4424; x_wconf 75' lang='lat'><em>4</em></span> <span class='ocrx_word' id='word_1_390' title='bbox 1737 4373 1919 4441; x_wconf 86' lang='lat' dir='ltr'><strong>accipit</strong></span> <span class='ocrx_word' id='word_1_391' title='bbox 1954 4374 2006 4424; x_wconf 94' lang='lat' dir='ltr'><em>L</em></span> <span class='ocrx_word' id='word_1_392' title='bbox 2143 4374 2178 4426; x_wconf 75' lang='lat'>5</span> <span class='ocrx_word' id='word_1_393' title='bbox 2213 4371 2500 4442; x_wconf 75' lang='lat' dir='ltr'><strong>Vergilius]</strong></span> <span class='ocrx_word' id='word_1_394' title='bbox 2543 4375 2675 4427; x_wconf 74' lang='lat' dir='ltr'><strong>Aen.</strong></span> <span class='ocrx_word' id='word_1_395' title='bbox 2715 4376 2830 4426; x_wconf 83' lang='lat' dir='ltr'><strong>vm</strong></span> 
     </span>
     <span class='ocr_line' id='line_1_41' title="bbox 250 4441 2830 4512; baseline -0.002 -14"><span class='ocrx_word' id='word_1_396' title='bbox 250 4445 359 4498; x_wconf 78' lang='lat'><strong>338</strong></span> <span class='ocrx_word' id='word_1_397' title='bbox 460 4443 492 4493; x_wconf 85' lang='grc'><strong>7</strong></span> <span class='ocrx_word' id='word_1_398' title='bbox 518 4443 737 4508; x_wconf 85' lang='lat' dir='ltr'><strong>priscam</strong></span> <span class='ocrx_word' id='word_1_399' title='bbox 771 4441 823 4491; x_wconf 90' lang='lat' dir='ltr'><em>L</em></span> <span class='ocrx_word' id='word_1_400' title='bbox 959 4441 995 4493; x_wconf 93' lang='grc'>8</span> <span class='ocrx_word' id='word_1_401' title='bbox 1030 4443 1163 4494; x_wconf 82' lang='lat' dir='ltr'><strong>natis</strong></span> <span class='ocrx_word' id='word_1_402' title='bbox 1194 4441 1440 4494; x_wconf 72' lang='lat' dir='ltr'><strong>uatidicae</strong></span> <span class='ocrx_word' id='word_1_403' title='bbox 1476 4441 1658 4494; x_wconf 86' lang='lat' dir='ltr'><strong>cecinit</strong></span> <span class='ocrx_word' id='word_1_404' title='bbox 1692 4459 1793 4509; x_wconf 88' lang='lat' dir='ltr'><strong>que</strong></span> <span class='ocrx_word' id='word_1_405' title='bbox 1829 4444 2022 4512; x_wconf 81' lang='lat' dir='ltr'><strong>primos</strong></span> <span class='ocrx_word' id='word_1_406' title='bbox 2053 4443 2218 4510; x_wconf 78' lang='lat' dir='ltr'><strong>(corr.</strong></span> <span class='ocrx_word' id='word_1_407' title='bbox 2255 4447 2420 4511; x_wconf 82' lang='lat' dir='ltr'><strong>primo</strong></span> <span class='ocrx_word' id='word_1_408' title='bbox 2457 4445 2658 4498; x_wconf 75' lang='lat' dir='ltr'><strong>futuros</strong></span> <span class='ocrx_word' id='word_1_409' title='bbox 2696 4445 2740 4511; x_wconf 88' lang='lat' dir='ltr'><strong>l)</strong></span> <span class='ocrx_word' id='word_1_410' title='bbox 2780 4445 2830 4494; x_wconf 96' lang='lat' dir='ltr'><em>L</em></span> 
     </span>
    </p>

    <p class='ocr_par' dir='ltr' id='par_1_5' title="bbox 252 4510 2829 4860">
     <span class='ocr_line' id='line_1_42' title="bbox 432 4510 2829 4581; baseline 0.001 -17"><span class='ocrx_word' id='word_1_411' title='bbox 432 4511 493 4564; x_wconf 86' lang='lat'><strong>11</strong></span> <span class='ocrx_word' id='word_1_412' title='bbox 532 4512 754 4563; x_wconf 79' lang='lat' dir='ltr'><strong>trastulit</strong></span> <span class='ocrx_word' id='word_1_413' title='bbox 778 4510 830 4560; x_wconf 86' lang='lat' dir='ltr'><em>L</em></span> <span class='ocrx_word' id='word_1_414' title='bbox 1037 4514 1105 4564; x_wconf 81' lang='lat'><strong>12</strong></span> <span class='ocrx_word' id='word_1_415' title='bbox 1147 4527 1271 4562; x_wconf 87' lang='lat' dir='ltr'><strong>uaro</strong></span> <span class='ocrx_word' id='word_1_416' title='bbox 1308 4511 1357 4561; x_wconf 97' lang='lat' dir='ltr'><em>L</em></span> <span class='ocrx_word' id='word_1_417' title='bbox 1402 4527 1552 4564; x_wconf 82' lang='lat' dir='ltr'><strong>narro</strong></span> <span class='ocrx_word' id='word_1_418' title='bbox 1588 4517 1607 4563; x_wconf 80' lang='lat' dir='ltr'><strong><em>l</em></strong></span> <span class='ocrx_word' id='word_1_419' title='bbox 1619 4529 1633 4562; x_wconf 70' lang='grc' dir='ltr'>ι</span> <span class='ocrx_word' id='word_1_420' title='bbox 1678 4512 1926 4566; x_wconf 81' lang='lat' dir='ltr'><strong>habemus</strong></span> <span class='ocrx_word' id='word_1_421' title='bbox 1961 4513 2060 4566; x_wconf 84' lang='lat' dir='ltr'><strong>hoc</strong></span> <span class='ocrx_word' id='word_1_422' title='bbox 2095 4515 2148 4565; x_wconf 89' lang='lat' dir='ltr'><strong>in</strong></span> <span class='ocrx_word' id='word_1_423' title='bbox 2179 4515 2321 4567; x_wconf 84' lang='lat' dir='ltr'><strong>libris</strong></span> <span class='ocrx_word' id='word_1_424' title='bbox 2358 4515 2422 4566; x_wconf 83' lang='lat' dir='ltr'><strong>ad</strong></span> <span class='ocrx_word' id='word_1_425' title='bbox 2462 4515 2656 4566; x_wconf 80' lang='lat' dir='ltr'><strong>Attium</strong></span> <span class='ocrx_word' id='word_1_426' title='bbox 2691 4515 2829 4581; x_wconf 81' lang='lat' dir='ltr'><strong>apud</strong></span> 
     </span>
     <span class='ocr_line' id='line_1_43' title="bbox 254 4579 2826 4652; baseline -0.002 -12"><span class='ocrx_word' id='word_1_427' title='bbox 254 4589 539 4640; x_wconf 81' lang='lat' dir='ltr'><strong>Varronem</strong></span> <span class='ocrx_word' id='word_1_428' title='bbox 566 4583 831 4648; x_wconf 72' lang='lat' dir='ltr'><strong>Pompeius</strong></span> <span class='ocrx_word' id='word_1_429' title='bbox 848 4597 907 4647; x_wconf 80' lang='lat' dir='ltr'><strong>p.</strong></span> <span class='ocrx_word' id='word_1_430' title='bbox 928 4579 982 4634; x_wconf 81' lang='lat'><strong>9.</strong></span> <span class='ocrx_word' id='word_1_431' title='bbox 1015 4583 1081 4634; x_wconf 81' lang='lat' dir='ltr'><strong>de</strong></span> <span class='ocrx_word' id='word_1_432' title='bbox 1108 4585 1361 4634; x_wconf 72' lang='lat' dir='ltr'><strong>Varronis</strong></span> <span class='ocrx_word' id='word_1_433' title='bbox 1394 4583 1666 4634; x_wconf 65' lang='lat' dir='ltr'><strong>acimum</strong></span> <span class='ocrx_word' id='word_1_434' title='bbox 1696 4583 1844 4636; x_wconf 59' lang='lat' dir='ltr'><strong>libr-at</strong></span> <span class='ocrx_word' id='word_1_435' title='bbox 1869 4585 2004 4636; x_wconf 69' lang='lat' dir='ltr'><strong>dioet&#39;t</strong></span> <span class='ocrx_word' id='word_1_436' title='bbox 2035 4585 2335 4638; x_wconf 65' lang='lat' dir='ltr'><strong>Bitschelius</strong></span> <span class='ocrx_word' id='word_1_437' title='bbox 2368 4593 2564 4652; x_wconf 72' lang='lat' dir='ltr'><strong>quaeat.</strong></span> <span class='ocrx_word' id='word_1_438' title='bbox 2601 4585 2826 4638; x_wconf 71' lang='lat' dir='ltr'><strong>Vama.</strong></span> 
     </span>
     <span class='ocr_line' id='line_1_44' title="bbox 256 4651 2828 4726; baseline -0.001 -18"><span class='ocrx_word' id='word_1_439' title='bbox 256 4658 497 4726; x_wconf 76' lang='lat' dir='ltr'><strong>(Bome</strong></span> <span class='ocrx_word' id='word_1_440' title='bbox 536 4669 590 4706; x_wconf 83' lang='lat' dir='ltr'><strong>a.</strong></span> <span class='ocrx_word' id='word_1_441' title='bbox 626 4652 785 4719; x_wconf 78' lang='grc'>1845)</span> <span class='ocrx_word' id='word_1_442' title='bbox 816 4667 871 4716; x_wconf 76' lang='grc' dir='ltr'><strong>ρ.</strong></span> <span class='ocrx_word' id='word_1_443' title='bbox 910 4653 981 4703; x_wconf 77' lang='lat'><strong>25</strong></span> <span class='ocrx_word' id='word_1_444' title='bbox 1004 4669 1117 4720; x_wconf 70' lang='lat' dir='ltr'><strong>sqq.</strong></span> <span class='ocrx_word' id='word_1_445' title='bbox 1142 4667 1264 4706; x_wconf 71' lang='lat' dir='ltr'><strong>mus.</strong></span> <span class='ocrx_word' id='word_1_446' title='bbox 1300 4651 1527 4706; x_wconf 67' lang='lat' dir='ltr'><strong>menan.</strong></span> <span class='ocrx_word' id='word_1_447' title='bbox 1560 4657 1746 4709; x_wconf 70' lang='lat' dir='ltr'><strong>noviss.</strong></span> <span class='ocrx_word' id='word_1_448' title='bbox 1781 4655 1854 4705; x_wconf 90' lang='lat' dir='ltr'><strong>VI</strong></span> <span class='ocrx_word' id='word_1_449' title='bbox 1889 4654 1966 4718; x_wconf 87' lang='lat' dir='ltr'><strong>(a.</strong></span> <span class='ocrx_word' id='word_1_450' title='bbox 1996 4653 2158 4719; x_wconf 83' lang='lat'>1848)</span> <span class='ocrx_word' id='word_1_451' title='bbox 2184 4671 2239 4719; x_wconf 79' lang='lat' dir='ltr'><strong>p.</strong></span> <span class='ocrx_word' id='word_1_452' title='bbox 2271 4655 2376 4708; x_wconf 79' lang='lat'><strong>530</strong></span> <span class='ocrx_word' id='word_1_453' title='bbox 2535 4658 2601 4709; x_wconf 82' lang='lat'><strong>14</strong></span> <span class='ocrx_word' id='word_1_454' title='bbox 2637 4657 2689 4706; x_wconf 87' lang='lat' dir='ltr'><strong>in</strong></span> <span class='ocrx_word' id='word_1_455' title='bbox 2727 4671 2828 4722; x_wconf 86' lang='lat' dir='ltr'><strong>qua</strong></span> 
     </span>
     <span class='ocr_line' id='line_1_45' title="bbox 252 4721 2827 4795; baseline 0 -18"><span class='ocrx_word' id='word_1_456' title='bbox 252 4725 532 4780; x_wconf 78' lang='lat' dir='ltr'><strong>resoluitur</strong></span> <span class='ocrx_word' id='word_1_457' title='bbox 556 4723 607 4772; x_wconf 89' lang='lat' dir='ltr'><em>L</em></span> <span class='ocrx_word' id='word_1_458' title='bbox 746 4723 814 4776; x_wconf 84' lang='lat'><strong>18</strong></span> <span class='ocrx_word' id='word_1_459' title='bbox 842 4727 893 4773; x_wconf 88' lang='lat' dir='ltr'><strong>et</strong></span> <span class='ocrx_word' id='word_1_460' title='bbox 926 4721 1029 4774; x_wconf 86' lang='lat' dir='ltr'><strong>alia</strong></span> <span class='ocrx_word' id='word_1_461' title='bbox 1056 4723 1107 4772; x_wconf 89' lang='lat' dir='ltr'><em>L</em></span> <span class='ocrx_word' id='word_1_462' title='bbox 1263 4721 1332 4774; x_wconf 81' lang='lat'><strong>20</strong></span> <span class='ocrx_word' id='word_1_463' title='bbox 1366 4723 1619 4774; x_wconf 86' lang='lat' dir='ltr'><strong>conlatum</strong></span> <span class='ocrx_word' id='word_1_464' title='bbox 1661 4725 1706 4774; x_wconf 89' lang='lat' dir='ltr'><em>L</em></span> <span class='ocrx_word' id='word_1_465' title='bbox 1843 4723 1912 4776; x_wconf 83' lang='lat'><strong>28</strong></span> <span class='ocrx_word' id='word_1_466' title='bbox 1949 4723 2075 4777; x_wconf 77' lang='lat' dir='ltr'><strong>haec</strong></span> <span class='ocrx_word' id='word_1_467' title='bbox 2105 4739 2208 4778; x_wconf 87' lang='lat' dir='ltr'><strong>uno</strong></span> <span class='ocrx_word' id='word_1_468' title='bbox 2247 4726 2297 4775; x_wconf 95' lang='lat' dir='ltr'><em>L</em></span> <span class='ocrx_word' id='word_1_469' title='bbox 2431 4727 2502 4780; x_wconf 82' lang='lat'><strong>30</strong></span> <span class='ocrx_word' id='word_1_470' title='bbox 2535 4727 2827 4795; x_wconf 84' lang='lat' dir='ltr'><strong>exprimunt</strong></span> 
     </span>
     <span class='ocr_line' id='line_1_46' title="bbox 256 4791 1359 4860; baseline -0.008 -9"><span class='ocrx_word' id='word_1_471' title='bbox 256 4813 415 4852; x_wconf 77' lang='lat' dir='ltr'><strong>sonos</strong></span> <span class='ocrx_word' id='word_1_472' title='bbox 444 4793 621 4860; x_wconf 74' lang='lat' dir='ltr'><strong>(sonos</strong></span> <span class='ocrx_word' id='word_1_473' title='bbox 650 4807 771 4846; x_wconf 79' lang='lat' dir='ltr'><strong>suos</strong></span> <span class='ocrx_word' id='word_1_474' title='bbox 806 4795 845 4857; x_wconf 84' lang='grc' dir='ltr'><strong>ἱ)</strong></span> <span class='ocrx_word' id='word_1_475' title='bbox 886 4806 986 4843; x_wconf 86' lang='lat' dir='ltr'><strong>non</strong></span> <span class='ocrx_word' id='word_1_476' title='bbox 1019 4793 1281 4844; x_wconf 83' lang='lat' dir='ltr'><strong>accidente</strong></span> <span class='ocrx_word' id='word_1_477' title='bbox 1310 4791 1359 4842; x_wconf 91' lang='lat' dir='ltr'><em>L</em></span> 
     </span>
    </p>
   </div>
  </div>
 </body>
</html>
