3434 5442
913 328 1006 389 DE
1045 326 1335 389 NOMINE
1379 326 1773 388 EXCERPTA
1823 325 2071 388 20-36
2666 326 2779 389 211

2408 472 2417 481 .
2443 442 2535 483 219.
2555 442 2606 483 20
2638 442 2690 483 V.

366 516 522 577 Sunt
561 516 852 596 quaedam
887 516 1126 575 nomina
1163 516 1224 575 in
1257 534 1330 575 us
1367 514 1580 576 litteris
1613 515 1947 582 terminata,
1988 532 2141 592 quae
2183 533 2255 575 ex
2300 455 2543 575 sephina
2588 514 2793 575 adver-

203 618 292 679 bia
331 619 574 689 faciunt,
617 625 685 678 ut
729 635 928 683 navus.
951 635 1098 679 nave
1145 618 1389 686 naviter,
1436 616 1640 695 largus
1682 615 1847 695 large
1886 615 2146 694 largiter.

367 720 580 781 Omnia
623 720 860 780 nomina
904 726 1004 779 aut
1037 720 1148 779 fixa
1201 727 1342 781 sunt
1384 726 1486 779 aut
1527 716 1786 779 mobilia.
1852 718 1964 778 fixa
2000 724 2154 787 sunt,
2202 736 2353 799 quae
2395 720 2456 779 in
2500 737 2606 781 suo
2642 726 2795 780 statu

201 828 570 901 permanent,
611 830 680 883 ut
707 823 796 881 vir
835 819 1079 887 mulien
1137 818 1376 881 mobilia
1413 826 1630 889 autem,
1679 838 1831 898 quae
1879 837 1987 897 per
2032 820 2151 881 (luo
2187 838 2411 898 genera
2458 820 2794 889 flectuntur,

201 930 257 984 et
293 932 436 984 sunt
479 924 754 1003 propria,
815 928 881 983 ut
920 921 1226 983 Cornelius
1271 920 1560 983 Cornelia.
1651 920 1995 1001 appellativa
2048 928 2241 983 autem
2302 940 2411 1001 per
2453 922 2531 983 ΙΙΙ
2576 939 2793 999 genera
2846 948 2871 985 5

201 1032 532 1095 moventur,
579 1034 646 1085 ut
691 1024 916 1104 probus
960 1022 1148 1102 proba
1193 1023 1470 1103 probum.

364 1126 620 1187 Nomina
663 1125 976 1187 masculini
1019 1126 1285 1203 generis,
1333 1143 1484 1203 quae
1519 1125 1578 1184 in
1626 1126 1983 1187 nominativo
2028 1126 2314 1204 singulari
2356 1128 2417 1187 in
2462 1144 2525 1187 as
2566 1125 2795 1187 litteras

199 1236 448 1299 exeunt,
499 1246 612 1308 per
651 1237 884 1290 ceteros
924 1246 1097 1289 casus
1137 1227 1198 1288 in
1245 1226 1320 1286 tis
1363 1224 1646 1306 syllabam
1691 1228 2079 1298 adcrescunt,
2136 1234 2204 1289 ut
2244 1228 2543 1308 Asprenas
2580 1229 2797 1306 Aspre·

201 1332 378 1400 natis,
435 1330 748 1391 Maecenas
800 1329 1188 1399 Maecenatis,
1247 1329 1450 1389 Atinas
1493 1331 1761 1391 Atinatis,
1809 1326 1835 1412 ΙΙ
1882 1331 2119 1391 nomina
2175 1329 2483 1391 masculini
2540 1332 2796 1407 generis,

199 1450 346 1510 quae
387 1434 452 1493 in
493 1450 530 1492 o
575 1440 796 1493 exeunt
829 1432 892 1491 in
931 1431 1308 1499 nominativo,
1353 1448 1462 1507 per
1503 1448 1709 1491 omnes
1752 1448 1925 1491 casus
1969 1431 2175 1493 eadem
2212 1430 2409 1493 littera
2448 1431 2793 1500 efferuntur,
2826 1450 2877 1491 ιο

203 1541 261 1591 ut
301 1532 449 1594 Cato
499 1532 754 1601 CatoniS,
799 1531 937 1593 Milo
985 1530 1236 1600 Milonis,
1281 1530 1444 1593 Maro
1485 1532 1747 1594 Maronis
1790 1539 1850 1593 et
1892 1533 2123 1593 similia.

361 1633 666 1696 Masculus
707 1634 940 1703 dicitur,
981 1651 1104 1694 non
1136 1631 1374 1701 mascel,
1421 1640 1487 1693 ut
1528 1634 1797 1711 genetivo
1842 1634 2105 1705 masculi,
2151 1652 2271 1695 non
2314 1634 2555 1697 masceli
2600 1635 2797 1696 saciat.

363 1736 669 1805 Oenol'eri,
717 1754 836 1796 non
879 1734 1188 1803 oenol'era,
1245 1736 1524 1814 quoniam
1565 1735 1891 1797 masculino
1938 1754 2158 1815 genere
2204 1737 2492 1815 singulari
2548 1754 2799 1798 numero

205 1836 294 1898 hic
334 1839 678 1908 oenol'erus,
723 1856 846 1898 non
889 1836 1138 1899 oenol‘er
1175 1837 1334 1899 facit.

367 1938 544 1999 Vrcei
593 1938 918 2001 masculino
979 1957 1228 2018 genere,
1301 1956 1418 1999 non
1469 1946 1682 1999 neutro
1740 1940 2047 2011 dicuntur,
2116 1942 2395 2021 quoniam
2456 1940 2800 2002 diminutive
2826 1960 2875 2003 ιε,

202 2045 532 2101 masculino
577 2058 796 2119 genere
839 2040 1070 2109 urcioli,
1119 2059 1238 2101 non
1276 2039 1502 2103 urciola
1549 2041 1847 2101 (licuntur.

363 2141 614 2211 Fastus,
665 2142 724 2203 id
770 2148 861 2203 est
909 2141 1172 2211 libellus,
1229 2143 1468 2220 generis
1517 2150 1606 2203 est
1661 2142 1969 2203 masculini
2016 2152 2077 2204 et
2118 2144 2387 2220 genetivo
2446 2142 2621 2205 huius
2666 2143 2799 2205 fasti

205 2243 356 2304 facit.
447 2245 594 2305 item
640 2244 841 2315 fastus,
891 2252 955 2305 ut
997 2244 1302 2323 ‘stirpis
1347 2242 1735 2305 Achilleae
1776 2245 2073 2313 fastus',
2114 2244 2286 2305 huius
2330 2245 2515 2306 fastus
2560 2244 2719 2305 facit.

365 2344 642 2424 Tot-ques
683 2346 920 2423 generis
963 2352 1054 2407 est
1095 2345 1430 2407 masculini.
1489 2345 1660 2407 sindo
1701 2347 1938 2423 generis
1970 2345 2277 2407 masculini
2315 2354 2405 2409 est
2446 2364 2555 2407 usu
2594 2348 2801 2424 magiS,

207 2464 374 2525 quam
418 2448 656 2507 ratione
700 2454 893 2517 certa;
946 2448 1110 2508 cuius
1152 2446 1372 2509 locutio
1417 2446 1548 2508 talis
1593 2454 1701 2516 est,
1748 2447 2065 2509 ‘sindones
2104 2447 2427 2509 Arabeos'.
2826 2469 2878 2509 πο

367 2546 546 2617 Quali
593 2547 919 2609 masculino
965 2566 1184 2627 genere
1227 2548 1522 2618 dicuntur,
1569 2557 1635 2609 ut

1015 2659 1088 2712 tu
1134 2651 1391 2729 spisso
1435 2651 1712 2711 vimine
1756 2650 2065 2731 qualos,

206 2758 260 2809 et
298 2758 539 2818 neutro,
586 2759 650 2811 ut
693 2750 901 2812 Cicero
940 2752 1176 2812 ‘inter
1220 2770 1307 2830 qu
1341 2798 1768 2814 .........
1804 2752 2257 2831 pectebatur
2294 2758 2613 2815 aurum’.

370 2853 604 2914 Frenos
647 2860 704 2915 et
743 2854 910 2915 l’rena
953 2853 1110 2932 apud
1151 2853 1472 2931 Vergilium
1518 2853 1788 2930 legimuS,
1834 2862 1901 2915 ut

1015 2953 1315 3017 stabulo
1358 2954 1613 3016 frenos
1658 2955 1923 3019 audire
1966 2958 2311 3017 sonantis
2824 2976 2877 3015 π»

211 3062 266 3115 et
570 3056 786 3117 frena
835 3054 1306 3117 Pelethronii
1349 3056 1722 3135 Lapithae
1764 3075 2135 3135 gyrosque
2178 3059 2465 3117 dedere.

371 3158 553 3218 Pater
597 3156 845 3218 familias
891 3176 962 3216 an
1007 3164 1176 3235 pater
1223 3157 1511 3218 familiae?
1575 3166 1744 3236 pater
1786 3158 2035 3220 familias
2072 3158 2144 3219 ab
2190 3160 2448 3235 antiquis
2494 3157 2800 3219 dicebatur

215 3304 1060 3321 ..................
1096 3268 1336 3321 secutus
1365 3269 1456 3322 est
1483 3267 1542 3321 et
1569 3258 1834 3323 Messala.
1890 3261 1991 3321 sed
2026 3262 2291 3329 Sisenna,
2334 3260 2589 3337 scriptor
2618 3258 2801 3318 histo-

212 3359 442 3429 riarum,
496 3361 724 3437 primus
768 3369 1025 3421 mutasse
1071 3360 1286 3423 dicitur
1326 3368 1496 3441 pater
1533 3360 1786 3422 familiae
1833 3361 2103 3423 dicendo.
2170 3360 2380 3421 melius
2420 3362 2575 3421 enim
2620 3377 2797 3435 gene-

213 3460 318 3521 tivo
359 3479 584 3523 nomen
627 3463 1019 3541 compositum
1061 3463 1409 3540 respondet,
1456 3470 1622 3541 pater
1662 3461 1947 3533 familiae,
1994 3480 2171 3541 quam
2216 3462 2581 3529 accusativo,
2628 3467 2795 3538 pater
2824 3480 2877 3521 ao

214 3560 472 3625 familias.
2648 3550 2652 3555 ’

369 3668 568 3744 Aeger
611 3666 828 3735 auimo,
875 3674 1154 3743 aegrotus
1202 3683 1472 3744 corpore.

372 3766 631 3845 Crepido
679 3766 774 3827 hic
828 3785 902 3827 an
948 3766 1096 3827 haec
1141 3766 1384 3845 crepido
1430 3768 1616 3845 magis
1659 3767 1777 3827 dici
1832 3768 2077 3837 debeat,
2132 3767 2401 3829 dubitant
2453 3786 2575 3828 non
2636 3766 2800 3835 nulli,

222 3884 350 3929 cum
393 3866 607 3929 Cicero
649 3869 710 3928 in
755 3866 1006 3929 Oratore
1051 3868 1414 3947 crepidinem
1460 3868 1632 3938 dicat,
1682 3876 1747 3928 ut
1786 3869 2152 3946 vertiginem.
2184 3866 2213 3952 Η

345 4010 370 4061 l
410 4012 619 4061 nomina
649 4026 712 4063 us
749 4012 931 4061 litteris
965 4014 1236 4062 terminata
1271 4028 1300 4061 υ
1337 4016 1466 4065 conl.
1513 4012 1670 4063 Diom.
1706 4028 1765 4077 p.
1806 4012 1908 4063 402
1964 4014 2171 4062 nomina
2212 4012 2376 4062 tribus
2414 4012 2595 4061 litteris
2630 4012 2801 4061 termi-

217 4089 323 4130 nata
357 4096 444 4153 seg
481 4081 533 4131 B
639 4082 704 4133 14
725 4081 959 4145 sortasse
992 4098 1090 4131 non
1125 4083 1218 4131 hoc
1255 4082 1552 4133 oenoserum
1593 4081 1716 4133 facit
1827 4083 1889 4133 15
1927 4082 2229 4133 diminutivo
2263 4082 2313 4131 B
2423 4081 2487 4133 16
2518 4081 2801 4131 masculino

217 4197 300 4231 aa.
339 4184 402 4245 B,
437 4184 564 4247 aad.
602 4200 632 4235 υ
806 4184 1002 4237 urceoli
1025 4202 1164 4237 corr.
1207 4186 1390 4236 urcioli
1427 4186 1480 4235 B
1649 4184 1714 4237 18
1754 4185 1931 4250 sti-ipis
1970 4186 2049 4237 B.-
2092 4186 2253 4251 Vera.
2275 4186 2411 4237 Aen.
2456 4187 2521 4235 lll
2560 4183 2663 4235 320

221 4250 280 4301 10
313 4256 476 4319 syndo
515 4253 564 4302 B
773 4256 844 4307 20
873 4256 1070 4306 ratione
1106 4271 1198 4323 per
1233 4264 1397 4305 certas
1428 4256 1481 4304 B
1515 4257 1737 4305 rationes
1776 4270 1867 4319 per
1904 4265 2069 4306 certas
2103 4274 2132 4306 v
2319 4256 2579 4320 syndones
2612 4253 2665 4303 B

217 4324 276 4371 22
309 4322 384 4389 tu]
435 4324 600 4387 Ver-9.
637 4338 815 4390 acor-9.
853 4326 900 4375 11
935 4326 1029 4375 241
1251 4324 1318 4376 23
1353 4334 1403 4374 et
1433 4326 1678 4379 feminino
1717 4340 1854 4375 corr.
1893 4334 1942 4376 et
1976 4332 2153 4376 neutro
2186 4324 2237 4373 B
2442 4327 2660 4375 ‘lacuna
2690 4328 2803 4371 octo

217 4392 404 4443 a'rciter·
451 4396 717 4443 literarum
774 4397 826 4443 in
871 4396 980 4445 loco
1024 4395 1278 4447 Ciceronis
1322 4398 1422 4446 ima
1462 4396 1584 4458 folii
1630 4412 1727 4448 ora
1773 4398 1951 4445 avulsa
1966 4399 1982 4425 ’
2030 4396 2195 4447 editor
2245 4396 2297 4445 V
2294 4394 2671 4453 indobonensis,
2722 4396 2809 4457 qui

220 4464 416 4513 coniecit
453 4465 586 4512 inter
622 4462 776 4526 quala
811 4480 996 4531 purum
1030 4464 1344 4529 plectebatur
1380 4480 1560 4515 aurum
1699 4466 1767 4515 25
1804 4463 2027 4530 stabulo]
2072 4468 2233 4529 Ver-9.
2264 4480 2442 4529 9eor9.
2490 4466 2552 4513 lll
2595 4462 2694 4512 184

220 4530 282 4579 2⁶
313 4530 481 4597 trena]
531 4534 692 4598 Ver-9.
725 4548 904 4599 year-9.
945 4535 1010 4583 lll
1054 4534 1172 4585 115.
1213 4542 1442 4585 extrema
1477 4550 1654 4585 versus
1686 4549 1817 4597 pars
1850 4536 1903 4584 in
1938 4534 2109 4585 codice
2142 4536 2299 4597 periit
2438 4534 2504 4584 27
2540 4533 2687 4581 Pater
2722 4528 2801 4579 fa-

223 4600 395 4668 milias]
430 4602 629 4653 Chares.
665 4619 721 4665 p.
753 4601 823 4654 83
1033 4606 1246 4653 ‘lacum
1273 4606 1544 4655 octodecim
1575 4606 1694 4668 fere
1735 4605 1993 4654 literarum
2032 4605 2349 4655 membranae
2384 4618 2477 4653 ora
2514 4606 2689 4651 avulsa
2728 4601 2804 4649 sic

217 4681 380 4729 posset
424 4675 656 4735 expleri,
711 4686 816 4723 non
865 4680 1008 4739 pater
1045 4672 1272 4723 familiae
1317 4676 1477 4737 quos'
1537 4674 1704 4725 editor
1741 4675 2143 4724 Vindobonensia
2352 4672 2421 4723 34
2476 4673 2527 4720 in
2567 4666 2798 4732 Oratore]

220 4736 300 4800 67,
329 4742 432 4791 224
487 4742 676 4792 deinde
725 4743 898 4792 omnia
938 4750 1038 4793 tam
1075 4758 1226 4806 quam
1264 4743 1528 4807 crepidine
1585 4744 1805 4805 quadam
1858 4743 2313 4810 comprehensione
2368 4742 2598 4806 longiore
2648 4740 2794 4789 susti-

223 4818 393 4861 nentur

2264 4896 2396 4956 14*
