3434 5442
604 321 728 387 348
1570 322 1669 386 on
1712 295 2234 386 P'snvnornom

1046 535 1111 586 16
1162 514 1312 611 affl)
1658 526 1916 607 appellat

1049 638 1112 687 17
1166 638 1300 687 Ace
1658 637 1928 710 acceptat

1050 739 1115 789 18
1167 721 1305 790 Αδι·
1654 733 1888 793 adiutor

1050 841 1115 892 19
1167 821 1381 915 Aet-p·
1646 832 1880 893 adiutor
1921 834 2252 912 provinciae
2317 906 2354 926 κ

1052 943 1120 992 ‘20
1175 923 1340 994 ›xo-l·
1650 937 1722 996 ad
1772 923 1964 995 locum

1050 1045 1111 1094 21
1170 1026 1343 1118 Αὸγ-
1655 1037 1726 1098 ad
1775 1037 1952 1098 finem

1050 1148 1117 1196 22
1169 1128 1348 1197 ›xo-e·
1651 1140 1724 1200 ad
1765 1138 2088 1199 erectorem

1050 1265 1117 1316 23
1169 1267 1425 1317 Αὒϋε·
1652 1257 1726 1318 ab
1766 1257 1916 1318 urbe
1962 1255 2190 1316 condita

1052 1369 1116 1420 24
1170 1369 1507 1441 »eh-berf-
1649 1377 1787 1422 aere
1827 1365 2072 1436 argento
2117 1375 2264 1420 auro
2307 1358 2459 1420 ssavo
2509 1359 2754 1420 serendo

1054 1469 1119 1520 25
1173 1453 1357 1521 bel-e·
1646 1462 1957 1524 arbitrium
1996 1459 2082 1522 liti
2127 1462 2496 1522 extimandae

1054 1571 1122 1621 26
1174 1553 1384 1644 Α·ὸ·ρ·
1652 1571 1788 1624 ante
1835 1563 1988 1624 diem
2026 1563 2220 1642 pridie

1054 1693 1121 1742 27
1176 1670 1598 1742 *Aeoli-cua·
1656 1681 1862 1744 aedilis
1909 1681 2123 1743 curalis

1055 1793 1123 1843 28
1176 1775 1521 1843 *Α·Α·Ι·(η·
1663 1784 1820 1864 apud
1865 1802 2073 1862 agrum
2119 1784 2316 1844 locum
2361 1785 2724 1844 monumenti

1056 1895 1123 1945 29
1177 1891 1321 1956 *Ας
1661 1904 1869 1964 agrum
1943 1939 1980 1970 x

1052 1995 1119 2046 30
1172 1977 1527 2068 *Aeoli-pl·
1646 1967 1860 2049 'aedilis
1903 1986 2094 2068 plebis

1055 2097 1117 2147 31
1174 2091 1438 2172 *xp-q·
1666 2089 1796 2150 Auli
1841 2089 2014 2150 Publi
2057 2090 2258 2161 Quinti

1055 2199 1121 2249 32
1174 2189 1366 2250 *Α-Α·
1662 2191 1816 2268 apud
1863 2209 2071 2270 agrum

1053 2300 1119 2352 33
1172 2295 1369 2372 *App
1667 2292 1888 2371 Appius

1054 2402 1123 2452 34
1176 2397 1416 2454 *ΑΝΝ
1661 2412 1954 2456 annorum

618 2503 821 2558 Horum
856 2519 907 2556 n.
944 2503 1127 2554 1--22
1157 2501 1416 2574 descripti
1448 2509 1577 2557 sunt
1608 2501 1930 2574 simpliciter
1957 2517 2022 2556 ex
2049 2500 2317 2558 laterculo
2349 2501 2607 2559 Vaticano
2643 2497 2870 2575 (p.304)‚
2905 2519 2962 2557 n.
2997 2505 3221 2556 23—26

618 2604 679 2642 ex
709 2586 891 2642 Probo
934 2587 1172 2658 genuino
1220 2589 1492 2660 excerpti;
1544 2603 1597 2641 n.
1630 2589 1852 2640 27—34
1901 2595 2092 2660 postea
2137 2586 2328 2642 adiecti
2369 2587 2436 2642 ab
2477 2589 2599 2660 ipso
2631 2587 2948 2643 Mar-canova
2995 2587 3218 2642 veniunt

617 2673 843 2729 maxime
884 2687 947 2726 ex
992 2671 1165 2727 titulis
1219 2679 1419 2728 temere
1471 2670 1588 2728 sere
1640 2669 1939 2745 explicatis
1999 2671 2359 2745 Praescripsit
2399 2673 2710 2728 Mar-canova
2767 2673 2896 2728 huie
2951 2671 3218 2729 laterculo

616 2757 781 2814 Probi
812 2757 1207 2831 praefationem
1240 2755 1367 2829 (Est
1396 2759 1566 2812 etiam
1598 2787 1671 2798 -—
1698 2755 2128 2829 reperiuntur);
2160 2774 2188 2812 a
2222 2759 2440 2813 nomine
2469 2757 2634 2814 Probi
2663 2759 2770 2813 etsi
2803 2765 2912 2814 tam
2945 2759 3072 2830 ipse
3102 2757 3222 2813 abs-

619 2845 783 2899 tinuit
818 2839 957 2918 (nam
988 2842 1267 2916 aliquanto
1298 2845 1608 2916 posteriore
1638 2842 1855 2898 demum
1889 2849 2134 2916 tempore
2163 2843 2348 2898 nescio
2381 2845 2506 2917 quis
2536 2843 2591 2898 id
2623 2843 2916 2916 adscripsit
2946 2845 3008 2897 in
3037 2842 3224 2898 codiee

616 2925 895 2999 Ber-nensi)
927 2945 1087 3001 quam
1118 2927 1297 2985 scriba
1326 2926 1450 2983 libri
1477 2927 1892 2985 Mediolanensis
1923 2928 2016 3000 qui
2043 2929 2122 2983 sic
2151 2928 2456 3001 inscripsit:
2487 2926 2590 2984 ‘de
2621 2928 2931 2984 abreviatis
2960 2929 3224 2998 antiquis

616 3015 1019 3084 sepulcrorum
1048 3019 1373 3069 statuarum
1405 3029 1475 3069 ac
1506 3014 1910 3069 numismatum
1939 3013 2408 3082 inscriptionibus
2436 3013 2752 3069 declaratio
2767 3011 2806 3076 ',
2839 3021 3024 3068 tamen
3059 3011 3220 3068 Sche-

616 3097 774 3155 delus
818 3101 922 3154 iam
952 3097 1291 3172 Parisinique
1332 3098 1537 3155 codicis
1589 3097 1846 3155 librarius
1895 3096 2140 3154 libellum
2189 3099 2590 3172 inscripserunt
2641 3097 2662 3128 ‘
2695 3097 2912 3153 Valerii
2937 3097 3132 3153 Probi
3155 3099 3224 3152 de

618 3185 767 3240 notis
808 3185 1063 3254 antiquis
1104 3185 1498 3255 opusculum’.
1532 3215 1607 3226 —
1642 3183 1978 3240 simillimam
2019 3189 2272 3238 notarum
2317 3183 2563 3257 syllogen
2607 3182 2823 3239 exhibet
2851 3181 3054 3239 Felicis
3087 3181 3224 3237 Feli-

617 3270 755 3326 ciani
789 3269 959 3325 codex
990 3269 1295 3326 Marcianus
1326 3267 1439 3324 Lat.
1472 3269 1532 3324 X.
1570 3272 1665 3324 196
1696 3269 1734 3324 s.
1769 3271 1953 3323 1-17
1983 3266 2058 3340 (in
2093 3267 2333 3325 eiusdem
2363 3268 2483 3324 cod.
2515 3268 2811 3324 Veronensi
2863 3283 2972 3323 non
3026 3265 3220 3338 extat);

618 3362 769 3412 caret
798 3361 855 3409 et
884 3356 1003 3427 ipsa
1033 3356 1252 3410 nomine
1283 3355 1523 3410 auctoris
1554 3356 1816 3429 inscripta
1857 3353 2179 3427 simpliciter
2221 3350 2656 3424 ‘interpretatio
2699 3354 3028 3408 litterarum
3075 3354 3220 3407 anti-

616 3440 901 3512 quarum'
946 3437 1219 3513 habetque
1276 3441 1403 3495 item
1464 3439 1824 3496 additamenta
1881 3438 1947 3496 ad
2007 3438 2252 3512 singulas
2293 3438 2506 3494 litteras
2565 3445 2756 3512 postea
2799 3437 3097 3511 adscripta.
3145 3465 3214 3478 —

618 3525 749 3580 Item
812 3525 1228 3597 inscriptionum
1272 3524 1411 3580 liber
1469 3526 1564 3598 qui
1622 3525 1727 3580 dici
1783 3524 1927 3580 solet
1969 3524 2238 3580 Redi-'inus
2283 3522 2465 3598 (quem
2505 3523 2600 3580 diu
2643 3523 2849 3580 frustra
2907 3525 3218 3596 quaesitum

618 3625 798 3683 nuper
848 3609 1167 3680 investigavi
1220 3611 1273 3665 in
1319 3608 1446 3665 bibl.
1480 3609 1718 3666 Florent.
1750 3608 1911 3666 Laur.
1943 3609 2071 3666 ned.
2103 3626 2155 3663 n.
2186 3607 2274 3686 77)
2329 3611 2568 3682 scriptus
2619 3627 2668 3665 a.
2704 3612 2832 3662 1474
2865 3607 3111 3664 venetiis
3153 3607 3220 3663 ab

620 3693 923 3750 Alexandro
956 3693 1180 3749 Strozza
1230 3693 1297 3750 ab
1330 3695 1594 3751 eiusmodi
1627 3702 1879 3752 notarum
1924 3693 2192 3768 opusculo
2224 3695 2444 3768 incipit,
2497 3693 2593 3750 sed
2645 3695 2908 3767 inscripto
2959 3691 3222 3748 ‘Valerii

616 3779 797 3834 Probi
824 3780 893 3834 de
924 3780 1291 3850 antiquorum
1323 3781 1469 3834 notis
1496 3779 1954 3850 interpretandis
1983 3781 2382 3836 documentum
2397 3779 2438 3834 ’.
2482 3809 2556 3819 —
2591 3779 2863 3835 iucundus
2893 3795 3065 3852 porro
3097 3795 3218 3833 eum

618 3865 1035 3937 inscriptionum
1078 3863 1343 3937 syllogam
1377 3865 1517 3920 inter
1548 3885 1593 3922 a.
1630 3869 1760 3918 1477
1791 3871 1847 3920 et
1879 3867 2012 3918 1484
2040 3863 2372 3928 elaboraret,
2413 3867 2544 3920 item
2575 3864 2812 3922 confecit
2841 3863 3110 3918 eiusmodi
3141 3863 3218 3918 la-

624 3948 889 4005 terculum
923 3965 1155 4023 eumque
1188 3951 1303 4005 sine
1334 3951 1551 4006 nomine
1580 3949 1742 4005 Probi
1775 3951 2056 4023 praemisit
2086 3950 2258 4007 codici
2289 3951 2354 4014 ei,
2389 3967 2548 4024 quem
2581 3951 2723 4006 inter
2753 3967 2798 4004 a.
2837 3950 2966 4002 1497
2996 3955 3055 4002 et
3091 3949 3220 4000 1499

621 4035 771 4090 misit
814 4033 881 4090 ad
920 4033 1248 4090 Ludovicum
1280 4035 1345 4091 de
1375 4033 1621 4108 Agnellis
1665 4035 2136 4109 archiepiscopum
2177 4035 2567 4092 Consentinum
2609 4033 2792 4105 (hodie
2821 4031 2966 4089 Flor.
2999 4031 3218 4106 Maglia·

626 4119 815 4176 becch.
846 4123 930 4180 28,
961 4114 1045 4194 5);
1080 4127 1333 4194 extatque
1366 4120 1502 4175 idem
1536 4119 1590 4176 in
1621 4121 2040 4195 inscriptionum
2070 4119 2253 4182 libris,
2287 4123 2380 4193 qui
2409 4128 2504 4176 aut
2535 4127 2662 4175 sunt
2691 4117 2913 4175 iucundi
2944 4127 3040 4174 aut
3069 4126 3218 4175 certe

626 4205 695 4262 ab
726 4221 790 4261 eo
822 4204 1078 4278 pendent,
1102 4205 1605 4278 Fuchsmageniano
1638 4205 1769 4261 olim
1803 4204 1962 4261 hodie
1985 4205 2221 4262 Thomae
2245 4204 2352 4261 Gar
2381 4205 2589 4278 scripto
2621 4223 2669 4260 a.
2689 4207 2820 4258 1484
2851 4205 2968 4259 sine
2999 4204 3216 4259 nomine

621 4291 895 4352 auetoris;
948 4288 1217 4362 Cicognae
1261 4307 1315 4346 n.
1347 4294 1485 4344 2704
1525 4293 1735 4363 scripto
1775 4289 1980 4346 Patavii
2023 4307 2068 4347 c.
2104 4309 2150 4347 a.
2187 4293 2318 4343 1502
2359 4289 2462 4346 sub
2505 4291 2724 4346 nomine
2763 4288 2956 4351 Probi:
3008 4289 3212 4343 Bonon.

622 4377 767 4431 univ.
800 4392 855 4430 n.
887 4377 984 4428 851
1019 4376 1137 4431 sine
1170 4375 1389 4432 nomine
1418 4374 1695 4440 auctoris;
1729 4375 1856 4429 Ven.
1891 4375 2050 4431 Marc.
2081 4375 2198 4433 Lat.
2233 4374 2359 4430 XlV.
2393 4379 2460 4427 24
2501 4373 2730 4448 aliisque
2761 4373 2878 4430 sine
2906 4373 3074 4430 dubio
3107 4389 3212 4428 non

622 4451 882 4534 paucis*
916 4489 989 4500 —
1024 4459 1157 4516 ltem
1189 4479 1234 4517 c.
1268 4480 1315 4518 a.
1350 4463 1481 4515 1495
1510 4460 1706 4516 Petrus
1740 4459 1992 4521 Sabinus,
2025 4462 2182 4517 cuius
2213 4467 2299 4516 est
2327 4460 2445 4516 cod.
2479 4460 2640 4516 Marc.
2670 4458 2786 4514 Lat.
2819 4457 2878 4513 X.
2912 4461 3039 4520 195.
3073 4460 3214 4514 eius·

721 4607 781 4654 ,⁴¹
838 4607 1143 4674 Speciminis
1204 4624 1357 4659 causa
1416 4623 1697 4674 proponam
1753 4609 1972 4658 litteram
2011 4609 2050 4658 Α
2107 4625 2172 4658 ex
2225 4609 2401 4658 codice
2445 4607 2914 4673 Fuchsmageniano
2967 4622 3014 4657 a.
3057 4606 3210 4658 1484.

618 4679 881 4746 Leguntur
917 4679 1080 4742 primo
1119 4679 1229 4728 loco
1285 4694 1415 4741 quae
1452 4695 1608 4744 supra
1650 4680 1936 4729 rettulimus
1975 4695 2038 4728 ex
2077 4679 2382 4730 Marcanovn
2424 4679 2621 4742 1-26,
2671 4677 2768 4728 nisi
2819 4678 2956 4740 quod
2998 4677 3212 4727 solvitur

620 4763 671 4798 n.
710 4751 743 4798 2
777 4748 1035 4812 Auyustus
1071 4749 1150 4797 vel
1182 4763 1364 4813 augur,
1400 4765 1446 4800 n.
1476 4750 1540 4800 12
1577 4757 1693 4807 aut;
1729 4749 2002 4815 aliquando
2037 4765 2210 4814 aarum
2241 4752 2382 4798 aiunt
2419 4755 2470 4796 et
2503 4749 2794 4798 inseruntur
2831 4749 2960 4796 inter
2985 4747 3048 4796 17
3077 4757 3128 4795 et
3154 4746 3215 4796 18

617 4817 770 4869 haec:
797 4817 970 4868 ANN·
988 4820 1136 4867 artru's
1158 4845 1221 4854 --
1244 4819 1361 4867 AN·
1384 4835 1545 4870 annus
1572 4847 1638 4856 —
1658 4819 1730 4868 A·
1754 4835 1894 4884 avus,
1927 4827 1982 4870 ut
1999 4820 2158 4870 missa
2179 4819 2430 4870 faciamus
2451 4817 2551 4867 alin
2571 4815 2822 4880 quaedam
2843 4817 3057 4866 minora.
3097 4816 3214 4866 Post
