<?xml version="1.0" encoding="UTF-8"?>
<!DOCTYPE html PUBLIC "-//W3C//DTD XHTML 1.0 Transitional//EN"
    "http://www.w3.org/TR/xhtml1/DTD/xhtml1-transitional.dtd">
<html xmlns="http://www.w3.org/1999/xhtml" xml:lang="en" lang="en">
 <head>
  <title>
</title>
<meta http-equiv="Content-Type" content="text/html;charset=utf-8" />
  <meta name='ocr-system' content='tesseract 3.04.00' />
  <meta name='ocr-capabilities' content='ocr_page ocr_carea ocr_par ocr_line ocrx_word'/>
</head>
<body>
  <div class='ocr_page' id='page_1' title='image "./grammaticilatin01unkngoog_0059.png"; bbox 0 0 3434 5442; ppageno 0'>
   <div class='ocr_carea' id='block_1_1' title="bbox 611 313 2109 376">
    <p class='ocr_par' dir='ltr' id='par_1_1' title="bbox 611 313 2109 376">
     <span class='ocr_line' id='line_1_1' title="bbox 611 313 2109 376; baseline 0.004 -6"><span class='ocrx_word' id='word_1_1' title='bbox 611 324 730 371; x_wconf 79' lang='lat' dir='ltr'>mv</span> <span class='ocrx_word' id='word_1_2' title='bbox 1688 313 2109 376; x_wconf 77' lang='lat' dir='ltr'>PRAEFATIO</span> 
     </span>
    </p>
   </div>
   <div class='ocr_carea' id='block_1_2' title="bbox 525 490 3205 2629">
    <p class='ocr_par' dir='ltr' id='par_1_2' title="bbox 609 490 3201 1198">
     <span class='ocr_line' id='line_1_2' title="bbox 613 490 3197 587; baseline 0.003 -27"><span class='ocrx_word' id='word_1_3' title='bbox 613 496 1048 584; x_wconf 86' lang='lat' dir='ltr'>discrepantia</span> <span class='ocrx_word' id='word_1_4' title='bbox 1090 506 1191 562; x_wconf 87' lang='lat' dir='ltr'>est</span> <span class='ocrx_word' id='word_1_5' title='bbox 1231 499 1298 562; x_wconf 87' lang='lat' dir='ltr'>in</span> <span class='ocrx_word' id='word_1_6' title='bbox 1341 500 1483 585; x_wconf 87' lang='lat' dir='ltr'>ipso</span> <span class='ocrx_word' id='word_1_7' title='bbox 1513 498 1813 566; x_wconf 83' lang='lat' dir='ltr'>Parisino</span> <span class='ocrx_word' id='word_1_8' title='bbox 1842 499 2085 580; x_wconf 88' lang='lat' dir='ltr'>codice,</span> <span class='ocrx_word' id='word_1_9' title='bbox 2130 521 2215 565; x_wconf 77' lang='lat' dir='ltr'>ex</span> <span class='ocrx_word' id='word_1_10' title='bbox 2242 523 2370 587; x_wconf 92' lang='lat' dir='ltr'>quo</span> <span class='ocrx_word' id='word_1_11' title='bbox 2400 501 2931 567; x_wconf 86' lang='lat' dir='ltr'>commentarium</span> <span class='ocrx_word' id='word_1_12' title='bbox 2960 490 3197 584; x_wconf 86' lang='lat' dir='ltr'>Servii,</span> 
     </span>
     <span class='ocr_line' id='line_1_3' title="bbox 611 600 3201 689; baseline 0.002 -25"><span class='ocrx_word' id='word_1_13' title='bbox 611 600 724 686; x_wconf 89' lang='lat' dir='ltr'>qui</span> <span class='ocrx_word' id='word_1_14' title='bbox 767 600 1024 685; x_wconf 88' lang='lat' dir='ltr'>quidem</span> <span class='ocrx_word' id='word_1_15' title='bbox 1070 624 1241 666; x_wconf 90' lang='lat' dir='ltr'>nunc</span> <span class='ocrx_word' id='word_1_16' title='bbox 1285 610 1607 687; x_wconf 82' lang='lat' dir='ltr'>superest,</span> <span class='ocrx_word' id='word_1_17' title='bbox 1666 600 1870 682; x_wconf 90' lang='lat' dir='ltr'>edidi,</span> <span class='ocrx_word' id='word_1_18' title='bbox 1936 603 2253 688; x_wconf 81' lang='lat' dir='ltr'><strong>siquidem</strong></span> <span class='ocrx_word' id='word_1_19' title='bbox 2306 604 2519 689; x_wconf 85' lang='lat' dir='ltr'>prima</span> <span class='ocrx_word' id='word_1_20' title='bbox 2572 605 2711 669; x_wconf 90' lang='lat' dir='ltr'>eius</span> <span class='ocrx_word' id='word_1_21' title='bbox 2752 605 3201 669; x_wconf 89' lang='lat' dir='ltr'>commentarii</span> 
     </span>
     <span class='ocr_line' id='line_1_4' title="bbox 611 701 3199 790; baseline 0.002 -26"><span class='ocrx_word' id='word_1_22' title='bbox 611 723 763 786; x_wconf 88' lang='lat' dir='ltr'>pars</span> <span class='ocrx_word' id='word_1_23' title='bbox 795 701 1108 786; x_wconf 85' lang='lat' dir='ltr'>inscripta</span> <span class='ocrx_word' id='word_1_24' title='bbox 1134 712 1236 768; x_wconf 89' lang='lat' dir='ltr'>est</span> <span class='ocrx_word' id='word_1_25' title='bbox 1263 724 1414 788; x_wconf 82' lang='lat' dir='ltr'>pars</span> <span class='ocrx_word' id='word_1_26' title='bbox 1448 702 1660 788; x_wconf 81' lang='lat' dir='ltr'>Sergii</span> <span class='ocrx_word' id='word_1_27' title='bbox 1688 703 1737 773; x_wconf 86' lang='lat' dir='ltr'>f.</span> <span class='ocrx_word' id='word_1_28' title='bbox 1775 711 1913 784; x_wconf 88' lang='lat'><strong>156,</strong></span> <span class='ocrx_word' id='word_1_29' title='bbox 1958 705 2024 768; x_wconf 89' lang='lat' dir='ltr'>in</span> <span class='ocrx_word' id='word_1_30' title='bbox 2055 705 2321 790; x_wconf 86' lang='lat' dir='ltr'>reliquis</span> <span class='ocrx_word' id='word_1_31' title='bbox 2356 704 2566 770; x_wconf 88' lang='lat' dir='ltr'>Servii</span> <span class='ocrx_word' id='word_1_32' title='bbox 2603 727 2835 771; x_wconf 87' lang='lat' dir='ltr'>nomen</span> <span class='ocrx_word' id='word_1_33' title='bbox 2866 717 3199 772; x_wconf 83' lang='lat' dir='ltr'>servatum</span> 
     </span>
     <span class='ocr_line' id='line_1_5' title="bbox 615 802 3198 894; baseline 0.002 -27"><span class='ocrx_word' id='word_1_34' title='bbox 615 813 714 869; x_wconf 88' lang='lat' dir='ltr'>est</span> <span class='ocrx_word' id='word_1_35' title='bbox 756 802 804 868; x_wconf 85' lang='lat' dir='ltr'>f.</span> <span class='ocrx_word' id='word_1_36' title='bbox 854 812 969 872; x_wconf 91' lang='lat'>171</span> <span class='ocrx_word' id='word_1_37' title='bbox 1016 814 1080 868; x_wconf 87' lang='lat' dir='ltr'>et</span> <span class='ocrx_word' id='word_1_38' title='bbox 1127 813 1268 876; x_wconf 88' lang='lat'>183.</span> <span class='ocrx_word' id='word_1_39' title='bbox 1315 806 1706 870; x_wconf 78' lang='lat' dir='ltr'>recentiores</span> <span class='ocrx_word' id='word_1_40' title='bbox 1751 815 1967 871; x_wconf 86' lang='lat' dir='ltr'>autem</span> <span class='ocrx_word' id='word_1_41' title='bbox 1995 807 2422 890; x_wconf 81' lang='lat' dir='ltr'>grammatici,</span> <span class='ocrx_word' id='word_1_42' title='bbox 2466 809 2699 894; x_wconf 86' lang='lat' dir='ltr'>siquid,</span> <span class='ocrx_word' id='word_1_43' title='bbox 2742 807 2917 893; x_wconf 90' lang='lat' dir='ltr'>quod</span> <span class='ocrx_word' id='word_1_44' title='bbox 2962 807 3046 872; x_wconf 86' lang='lat' dir='ltr'>ad</span> <span class='ocrx_word' id='word_1_45' title='bbox 3073 807 3198 872; x_wconf 89' lang='lat' dir='ltr'>hos</span> 
     </span>
     <span class='ocr_line' id='line_1_6' title="bbox 612 907 3197 994; baseline 0.002 -25"><span class='ocrx_word' id='word_1_46' title='bbox 612 909 1100 972; x_wconf 83' lang='lat' dir='ltr'>commentarios</span> <span class='ocrx_word' id='word_1_47' title='bbox 1143 907 1326 972; x_wconf 87' lang='lat' dir='ltr'>vario</span> <span class='ocrx_word' id='word_1_48' title='bbox 1372 907 1564 972; x_wconf 90' lang='lat' dir='ltr'>modo</span> <span class='ocrx_word' id='word_1_49' title='bbox 1607 917 1891 973; x_wconf 87' lang='lat' dir='ltr'>mutatos</span> <span class='ocrx_word' id='word_1_50' title='bbox 1943 907 2173 972; x_wconf 80' lang='lat' dir='ltr'>referri</span> <span class='ocrx_word' id='word_1_51' title='bbox 2217 910 2456 994; x_wconf 82' lang='lat' dir='ltr'>possit,</span> <span class='ocrx_word' id='word_1_52' title='bbox 2512 909 2581 974; x_wconf 92' lang='lat' dir='ltr'>in</span> <span class='ocrx_word' id='word_1_53' title='bbox 2637 911 2836 975; x_wconf 90' lang='lat' dir='ltr'>libros</span> <span class='ocrx_word' id='word_1_54' title='bbox 2892 931 2977 974; x_wconf 84' lang='lat' dir='ltr'>ex</span> <span class='ocrx_word' id='word_1_55' title='bbox 3030 911 3197 974; x_wconf 86' lang='lat' dir='ltr'>anti-</span> 
     </span>
     <span class='ocr_line' id='line_1_7' title="bbox 611 1007 3197 1097; baseline 0.002 -26"><span class='ocrx_word' id='word_1_56' title='bbox 611 1007 944 1093; x_wconf 87' lang='lat' dir='ltr'>quioribus</span> <span class='ocrx_word' id='word_1_57' title='bbox 988 1009 1426 1094; x_wconf 80' lang='lat' dir='ltr'>grammaticis</span> <span class='ocrx_word' id='word_1_58' title='bbox 1469 1010 1805 1091; x_wconf 86' lang='lat' dir='ltr'>collectos,</span> <span class='ocrx_word' id='word_1_59' title='bbox 1864 1008 2086 1096; x_wconf 88' lang='lat' dir='ltr'>quales</span> <span class='ocrx_word' id='word_1_60' title='bbox 2139 1010 2327 1075; x_wconf 88' lang='lat' dir='ltr'>multi</span> <span class='ocrx_word' id='word_1_61' title='bbox 2379 1012 2447 1075; x_wconf 93' lang='lat' dir='ltr'>in</span> <span class='ocrx_word' id='word_1_62' title='bbox 2492 1011 2826 1077; x_wconf 81' lang='lat' dir='ltr'>codicibus</span> <span class='ocrx_word' id='word_1_63' title='bbox 2868 1011 3197 1097; x_wconf 90' lang='lat' dir='ltr'>leguntur,</span> 
     </span>
     <span class='ocr_line' id='line_1_8' title="bbox 609 1096 2719 1198; baseline 0.003 -26"><span class='ocrx_word' id='word_1_64' title='bbox 609 1119 1011 1194; x_wconf 79' lang='lat' dir='ltr'>receperunt,-</span> <span class='ocrx_word' id='word_1_65' title='bbox 1058 1110 1270 1196; x_wconf 90' lang='lat' dir='ltr'>Sergii</span> <span class='ocrx_word' id='word_1_66' title='bbox 1300 1113 1406 1178; x_wconf 84' lang='lat' dir='ltr'>vel</span> <span class='ocrx_word' id='word_1_67' title='bbox 1435 1111 1684 1197; x_wconf 89' lang='lat' dir='ltr'>Seregii</span> <span class='ocrx_word' id='word_1_68' title='bbox 1728 1133 1962 1177; x_wconf 90' lang='lat' dir='ltr'>nomen</span> <span class='ocrx_word' id='word_1_69' title='bbox 2004 1096 2445 1198; x_wconf 63' lang='lat' dir='ltr'>praescribere</span> <span class='ocrx_word' id='word_1_70' title='bbox 2490 1113 2719 1179; x_wconf 86' lang='lat' dir='ltr'>solent.</span> 
     </span>
    </p>

    <p class='ocr_par' dir='ltr' id='par_1_3' title="bbox 525 1211 3205 2629">
     <span class='ocr_line' id='line_1_9' title="bbox 787 1211 3203 1302; baseline 0.001 -25"><span class='ocrx_word' id='word_1_71' title='bbox 787 1211 1116 1277; x_wconf 89' lang='lat' dir='ltr'>Libellum</span> <span class='ocrx_word' id='word_1_72' title='bbox 1159 1214 1240 1279; x_wconf 90' lang='lat' dir='ltr'>de</span> <span class='ocrx_word' id='word_1_73' title='bbox 1282 1213 1588 1279; x_wconf 91' lang='lat' dir='ltr'>finalibus</span> <span class='ocrx_word' id='word_1_74' title='bbox 1635 1235 1893 1301; x_wconf 86' lang='lat' dir='ltr'>quoque</span> <span class='ocrx_word' id='word_1_75' title='bbox 1924 1236 1963 1279; x_wconf 86' lang='lat' dir='ltr'>a</span> <span class='ocrx_word' id='word_1_76' title='bbox 1990 1215 2235 1280; x_wconf 86' lang='lat' dir='ltr'>Donati</span> <span class='ocrx_word' id='word_1_77' title='bbox 2264 1217 2629 1302; x_wconf 84' lang='lat' dir='ltr'>praeceptis</span> <span class='ocrx_word' id='word_1_78' title='bbox 2659 1215 3021 1302; x_wconf 85' lang='lat' dir='ltr'>profectum</span> <span class='ocrx_word' id='word_1_79' title='bbox 3052 1239 3203 1281; x_wconf 88' lang='lat' dir='ltr'>esse</span> 
     </span>
     <span class='ocr_line' id='line_1_10' title="bbox 612 1315 3201 1403; baseline 0.002 -26"><span class='ocrx_word' id='word_1_80' title='bbox 612 1315 755 1400; x_wconf 88' lang='lat' dir='ltr'>ipse</span> <span class='ocrx_word' id='word_1_81' title='bbox 800 1315 1076 1401; x_wconf 83' lang='lat' dir='ltr'>scriptor</span> <span class='ocrx_word' id='word_1_82' title='bbox 1119 1315 1514 1401; x_wconf 88' lang='lat' dir='ltr'>significavit</span> <span class='ocrx_word' id='word_1_83' title='bbox 1556 1338 1620 1402; x_wconf 91' lang='lat' dir='ltr'>p.</span> <span class='ocrx_word' id='word_1_84' title='bbox 1668 1323 1812 1398; x_wconf 84' lang='lat'>449,</span> <span class='ocrx_word' id='word_1_85' title='bbox 1859 1323 1921 1385; x_wconf 89' lang='grc'>6.</span> <span class='ocrx_word' id='word_1_86' title='bbox 1976 1317 2129 1380; x_wconf 81' lang='lat' dir='ltr'>nam</span> <span class='ocrx_word' id='word_1_87' title='bbox 2182 1339 2349 1403; x_wconf 90' lang='lat' dir='ltr'>quae</span> <span class='ocrx_word' id='word_1_88' title='bbox 2400 1318 2469 1381; x_wconf 91' lang='lat' dir='ltr'>in</span> <span class='ocrx_word' id='word_1_89' title='bbox 2513 1317 2757 1382; x_wconf 87' lang='lat' dir='ltr'>Donati</span> <span class='ocrx_word' id='word_1_90' title='bbox 2802 1327 2939 1382; x_wconf 85' lang='lat' dir='ltr'>arte</span> <span class='ocrx_word' id='word_1_91' title='bbox 2982 1318 3201 1382; x_wconf 88' lang='lat' dir='ltr'>brevi-</span> 
     </span>
     <span class='ocr_line' id='line_1_11' title="bbox 611 1416 3205 1506; baseline 0.002 -26"><span class='ocrx_word' id='word_1_92' title='bbox 611 1425 711 1480; x_wconf 86' lang='lat' dir='ltr'>ter</span> <span class='ocrx_word' id='word_1_93' title='bbox 750 1416 1061 1499; x_wconf 89' lang='lat' dir='ltr'>indicata,</span> <span class='ocrx_word' id='word_1_94' title='bbox 1113 1438 1267 1482; x_wconf 86' lang='lat' dir='ltr'>mox</span> <span class='ocrx_word' id='word_1_95' title='bbox 1308 1419 1376 1483; x_wconf 89' lang='lat' dir='ltr'>in</span> <span class='ocrx_word' id='word_1_96' title='bbox 1417 1418 1895 1483; x_wconf 89' lang='lat' dir='ltr'>commentariis</span> <span class='ocrx_word' id='word_1_97' title='bbox 1942 1418 2025 1483; x_wconf 89' lang='lat' dir='ltr'>ad</span> <span class='ocrx_word' id='word_1_98' title='bbox 2071 1439 2212 1482; x_wconf 86' lang='lat' dir='ltr'>eam</span> <span class='ocrx_word' id='word_1_99' title='bbox 2256 1420 2513 1506; x_wconf 88' lang='lat' dir='ltr'>scriptis</span> <span class='ocrx_word' id='word_1_100' title='bbox 2558 1419 2821 1486; x_wconf 86' lang='lat' dir='ltr'>uberius</span> <span class='ocrx_word' id='word_1_101' title='bbox 2866 1419 3205 1506; x_wconf 83' lang='lat' dir='ltr'>explicata</span> 
     </span>
     <span class='ocr_line' id='line_1_12' title="bbox 613 1518 3203 1606; baseline 0.002 -25"><span class='ocrx_word' id='word_1_102' title='bbox 613 1527 817 1599; x_wconf 88' lang='lat' dir='ltr'>erant,</span> <span class='ocrx_word' id='word_1_103' title='bbox 859 1518 969 1584; x_wconf 89' lang='lat' dir='ltr'>hic</span> <span class='ocrx_word' id='word_1_104' title='bbox 1009 1519 1078 1586; x_wconf 88' lang='lat' dir='ltr'>in</span> <span class='ocrx_word' id='word_1_105' title='bbox 1132 1521 1562 1606; x_wconf 87' lang='lat' dir='ltr'>conpendium</span> <span class='ocrx_word' id='word_1_106' title='bbox 1618 1519 1887 1585; x_wconf 88' lang='lat' dir='ltr'>redacta</span> <span class='ocrx_word' id='word_1_107' title='bbox 1940 1529 2111 1584; x_wconf 91' lang='lat' dir='ltr'>sunt.</span> <span class='ocrx_word' id='word_1_108' title='bbox 2168 1542 2401 1585; x_wconf 88' lang='lat' dir='ltr'>nomen</span> <span class='ocrx_word' id='word_1_109' title='bbox 2455 1523 2737 1586; x_wconf 88' lang='lat' dir='ltr'>auctoris</span> <span class='ocrx_word' id='word_1_110' title='bbox 2795 1532 3011 1587; x_wconf 86' lang='lat' dir='ltr'>autem</span> <span class='ocrx_word' id='word_1_111' title='bbox 3062 1545 3203 1588; x_wconf 84' lang='lat' dir='ltr'>non</span> 
     </span>
     <span class='ocr_line' id='line_1_13' title="bbox 615 1619 3203 1709; baseline 0.002 -25"><span class='ocrx_word' id='word_1_112' title='bbox 615 1619 827 1685; x_wconf 91' lang='lat' dir='ltr'>solum</span> <span class='ocrx_word' id='word_1_113' title='bbox 867 1622 934 1684; x_wconf 93' lang='lat' dir='ltr'>in</span> <span class='ocrx_word' id='word_1_114' title='bbox 978 1620 1314 1687; x_wconf 87' lang='lat' dir='ltr'>codicibus</span> <span class='ocrx_word' id='word_1_115' title='bbox 1357 1631 1730 1687; x_wconf 84' lang='lat' dir='ltr'>constanter</span> <span class='ocrx_word' id='word_1_116' title='bbox 1773 1623 2088 1709; x_wconf 88' lang='lat' dir='ltr'>scriptum</span> <span class='ocrx_word' id='word_1_117' title='bbox 2142 1632 2242 1687; x_wconf 88' lang='lat' dir='ltr'>est</span> <span class='ocrx_word' id='word_1_118' title='bbox 2295 1622 2562 1688; x_wconf 85' lang='lat' dir='ltr'>Servius</span> <span class='ocrx_word' id='word_1_119' title='bbox 2606 1624 3011 1706; x_wconf 82' lang='lat' dir='ltr'>Honoratus,</span> <span class='ocrx_word' id='word_1_120' title='bbox 3066 1625 3203 1690; x_wconf 89' lang='lat' dir='ltr'>nisi</span> 
     </span>
     <span class='ocr_line' id='line_1_14' title="bbox 615 1723 3203 1808; baseline 0.001 -22"><span class='ocrx_word' id='word_1_121' title='bbox 615 1723 789 1808; x_wconf 89' lang='lat' dir='ltr'>quod</span> <span class='ocrx_word' id='word_1_122' title='bbox 831 1723 901 1788; x_wconf 92' lang='lat' dir='ltr'>in</span> <span class='ocrx_word' id='word_1_123' title='bbox 942 1745 1071 1788; x_wconf 89' lang='lat' dir='ltr'>uno</span> <span class='ocrx_word' id='word_1_124' title='bbox 1115 1723 1525 1789; x_wconf 87' lang='lat' dir='ltr'>Emmeramo</span> <span class='ocrx_word' id='word_1_125' title='bbox 1571 1726 1767 1806; x_wconf 85' lang='lat' dir='ltr'>etiam</span> <span class='ocrx_word' id='word_1_126' title='bbox 1808 1724 2003 1789; x_wconf 87' lang='lat' dir='ltr'>Marii</span> <span class='ocrx_word' id='word_1_127' title='bbox 2044 1745 2277 1789; x_wconf 88' lang='lat' dir='ltr'>nomen</span> <span class='ocrx_word' id='word_1_128' title='bbox 2320 1725 2613 1790; x_wconf 88' lang='lat' dir='ltr'>additum</span> <span class='ocrx_word' id='word_1_129' title='bbox 2658 1735 2786 1808; x_wconf 90' lang='lat' dir='ltr'>est,</span> <span class='ocrx_word' id='word_1_130' title='bbox 2842 1726 2957 1792; x_wconf 88' lang='lat' dir='ltr'>sed</span> <span class='ocrx_word' id='word_1_131' title='bbox 3000 1728 3203 1792; x_wconf 86' lang='lat' dir='ltr'>etiam</span> 
     </span>
     <span class='ocr_line' id='line_1_15' title="bbox 613 1825 3205 1915; baseline 0 -25"><span class='ocrx_word' id='word_1_132' title='bbox 613 1825 1031 1890; x_wconf 85' lang='lat' dir='ltr'>confirmatur</span> <span class='ocrx_word' id='word_1_133' title='bbox 1075 1848 1116 1890; x_wconf 91' lang='lat' dir='ltr'>a</span> <span class='ocrx_word' id='word_1_134' title='bbox 1155 1828 1614 1911; x_wconf 85' lang='lat' dir='ltr'>grammaticis,</span> <span class='ocrx_word' id='word_1_135' title='bbox 1661 1829 1772 1914; x_wconf 89' lang='lat' dir='ltr'>qui</span> <span class='ocrx_word' id='word_1_136' title='bbox 1816 1827 1884 1891; x_wconf 91' lang='lat' dir='ltr'>in</span> <span class='ocrx_word' id='word_1_137' title='bbox 1926 1827 2006 1891; x_wconf 91' lang='lat' dir='ltr'>iis</span> <span class='ocrx_word' id='word_1_138' title='bbox 2036 1849 2205 1914; x_wconf 86' lang='lat' dir='ltr'>quae</span> <span class='ocrx_word' id='word_1_139' title='bbox 2248 1849 2333 1892; x_wconf 87' lang='lat' dir='ltr'>ex</span> <span class='ocrx_word' id='word_1_140' title='bbox 2362 1827 2485 1892; x_wconf 91' lang='lat' dir='ltr'>hoc</span> <span class='ocrx_word' id='word_1_141' title='bbox 2513 1827 2679 1894; x_wconf 91' lang='lat' dir='ltr'>libro</span> <span class='ocrx_word' id='word_1_142' title='bbox 2711 1829 3205 1915; x_wconf 89' lang='lat' dir='ltr'>descripserunt</span> 
     </span>
     <span class='ocr_line' id='line_1_16' title="bbox 612 1927 3200 2014; baseline 0.002 -23"><span class='ocrx_word' id='word_1_143' title='bbox 612 1927 720 1991; x_wconf 90' lang='lat' dir='ltr'>vel</span> <span class='ocrx_word' id='word_1_144' title='bbox 762 1927 975 1992; x_wconf 84' lang='lat' dir='ltr'>Servii</span> <span class='ocrx_word' id='word_1_145' title='bbox 1019 1928 1123 1994; x_wconf 87' lang='lat' dir='ltr'>vel</span> <span class='ocrx_word' id='word_1_146' title='bbox 1166 1929 1486 1994; x_wconf 84' lang='lat' dir='ltr'>Honorati</span> <span class='ocrx_word' id='word_1_147' title='bbox 1529 1931 1785 1994; x_wconf 87' lang='lat' dir='ltr'>nominc</span> <span class='ocrx_word' id='word_1_148' title='bbox 1828 1936 2119 1994; x_wconf 85' lang='lat' dir='ltr'>utuntur.</span> <span class='ocrx_word' id='word_1_149' title='bbox 2188 1929 2401 2014; x_wconf 84' lang='lat' dir='ltr'>Sergii</span> <span class='ocrx_word' id='word_1_150' title='bbox 2444 1931 2616 1995; x_wconf 84' lang='lat' dir='ltr'>enim</span> <span class='ocrx_word' id='word_1_151' title='bbox 2658 1952 2891 1996; x_wconf 88' lang='lat' dir='ltr'>nomen</span> <span class='ocrx_word' id='word_1_152' title='bbox 2932 1953 3061 1996; x_wconf 88' lang='lat' dir='ltr'>non</span> <span class='ocrx_word' id='word_1_153' title='bbox 3107 1931 3200 1995; x_wconf 91' lang='lat' dir='ltr'>le-</span> 
     </span>
     <span class='ocr_line' id='line_1_17' title="bbox 611 2029 3197 2118; baseline 0.002 -24"><span class='ocrx_word' id='word_1_154' title='bbox 611 2030 788 2113; x_wconf 88' lang='lat' dir='ltr'>gitur</span> <span class='ocrx_word' id='word_1_155' title='bbox 829 2029 955 2094; x_wconf 89' lang='lat' dir='ltr'>nisi</span> <span class='ocrx_word' id='word_1_156' title='bbox 999 2031 1064 2094; x_wconf 91' lang='lat' dir='ltr'>in</span> <span class='ocrx_word' id='word_1_157' title='bbox 1109 2033 1568 2096; x_wconf 86' lang='lat' dir='ltr'>commentario</span> <span class='ocrx_word' id='word_1_158' title='bbox 1623 2031 1708 2096; x_wconf 90' lang='lat' dir='ltr'>ad</span> <span class='ocrx_word' id='word_1_159' title='bbox 1749 2030 2069 2096; x_wconf 89' lang='lat' dir='ltr'>Basilium</span> <span class='ocrx_word' id='word_1_160' title='bbox 2122 2032 2362 2117; x_wconf 89' lang='lat' dir='ltr'>scripto</span> <span class='ocrx_word' id='word_1_161' title='bbox 2372 2079 2391 2112; x_wconf 91' lang='lat'>,</span> <span class='ocrx_word' id='word_1_162' title='bbox 2450 2033 2563 2118; x_wconf 92' lang='lat' dir='ltr'>qui</span> <span class='ocrx_word' id='word_1_163' title='bbox 2618 2033 2830 2098; x_wconf 86' lang='lat' dir='ltr'>Servii</span> <span class='ocrx_word' id='word_1_164' title='bbox 2872 2033 3197 2098; x_wconf 85' lang='lat' dir='ltr'>Honorati</span> 
     </span>
     <span class='ocr_line' id='line_1_18' title="bbox 525 2131 3199 2226; baseline 0.003 -32"><span class='ocrx_word' id='word_1_165' title='bbox 525 2211 536 2226; x_wconf 46' lang='grc'><strong>.</strong></span> <span class='ocrx_word' id='word_1_166' title='bbox 609 2131 776 2196; x_wconf 88' lang='lat' dir='ltr'>libro</span> <span class='ocrx_word' id='word_1_167' title='bbox 821 2153 906 2196; x_wconf 86' lang='lat' dir='ltr'>ex</span> <span class='ocrx_word' id='word_1_168' title='bbox 947 2141 1135 2218; x_wconf 86' lang='lat' dir='ltr'>parte</span> <span class='ocrx_word' id='word_1_169' title='bbox 1177 2133 1440 2220; x_wconf 89' lang='lat' dir='ltr'>quidem</span> <span class='ocrx_word' id='word_1_170' title='bbox 1485 2133 1741 2213; x_wconf 88' lang='lat' dir='ltr'>similis,</span> <span class='ocrx_word' id='word_1_171' title='bbox 1800 2132 1914 2198; x_wconf 89' lang='lat' dir='ltr'>sed</span> <span class='ocrx_word' id='word_1_172' title='bbox 1970 2142 2185 2198; x_wconf 89' lang='lat' dir='ltr'>tamen</span> <span class='ocrx_word' id='word_1_173' title='bbox 2240 2134 2399 2198; x_wconf 85' lang='lat' dir='ltr'>satis</span> <span class='ocrx_word' id='word_1_174' title='bbox 2442 2133 2526 2198; x_wconf 89' lang='lat' dir='ltr'>ab</span> <span class='ocrx_word' id='word_1_175' title='bbox 2569 2132 2681 2198; x_wconf 92' lang='lat' dir='ltr'>illo</span> <span class='ocrx_word' id='word_1_176' title='bbox 2727 2133 3026 2200; x_wconf 88' lang='lat' dir='ltr'>diversus</span> <span class='ocrx_word' id='word_1_177' title='bbox 3070 2147 3199 2201; x_wconf 90' lang='lat' dir='ltr'>est.</span> 
     </span>
     <span class='ocr_line' id='line_1_19' title="bbox 609 2233 3203 2324; baseline 0.002 -26"><span class='ocrx_word' id='word_1_178' title='bbox 609 2233 762 2298; x_wconf 88' lang='lat' dir='ltr'>hinc</span> <span class='ocrx_word' id='word_1_179' title='bbox 805 2233 1233 2320; x_wconf 89' lang='lat' dir='ltr'>intellegitur,</span> <span class='ocrx_word' id='word_1_180' title='bbox 1292 2236 1447 2323; x_wconf 89' lang='lat' dir='ltr'>quid</span> <span class='ocrx_word' id='word_1_181' title='bbox 1502 2235 1921 2302; x_wconf 88' lang='lat' dir='ltr'>iudicandum</span> <span class='ocrx_word' id='word_1_182' title='bbox 1978 2237 2063 2300; x_wconf 87' lang='lat' dir='ltr'>sit</span> <span class='ocrx_word' id='word_1_183' title='bbox 2117 2235 2197 2300; x_wconf 90' lang='lat' dir='ltr'>de</span> <span class='ocrx_word' id='word_1_184' title='bbox 2242 2236 2493 2302; x_wconf 86' lang='lat' dir='ltr'>Osanni</span> <span class='ocrx_word' id='word_1_185' title='bbox 2552 2238 2891 2320; x_wconf 88' lang='lat' dir='ltr'>sententia,</span> <span class='ocrx_word' id='word_1_186' title='bbox 2959 2239 3071 2324; x_wconf 91' lang='lat' dir='ltr'>qui</span> <span class='ocrx_word' id='word_1_187' title='bbox 3124 2239 3203 2302; x_wconf 88' lang='lat' dir='ltr'>in</span> 
     </span>
     <span class='ocr_line' id='line_1_20' title="bbox 613 2336 3201 2426; baseline 0.002 -27"><span class='ocrx_word' id='word_1_188' title='bbox 613 2337 887 2421; x_wconf 88' lang='lat' dir='ltr'>symbol.</span> <span class='ocrx_word' id='word_1_189' title='bbox 935 2336 1128 2402; x_wconf 88' lang='lat' dir='ltr'>litter.</span> <span class='ocrx_word' id='word_1_190' title='bbox 1185 2337 1317 2402; x_wconf 88' lang='lat' dir='ltr'>vol.</span> <span class='ocrx_word' id='word_1_191' title='bbox 1375 2339 1447 2403; x_wconf 95' lang='lat' dir='ltr'>II</span> <span class='ocrx_word' id='word_1_192' title='bbox 1503 2361 1566 2423; x_wconf 90' lang='lat' dir='ltr'>p.</span> <span class='ocrx_word' id='word_1_193' title='bbox 1624 2347 1747 2410; x_wconf 88' lang='lat'>378</span> <span class='ocrx_word' id='word_1_194' title='bbox 1805 2349 2149 2425; x_wconf 88' lang='lat' dir='ltr'>utrumque</span> <span class='ocrx_word' id='word_1_195' title='bbox 2205 2337 2445 2402; x_wconf 89' lang='lat' dir='ltr'>librum</span> <span class='ocrx_word' id='word_1_196' title='bbox 2501 2361 2541 2403; x_wconf 89' lang='lat' dir='ltr'>a</span> <span class='ocrx_word' id='word_1_197' title='bbox 2595 2337 2822 2404; x_wconf 87' lang='lat' dir='ltr'>Servio</span> <span class='ocrx_word' id='word_1_198' title='bbox 2880 2340 3201 2426; x_wconf 84' lang='lat' dir='ltr'>scriptum</span> 
     </span>
     <span class='ocr_line' id='line_1_21' title="bbox 613 2429 3201 2526; baseline 0.001 -24"><span class='ocrx_word' id='word_1_199' title='bbox 613 2461 754 2502; x_wconf 90' lang='lat' dir='ltr'>esse</span> <span class='ocrx_word' id='word_1_200' title='bbox 797 2439 1150 2504; x_wconf 86' lang='lat' dir='ltr'>contendit.</span> <span class='ocrx_word' id='word_1_201' title='bbox 1197 2441 1433 2505; x_wconf 89' lang='lat' dir='ltr'>etenim</span> <span class='ocrx_word' id='word_1_202' title='bbox 1477 2440 1650 2526; x_wconf 91' lang='lat' dir='ltr'>quod</span> <span class='ocrx_word' id='word_1_203' title='bbox 1693 2463 1775 2504; x_wconf 91' lang='lat' dir='ltr'>ne</span> <span class='ocrx_word' id='word_1_204' title='bbox 1819 2440 2115 2506; x_wconf 85' lang='lat' dir='ltr'>codicum</span> <span class='ocrx_word' id='word_1_205' title='bbox 2158 2440 2419 2526; x_wconf 89' lang='lat' dir='ltr'>quidem</span> <span class='ocrx_word' id='word_1_206' title='bbox 2463 2429 2847 2506; x_wconf 73' lang='lat' dir='ltr'>auctoritate</span> <span class='ocrx_word' id='word_1_207' title='bbox 2876 2465 3201 2508; x_wconf 89' lang='lat' dir='ltr'>commen-</span> 
     </span>
     <span class='ocr_line' id='line_1_22' title="bbox 613 2540 3200 2629; baseline 0.002 -25"><span class='ocrx_word' id='word_1_208' title='bbox 613 2540 824 2622; x_wconf 86' lang='lat' dir='ltr'>datur,</span> <span class='ocrx_word' id='word_1_209' title='bbox 869 2541 938 2606; x_wconf 92' lang='lat' dir='ltr'>id</span> <span class='ocrx_word' id='word_1_210' title='bbox 980 2540 1091 2606; x_wconf 88' lang='lat' dir='ltr'>ille</span> <span class='ocrx_word' id='word_1_211' title='bbox 1135 2543 1397 2606; x_wconf 88' lang='lat' dir='ltr'>incertis</span> <span class='ocrx_word' id='word_1_212' title='bbox 1442 2544 1838 2626; x_wconf 84' lang='lat' dir='ltr'>argumentis</span> <span class='ocrx_word' id='word_1_213' title='bbox 1883 2540 2233 2607; x_wconf 80' lang='lat' dir='ltr'>defendere</span> <span class='ocrx_word' id='word_1_214' title='bbox 2277 2551 2546 2607; x_wconf 89' lang='lat' dir='ltr'>conatus</span> <span class='ocrx_word' id='word_1_215' title='bbox 2591 2551 2709 2607; x_wconf 89' lang='lat' dir='ltr'>est.</span> <span class='ocrx_word' id='word_1_216' title='bbox 2751 2544 2946 2609; x_wconf 91' lang='lat' dir='ltr'>immo</span> <span class='ocrx_word' id='word_1_217' title='bbox 2982 2543 3200 2629; x_wconf 86' lang='lat' dir='ltr'>Sergii</span> 
     </span>
    </p>
   </div>
   <div class='ocr_carea' id='block_1_3' title="bbox 613 2643 3307 2727">
    <p class='ocr_par' dir='ltr' id='par_1_4' title="bbox 613 2643 3307 2727">
     <span class='ocr_line' id='line_1_23' title="bbox 613 2643 3307 2727; baseline 0.002 -21"><span class='ocrx_word' id='word_1_218' title='bbox 613 2643 810 2709; x_wconf 87' lang='lat' dir='ltr'>etiam</span> <span class='ocrx_word' id='word_1_219' title='bbox 854 2665 1110 2724; x_wconf 86' lang='lat' dir='ltr'>nomen,</span> <span class='ocrx_word' id='word_1_220' title='bbox 1154 2651 1228 2708; x_wconf 89' lang='lat' dir='ltr'>ut</span> <span class='ocrx_word' id='word_1_221' title='bbox 1270 2643 1480 2709; x_wconf 85' lang='lat' dir='ltr'>levem</span> <span class='ocrx_word' id='word_1_222' title='bbox 1525 2645 1979 2708; x_wconf 87' lang='lat' dir='ltr'>auctoritatem</span> <span class='ocrx_word' id='word_1_223' title='bbox 2022 2646 2089 2709; x_wconf 92' lang='lat' dir='ltr'>in</span> <span class='ocrx_word' id='word_1_224' title='bbox 2132 2645 2258 2710; x_wconf 88' lang='lat' dir='ltr'>isto</span> <span class='ocrx_word' id='word_1_225' title='bbox 2303 2644 2468 2709; x_wconf 92' lang='lat' dir='ltr'>libro</span> <span class='ocrx_word' id='word_1_226' title='bbox 2512 2644 2741 2727; x_wconf 86' lang='lat' dir='ltr'>habet,</span> <span class='ocrx_word' id='word_1_227' title='bbox 2800 2647 2897 2710; x_wconf 85' lang='lat' dir='ltr'>ita</span> <span class='ocrx_word' id='word_1_228' title='bbox 2938 2668 3063 2710; x_wconf 88' lang='lat' dir='ltr'>non</span> <span class='ocrx_word' id='word_1_229' title='bbox 3111 2668 3201 2711; x_wconf 85' lang='lat' dir='ltr'>ex</span> <span class='ocrx_word' id='word_1_230' title='bbox 3302 2687 3307 2692; x_wconf 84' lang='lat'><strong>Î‡</strong></span> 
     </span>
    </p>
   </div>
   <div class='ocr_carea' id='block_1_4' title="bbox 610 2746 3204 3751">
    <p class='ocr_par' dir='ltr' id='par_1_5' title="bbox 610 2746 3204 3751">
     <span class='ocr_line' id='line_1_24' title="bbox 613 2746 3204 2834; baseline 0.003 -27"><span class='ocrx_word' id='word_1_231' title='bbox 613 2746 976 2832; x_wconf 87' lang='lat' dir='ltr'>antiquiore</span> <span class='ocrx_word' id='word_1_232' title='bbox 1021 2754 1308 2832; x_wconf 80' lang='lat' dir='ltr'>ternpore</span> <span class='ocrx_word' id='word_1_233' title='bbox 1351 2755 1803 2833; x_wconf 88' lang='lat' dir='ltr'>propagatum,</span> <span class='ocrx_word' id='word_1_234' title='bbox 1872 2746 1986 2811; x_wconf 89' lang='lat' dir='ltr'>sed</span> <span class='ocrx_word' id='word_1_235' title='bbox 2028 2747 2251 2811; x_wconf 84' lang='lat' dir='ltr'>infima</span> <span class='ocrx_word' id='word_1_236' title='bbox 2294 2754 2509 2812; x_wconf 88' lang='lat' dir='ltr'>aetate</span> <span class='ocrx_word' id='word_1_237' title='bbox 2552 2769 2683 2811; x_wconf 88' lang='lat' dir='ltr'>una</span> <span class='ocrx_word' id='word_1_238' title='bbox 2724 2769 2871 2812; x_wconf 91' lang='lat' dir='ltr'>cum</span> <span class='ocrx_word' id='word_1_239' title='bbox 2915 2747 3204 2834; x_wconf 84' lang='lat' dir='ltr'>epistula</span> 
     </span>
     <span class='ocr_line' id='line_1_25' title="bbox 615 2846 3203 2936; baseline 0.002 -26"><span class='ocrx_word' id='word_1_240' title='bbox 615 2870 698 2911; x_wconf 86' lang='lat' dir='ltr'>ex</span> <span class='ocrx_word' id='word_1_241' title='bbox 742 2846 954 2912; x_wconf 87' lang='lat' dir='ltr'>Servii</span> <span class='ocrx_word' id='word_1_242' title='bbox 997 2848 1318 2913; x_wconf 86' lang='lat' dir='ltr'>Honorati</span> <span class='ocrx_word' id='word_1_243' title='bbox 1362 2848 1578 2913; x_wconf 90' lang='lat' dir='ltr'>libcllo</span> <span class='ocrx_word' id='word_1_244' title='bbox 1623 2850 1831 2936; x_wconf 90' lang='lat' dir='ltr'>petita</span> <span class='ocrx_word' id='word_1_245' title='bbox 1872 2849 2135 2914; x_wconf 85' lang='lat' dir='ltr'>videtur</span> <span class='ocrx_word' id='word_1_246' title='bbox 2185 2849 2481 2914; x_wconf 89' lang='lat' dir='ltr'>additum</span> <span class='ocrx_word' id='word_1_247' title='bbox 2534 2871 2697 2915; x_wconf 88' lang='lat' dir='ltr'>esse.</span> <span class='ocrx_word' id='word_1_248' title='bbox 2750 2861 2977 2918; x_wconf 87' lang='lat' dir='ltr'>contra</span> <span class='ocrx_word' id='word_1_249' title='bbox 3027 2849 3203 2916; x_wconf 90' lang='lat' dir='ltr'>liber</span> 
     </span>
     <span class='ocr_line' id='line_1_26' title="bbox 617 2947 3199 3038; baseline 0.002 -26"><span class='ocrx_word' id='word_1_250' title='bbox 617 2947 700 3013; x_wconf 94' lang='lat' dir='ltr'>de</span> <span class='ocrx_word' id='word_1_251' title='bbox 745 2948 964 3015; x_wconf 88' lang='lat' dir='ltr'>littera</span> <span class='ocrx_word' id='word_1_252' title='bbox 1006 2950 1086 3015; x_wconf 88' lang='lat' dir='ltr'>de</span> <span class='ocrx_word' id='word_1_253' title='bbox 1131 2949 1386 3036; x_wconf 84' lang='lat' dir='ltr'>syllaba</span> <span class='ocrx_word' id='word_1_254' title='bbox 1429 2951 1509 3015; x_wconf 92' lang='lat' dir='ltr'>dc</span> <span class='ocrx_word' id='word_1_255' title='bbox 1551 2951 1829 3038; x_wconf 88' lang='lat' dir='ltr'>pedibus</span> <span class='ocrx_word' id='word_1_256' title='bbox 1875 2950 1955 3016; x_wconf 89' lang='lat' dir='ltr'>de</span> <span class='ocrx_word' id='word_1_257' title='bbox 2011 2951 2387 3016; x_wconf 84' lang='lat' dir='ltr'>accentibus</span> <span class='ocrx_word' id='word_1_258' title='bbox 2444 2950 2527 3016; x_wconf 91' lang='lat' dir='ltr'>de</span> <span class='ocrx_word' id='word_1_259' title='bbox 2582 2953 3023 3033; x_wconf 86' lang='lat' dir='ltr'>distinctione,</span> <span class='ocrx_word' id='word_1_260' title='bbox 3080 2955 3199 3038; x_wconf 90' lang='lat' dir='ltr'>qui</span> 
     </span>
     <span class='ocr_line' id='line_1_27' title="bbox 610 3052 3197 3140; baseline 0.002 -26"><span class='ocrx_word' id='word_1_261' title='bbox 610 3053 754 3137; x_wconf 88' lang='lat' dir='ltr'>ipse</span> <span class='ocrx_word' id='word_1_262' title='bbox 818 3074 1074 3138; x_wconf 90' lang='lat' dir='ltr'>quoque</span> <span class='ocrx_word' id='word_1_263' title='bbox 1130 3052 1376 3118; x_wconf 85' lang='lat' dir='ltr'>Donati</span> <span class='ocrx_word' id='word_1_264' title='bbox 1442 3053 1805 3119; x_wconf 87' lang='lat' dir='ltr'>doctrinam</span> <span class='ocrx_word' id='word_1_265' title='bbox 1866 3052 2159 3140; x_wconf 84' lang='lat' dir='ltr'>sequitur</span> <span class='ocrx_word' id='word_1_266' title='bbox 2221 3064 2286 3119; x_wconf 90' lang='lat' dir='ltr'>et</span> <span class='ocrx_word' id='word_1_267' title='bbox 2348 3076 2497 3118; x_wconf 89' lang='lat' dir='ltr'>cum</span> <span class='ocrx_word' id='word_1_268' title='bbox 2552 3053 2765 3119; x_wconf 88' lang='lat' dir='ltr'>Servii</span> <span class='ocrx_word' id='word_1_269' title='bbox 2827 3054 2936 3120; x_wconf 86' lang='lat' dir='ltr'>vel</span> <span class='ocrx_word' id='word_1_270' title='bbox 2978 3054 3197 3138; x_wconf 89' lang='lat' dir='ltr'>Sergii</span> 
     </span>
     <span class='ocr_line' id='line_1_28' title="bbox 615 3154 3199 3242; baseline 0 -22"><span class='ocrx_word' id='word_1_271' title='bbox 615 3156 1092 3220; x_wconf 88' lang='lat' dir='ltr'>commentariis</span> <span class='ocrx_word' id='word_1_272' title='bbox 1157 3154 1538 3241; x_wconf 87' lang='lat' dir='ltr'>plerumque</span> <span class='ocrx_word' id='word_1_273' title='bbox 1601 3157 1953 3236; x_wconf 85' lang='lat' dir='ltr'>consentit,</span> <span class='ocrx_word' id='word_1_274' title='bbox 2020 3163 2086 3220; x_wconf 91' lang='lat' dir='ltr'>et</span> <span class='ocrx_word' id='word_1_275' title='bbox 2134 3155 2205 3219; x_wconf 92' lang='lat' dir='ltr'>in</span> <span class='ocrx_word' id='word_1_276' title='bbox 2260 3154 2593 3220; x_wconf 89' lang='lat' dir='ltr'>codicibus</span> <span class='ocrx_word' id='word_1_277' title='bbox 2648 3165 2714 3220; x_wconf 90' lang='lat' dir='ltr'>et</span> <span class='ocrx_word' id='word_1_278' title='bbox 2756 3155 2821 3220; x_wconf 91' lang='lat' dir='ltr'>in</span> <span class='ocrx_word' id='word_1_279' title='bbox 2868 3159 3199 3242; x_wconf 84' lang='lat' dir='ltr'>excerptis</span> 
     </span>
     <span class='ocr_line' id='line_1_29' title="bbox 612 3257 3201 3343; baseline 0.001 -23"><span class='ocrx_word' id='word_1_280' title='bbox 612 3258 1200 3340; x_wconf 85' lang='lat' dir='ltr'>grammaticorum,</span> <span class='ocrx_word' id='word_1_281' title='bbox 1246 3259 1314 3321; x_wconf 91' lang='lat' dir='ltr'>in</span> <span class='ocrx_word' id='word_1_282' title='bbox 1358 3280 1524 3343; x_wconf 89' lang='lat' dir='ltr'>quae</span> <span class='ocrx_word' id='word_1_283' title='bbox 1567 3258 1775 3323; x_wconf 90' lang='lat' dir='ltr'>multa</span> <span class='ocrx_word' id='word_1_284' title='bbox 1818 3280 1902 3323; x_wconf 83' lang='lat' dir='ltr'>ex</span> <span class='ocrx_word' id='word_1_285' title='bbox 1945 3279 2020 3322; x_wconf 93' lang='lat' dir='ltr'>eo</span> <span class='ocrx_word' id='word_1_286' title='bbox 2065 3257 2231 3322; x_wconf 90' lang='lat' dir='ltr'>libro</span> <span class='ocrx_word' id='word_1_287' title='bbox 2276 3265 2540 3343; x_wconf 88' lang='lat' dir='ltr'>recepta</span> <span class='ocrx_word' id='word_1_288' title='bbox 2582 3268 2762 3340; x_wconf 87' lang='lat' dir='ltr'>sunt,</span> <span class='ocrx_word' id='word_1_289' title='bbox 2820 3268 3201 3324; x_wconf 85' lang='lat' dir='ltr'>constanter</span> 
     </span>
     <span class='ocr_line' id='line_1_30' title="bbox 614 3357 3197 3447; baseline 0 -25"><span class='ocrx_word' id='word_1_290' title='bbox 614 3357 838 3442; x_wconf 87' lang='lat' dir='ltr'>Sergio</span> <span class='ocrx_word' id='word_1_291' title='bbox 883 3358 988 3422; x_wconf 90' lang='lat' dir='ltr'>vel</span> <span class='ocrx_word' id='word_1_292' title='bbox 1035 3358 1299 3444; x_wconf 90' lang='lat' dir='ltr'>Seregio</span> <span class='ocrx_word' id='word_1_293' title='bbox 1343 3359 1672 3424; x_wconf 86' lang='lat' dir='ltr'>tribuitur.</span> <span class='ocrx_word' id='word_1_294' title='bbox 1726 3380 1927 3447; x_wconf 88' lang='lat' dir='ltr'>quare</span> <span class='ocrx_word' id='word_1_295' title='bbox 1980 3358 2161 3424; x_wconf 89' lang='lat' dir='ltr'>haud</span> <span class='ocrx_word' id='word_1_296' title='bbox 2217 3361 2353 3424; x_wconf 91' lang='lat' dir='ltr'>scio</span> <span class='ocrx_word' id='word_1_297' title='bbox 2408 3381 2491 3424; x_wconf 91' lang='lat' dir='ltr'>an</span> <span class='ocrx_word' id='word_1_298' title='bbox 2545 3359 2707 3425; x_wconf 89' lang='lat' dir='ltr'>haec</span> <span class='ocrx_word' id='word_1_299' title='bbox 2764 3361 2849 3424; x_wconf 91' lang='lat' dir='ltr'>sit</span> <span class='ocrx_word' id='word_1_300' title='bbox 2902 3361 3041 3425; x_wconf 88' lang='lat' dir='ltr'>eius</span> <span class='ocrx_word' id='word_1_301' title='bbox 3084 3383 3197 3425; x_wconf 89' lang='lat' dir='ltr'>no-</span> 
     </span>
     <span class='ocr_line' id='line_1_31' title="bbox 611 3459 3199 3548; baseline 0.002 -26"><span class='ocrx_word' id='word_1_302' title='bbox 611 3461 800 3524; x_wconf 90' lang='lat' dir='ltr'>minis</span> <span class='ocrx_word' id='word_1_303' title='bbox 847 3462 1048 3545; x_wconf 87' lang='lat' dir='ltr'>origo,</span> <span class='ocrx_word' id='word_1_304' title='bbox 1112 3459 1286 3548; x_wconf 91' lang='lat' dir='ltr'>quod</span> <span class='ocrx_word' id='word_1_305' title='bbox 1331 3483 1409 3524; x_wconf 90' lang='lat' dir='ltr'>ea</span> <span class='ocrx_word' id='word_1_306' title='bbox 1451 3483 1619 3548; x_wconf 88' lang='lat' dir='ltr'>quae</span> <span class='ocrx_word' id='word_1_307' title='bbox 1663 3462 1733 3526; x_wconf 92' lang='lat' dir='ltr'>in</span> <span class='ocrx_word' id='word_1_308' title='bbox 1776 3470 1995 3527; x_wconf 86' lang='lat' dir='ltr'>vetere</span> <span class='ocrx_word' id='word_1_309' title='bbox 2040 3461 2253 3526; x_wconf 87' lang='lat' dir='ltr'>Servii</span> <span class='ocrx_word' id='word_1_310' title='bbox 2308 3463 2772 3526; x_wconf 84' lang='lat' dir='ltr'>commentario</span> <span class='ocrx_word' id='word_1_311' title='bbox 2828 3462 2909 3526; x_wconf 90' lang='lat' dir='ltr'>de</span> <span class='ocrx_word' id='word_1_312' title='bbox 2966 3462 3199 3526; x_wconf 90' lang='lat' dir='ltr'>eodem</span> 
     </span>
     <span class='ocr_line' id='line_1_32' title="bbox 611 3561 3200 3651; baseline 0.002 -26"><span class='ocrx_word' id='word_1_313' title='bbox 611 3571 992 3646; x_wconf 88' lang='lat' dir='ltr'>argumento</span> <span class='ocrx_word' id='word_1_314' title='bbox 1050 3563 1292 3648; x_wconf 88' lang='lat' dir='ltr'>scripta</span> <span class='ocrx_word' id='word_1_315' title='bbox 1347 3573 1531 3628; x_wconf 87' lang='lat' dir='ltr'>erant</span> <span class='ocrx_word' id='word_1_316' title='bbox 1583 3572 1815 3648; x_wconf 89' lang='lat' dir='ltr'>postea</span> <span class='ocrx_word' id='word_1_317' title='bbox 1868 3568 1933 3626; x_wconf 94' lang='lat' dir='ltr'>in</span> <span class='ocrx_word' id='word_1_318' title='bbox 1986 3561 2155 3628; x_wconf 86' lang='lat' dir='ltr'>hanc</span> <span class='ocrx_word' id='word_1_319' title='bbox 2199 3562 2406 3628; x_wconf 90' lang='lat' dir='ltr'>libelli</span> <span class='ocrx_word' id='word_1_320' title='bbox 2447 3564 2743 3646; x_wconf 84' lang='lat' dir='ltr'>formam,</span> <span class='ocrx_word' id='word_1_321' title='bbox 2800 3585 2967 3651; x_wconf 88' lang='lat' dir='ltr'>quae</span> <span class='ocrx_word' id='word_1_322' title='bbox 3022 3587 3200 3630; x_wconf 91' lang='lat' dir='ltr'>nunc</span> 
     </span>
     <span class='ocr_line' id='line_1_33' title="bbox 613 3664 1323 3751; baseline 0.001 -24"><span class='ocrx_word' id='word_1_323' title='bbox 613 3672 730 3746; x_wconf 89' lang='lat' dir='ltr'>est,</span> <span class='ocrx_word' id='word_1_324' title='bbox 775 3664 1040 3730; x_wconf 88' lang='lat' dir='ltr'>redacta</span> <span class='ocrx_word' id='word_1_325' title='bbox 1083 3664 1323 3751; x_wconf 79' lang='lat' dir='ltr'>sunt.*)</span> 
     </span>
    </p>
   </div>
   <div class='ocr_carea' id='block_1_5' title="bbox 610 3869 3205 4874">
    <p class='ocr_par' dir='ltr' id='par_1_6' title="bbox 610 3869 3205 4874">
     <span class='ocr_line' id='line_1_34' title="bbox 749 3869 3203 3940; baseline 0.001 -18"><span class='ocrx_word' id='word_1_326' title='bbox 749 3869 802 3936; x_wconf 85' lang='lat'>*)</span> <span class='ocrx_word' id='word_1_327' title='bbox 848 3871 1152 3936; x_wconf 87' lang='lat' dir='ltr'>Postquam</span> <span class='ocrx_word' id='word_1_328' title='bbox 1197 3888 1392 3923; x_wconf 89' lang='lat' dir='ltr'>nomen</span> <span class='ocrx_word' id='word_1_329' title='bbox 1429 3871 1610 3938; x_wconf 86' lang='lat' dir='ltr'>Sergii</span> <span class='ocrx_word' id='word_1_330' title='bbox 1655 3871 1725 3922; x_wconf 87' lang='lat' dir='ltr'>iis</span> <span class='ocrx_word' id='word_1_331' title='bbox 1772 3886 1917 3937; x_wconf 86' lang='lat' dir='ltr'>quae</span> <span class='ocrx_word' id='word_1_332' title='bbox 1952 3871 2020 3924; x_wconf 91' lang='lat' dir='ltr'>de</span> <span class='ocrx_word' id='word_1_333' title='bbox 2060 3871 2352 3924; x_wconf 86' lang='lat' dir='ltr'>elementis</span> <span class='ocrx_word' id='word_1_334' title='bbox 2390 3874 2527 3924; x_wconf 84' lang='lat' dir='ltr'>artis</span> <span class='ocrx_word' id='word_1_335' title='bbox 2562 3875 2960 3940; x_wconf 82' lang='lat' dir='ltr'>grammaticae</span> <span class='ocrx_word' id='word_1_336' title='bbox 2996 3875 3053 3924; x_wconf 90' lang='lat' dir='ltr'>in</span> <span class='ocrx_word' id='word_1_337' title='bbox 3091 3875 3203 3924; x_wconf 87' lang='lat' dir='ltr'>hoc</span> 
     </span>
     <span class='ocr_line' id='line_1_35' title="bbox 614 3955 3200 4024; baseline 0.001 -17"><span class='ocrx_word' id='word_1_338' title='bbox 614 3956 804 4008; x_wconf 89' lang='lat' dir='ltr'>libello</span> <span class='ocrx_word' id='word_1_339' title='bbox 849 3955 1132 4023; x_wconf 85' lang='lat' dir='ltr'>disputata</span> <span class='ocrx_word' id='word_1_340' title='bbox 1177 3962 1306 4007; x_wconf 84' lang='lat' dir='ltr'>sunt</span> <span class='ocrx_word' id='word_1_341' title='bbox 1352 3957 1626 4008; x_wconf 79' lang='lat' dir='ltr'>celebrari</span> <span class='ocrx_word' id='word_1_342' title='bbox 1674 3961 1928 4023; x_wconf 86' lang='lat' dir='ltr'>coeptum</span> <span class='ocrx_word' id='word_1_343' title='bbox 1972 3962 2085 4020; x_wconf 87' lang='lat' dir='ltr'>est,</span> <span class='ocrx_word' id='word_1_344' title='bbox 2132 3956 2351 4008; x_wconf 85' lang='lat' dir='ltr'>infimae</span> <span class='ocrx_word' id='word_1_345' title='bbox 2388 3959 2595 4008; x_wconf 85' lang='lat' dir='ltr'>aetatis</span> <span class='ocrx_word' id='word_1_346' title='bbox 2630 3960 2979 4024; x_wconf 80' lang='lat' dir='ltr'>grammatici</span> <span class='ocrx_word' id='word_1_347' title='bbox 3012 3961 3095 4009; x_wconf 86' lang='lat' dir='ltr'>ita</span> <span class='ocrx_word' id='word_1_348' title='bbox 3132 3976 3200 4010; x_wconf 89' lang='lat' dir='ltr'>eo</span> 
     </span>
     <span class='ocr_line' id='line_1_36' title="bbox 611 4029 3203 4108; baseline 0 -15"><span class='ocrx_word' id='word_1_349' title='bbox 611 4029 830 4094; x_wconf 87' lang='lat' dir='ltr'>nomine</span> <span class='ocrx_word' id='word_1_350' title='bbox 868 4042 1026 4093; x_wconf 85' lang='lat' dir='ltr'>abusi</span> <span class='ocrx_word' id='word_1_351' title='bbox 1065 4047 1210 4100; x_wconf 87' lang='lat' dir='ltr'>sunt,</span> <span class='ocrx_word' id='word_1_352' title='bbox 1248 4047 1310 4093; x_wconf 87' lang='lat' dir='ltr'>ut</span> <span class='ocrx_word' id='word_1_353' title='bbox 1345 4043 1458 4093; x_wconf 90' lang='lat' dir='ltr'>suis</span> <span class='ocrx_word' id='word_1_354' title='bbox 1497 4044 1930 4104; x_wconf 80' lang='lat' dir='ltr'>commentariis,</span> <span class='ocrx_word' id='word_1_355' title='bbox 1980 4058 2116 4108; x_wconf 86' lang='lat' dir='ltr'>quos</span> <span class='ocrx_word' id='word_1_356' title='bbox 2156 4043 2335 4108; x_wconf 82' lang='lat' dir='ltr'>Sergii</span> <span class='ocrx_word' id='word_1_357' title='bbox 2378 4042 2573 4094; x_wconf 90' lang='lat' dir='ltr'>libello</span> <span class='ocrx_word' id='word_1_358' title='bbox 2610 4043 2857 4095; x_wconf 85' lang='lat' dir='ltr'>adhibito</span> <span class='ocrx_word' id='word_1_359' title='bbox 2894 4044 2963 4094; x_wconf 90' lang='lat' dir='ltr'>de</span> <span class='ocrx_word' id='word_1_360' title='bbox 2999 4044 3203 4094; x_wconf 89' lang='lat' dir='ltr'>iisdem</span> 
     </span>
     <span class='ocr_line' id='line_1_37' title="bbox 611 4125 3201 4194; baseline 0.001 -17"><span class='ocrx_word' id='word_1_361' title='bbox 611 4128 777 4178; x_wconf 84' lang='lat' dir='ltr'>rebus</span> <span class='ocrx_word' id='word_1_362' title='bbox 825 4132 1258 4193; x_wconf 87' lang='lat' dir='ltr'>conposuerant,</span> <span class='ocrx_word' id='word_1_363' title='bbox 1303 4143 1500 4179; x_wconf 87' lang='lat' dir='ltr'>nomen</span> <span class='ocrx_word' id='word_1_364' title='bbox 1545 4128 1895 4194; x_wconf 84' lang='lat' dir='ltr'>grammatici</span> <span class='ocrx_word' id='word_1_365' title='bbox 1938 4126 2401 4194; x_wconf 87' lang='lat' dir='ltr'>praescriberent.</span> <span class='ocrx_word' id='word_1_366' title='bbox 2475 4128 2630 4179; x_wconf 87' lang='lat' dir='ltr'>cuius</span> <span class='ocrx_word' id='word_1_367' title='bbox 2666 4125 2888 4194; x_wconf 83' lang='lat' dir='ltr'>generi&#39;s</span> <span class='ocrx_word' id='word_1_368' title='bbox 2923 4145 3201 4180; x_wconf 87' lang='lat' dir='ltr'>commen-</span> 
     </span>
     <span class='ocr_line' id='line_1_38' title="bbox 611 4211 3203 4279; baseline 0.002 -17"><span class='ocrx_word' id='word_1_369' title='bbox 611 4214 788 4264; x_wconf 86' lang='lat' dir='ltr'>tarius</span> <span class='ocrx_word' id='word_1_370' title='bbox 833 4213 900 4263; x_wconf 88' lang='lat' dir='ltr'>de</span> <span class='ocrx_word' id='word_1_371' title='bbox 944 4211 1137 4263; x_wconf 87' lang='lat' dir='ltr'>littera</span> <span class='ocrx_word' id='word_1_372' title='bbox 1181 4212 1250 4263; x_wconf 91' lang='lat' dir='ltr'>de</span> <span class='ocrx_word' id='word_1_373' title='bbox 1296 4213 1526 4278; x_wconf 78' lang='lat' dir='ltr'>syllabis</span> <span class='ocrx_word' id='word_1_374' title='bbox 1573 4213 1639 4263; x_wconf 87' lang='lat' dir='ltr'>de</span> <span class='ocrx_word' id='word_1_375' title='bbox 1687 4217 1928 4264; x_wconf 88' lang='lat' dir='ltr'>accentu</span> <span class='ocrx_word' id='word_1_376' title='bbox 1970 4212 2039 4262; x_wconf 90' lang='lat' dir='ltr'>de</span> <span class='ocrx_word' id='word_1_377' title='bbox 2086 4211 2317 4279; x_wconf 88' lang='lat' dir='ltr'>pedibus</span> <span class='ocrx_word' id='word_1_378' title='bbox 2364 4212 2565 4278; x_wconf 87' lang='lat' dir='ltr'>legitur</span> <span class='ocrx_word' id='word_1_379' title='bbox 2598 4214 2656 4262; x_wconf 89' lang='lat' dir='ltr'>in</span> <span class='ocrx_word' id='word_1_380' title='bbox 2694 4213 2883 4265; x_wconf 88' lang='lat' dir='ltr'>codice</span> <span class='ocrx_word' id='word_1_381' title='bbox 2918 4215 3203 4266; x_wconf 84' lang='lat' dir='ltr'>Vaticano</span> 
     </span>
     <span class='ocr_line' id='line_1_39' title="bbox 610 4297 3204 4364; baseline 0 -15"><span class='ocrx_word' id='word_1_382' title='bbox 610 4297 988 4349; x_wconf 85' lang='lat' dir='ltr'>bibliothecae</span> <span class='ocrx_word' id='word_1_383' title='bbox 1022 4297 1352 4364; x_wconf 81' lang='lat' dir='ltr'>Reginensis</span> <span class='ocrx_word' id='word_1_384' title='bbox 1391 4299 1520 4349; x_wconf 82' lang='lat'>1587</span> <span class='ocrx_word' id='word_1_385' title='bbox 1555 4313 1706 4348; x_wconf 86' lang='lat' dir='ltr'>saec.</span> <span class='ocrx_word' id='word_1_386' title='bbox 1734 4297 1802 4356; x_wconf 88' lang='lat' dir='ltr'>X,</span> <span class='ocrx_word' id='word_1_387' title='bbox 1838 4299 2019 4363; x_wconf 78' lang='lat' dir='ltr'>incipit</span> <span class='ocrx_word' id='word_1_388' title='bbox 2052 4298 2226 4362; x_wconf 69' lang='lat' dir='ltr'>Serqii</span> <span class='ocrx_word' id='word_1_389' title='bbox 2258 4299 2322 4348; x_wconf 85' lang='lat' dir='ltr'>de</span> <span class='ocrx_word' id='word_1_390' title='bbox 2357 4305 2471 4348; x_wconf 82' lang='lat' dir='ltr'>arte</span> <span class='ocrx_word' id='word_1_391' title='bbox 2502 4302 2847 4364; x_wconf 68' lang='lat' dir='ltr'>grammatica.</span> <span class='ocrx_word' id='word_1_392' title='bbox 2898 4299 3009 4350; x_wconf 76' lang='lat' dir='ltr'>Ars</span> <span class='ocrx_word' id='word_1_393' title='bbox 3026 4315 3204 4364; x_wconf 72' lang='lat' dir='ltr'>yram-</span> 
     </span>
     <span class='ocr_line' id='line_1_40' title="bbox 610 4381 3203 4444; baseline 0.001 -13"><span class='ocrx_word' id='word_1_394' title='bbox 610 4385 793 4433; x_wconf 79' lang='lat' dir='ltr'>matica</span> <span class='ocrx_word' id='word_1_395' title='bbox 827 4390 905 4434; x_wconf 76' lang='lat' dir='ltr'>est</span> <span class='ocrx_word' id='word_1_396' title='bbox 937 4385 1182 4434; x_wconf 72' lang='lat' dir='ltr'>institutio</span> <span class='ocrx_word' id='word_1_397' title='bbox 1215 4385 1485 4443; x_wconf 76' lang='lat' dir='ltr'>sermonis,</span> <span class='ocrx_word' id='word_1_398' title='bbox 1525 4388 1582 4434; x_wconf 83' lang='lat' dir='ltr'>et</span> <span class='ocrx_word' id='word_1_399' title='bbox 1617 4383 1747 4433; x_wconf 84' lang='lat' dir='ltr'>huic</span> <span class='ocrx_word' id='word_1_400' title='bbox 1782 4382 1977 4434; x_wconf 86' lang='lat' dir='ltr'>similis</span> <span class='ocrx_word' id='word_1_401' title='bbox 2012 4381 2079 4433; x_wconf 88' lang='lat' dir='ltr'>de</span> <span class='ocrx_word' id='word_1_402' title='bbox 2116 4383 2309 4433; x_wconf 87' lang='lat' dir='ltr'>littera</span> <span class='ocrx_word' id='word_1_403' title='bbox 2342 4384 2401 4432; x_wconf 91' lang='lat' dir='ltr'>in</span> <span class='ocrx_word' id='word_1_404' title='bbox 2438 4382 2625 4434; x_wconf 88' lang='lat' dir='ltr'>codice</span> <span class='ocrx_word' id='word_1_405' title='bbox 2661 4383 3077 4434; x_wconf 79' lang='lat' dir='ltr'>vindobonensi</span> <span class='ocrx_word' id='word_1_406' title='bbox 3116 4386 3203 4444; x_wconf 84' lang='lat'>16,</span> 
     </span>
     <span class='ocr_line' id='line_1_41' title="bbox 614 4467 3205 4534; baseline 0 -15"><span class='ocrx_word' id='word_1_407' title='bbox 614 4469 742 4519; x_wconf 89' lang='lat' dir='ltr'>olim</span> <span class='ocrx_word' id='word_1_408' title='bbox 777 4468 1062 4531; x_wconf 87' lang='lat' dir='ltr'>Bobiensi,</span> <span class='ocrx_word' id='word_1_409' title='bbox 1103 4467 1290 4519; x_wconf 84' lang='lat' dir='ltr'>eodem</span> <span class='ocrx_word' id='word_1_410' title='bbox 1314 4469 1472 4520; x_wconf 89' lang='lat' dir='ltr'>modo</span> <span class='ocrx_word' id='word_1_411' title='bbox 1497 4468 1817 4533; x_wconf 86' lang='lat' dir='ltr'>inscriptus,</span> <span class='ocrx_word' id='word_1_412' title='bbox 1859 4468 1953 4531; x_wconf 88' lang='lat' dir='ltr'>qui</span> <span class='ocrx_word' id='word_1_413' title='bbox 1979 4467 2159 4518; x_wconf 85' lang='lat' dir='ltr'>editus</span> <span class='ocrx_word' id='word_1_414' title='bbox 2186 4471 2273 4518; x_wconf 84' lang='lat' dir='ltr'>est</span> <span class='ocrx_word' id='word_1_415' title='bbox 2310 4467 2458 4518; x_wconf 87' lang='lat' dir='ltr'>anal.</span> <span class='ocrx_word' id='word_1_416' title='bbox 2484 4483 2710 4534; x_wconf 82' lang='lat' dir='ltr'>gramm.</span> <span class='ocrx_word' id='word_1_417' title='bbox 2734 4468 2971 4519; x_wconf 87' lang='lat' dir='ltr'>Vindob.</span> <span class='ocrx_word' id='word_1_418' title='bbox 2998 4485 3051 4534; x_wconf 87' lang='lat' dir='ltr'>p.</span> <span class='ocrx_word' id='word_1_419' title='bbox 3080 4472 3205 4520; x_wconf 83' lang='lat'>19â·.</span> 
     </span>
     <span class='ocr_line' id='line_1_42' title="bbox 611 4551 3205 4619; baseline 0.001 -17"><span class='ocrx_word' id='word_1_420' title='bbox 611 4552 851 4618; x_wconf 88' lang='lat' dir='ltr'>denique</span> <span class='ocrx_word' id='word_1_421' title='bbox 895 4553 953 4601; x_wconf 89' lang='lat' dir='ltr'>in</span> <span class='ocrx_word' id='word_1_422' title='bbox 999 4552 1190 4604; x_wconf 88' lang='lat' dir='ltr'>codice</span> <span class='ocrx_word' id='word_1_423' title='bbox 1226 4553 1488 4604; x_wconf 77' lang='lat' dir='ltr'>Leidensi</span> <span class='ocrx_word' id='word_1_424' title='bbox 1531 4553 1667 4604; x_wconf 88' lang='lat' dir='ltr'>bibl.</span> <span class='ocrx_word' id='word_1_425' title='bbox 1705 4553 1859 4618; x_wconf 86' lang='lat' dir='ltr'>publ.</span> <span class='ocrx_word' id='word_1_426' title='bbox 1898 4553 1993 4603; x_wconf 83' lang='lat'>135</span> <span class='ocrx_word' id='word_1_427' title='bbox 2038 4567 2186 4603; x_wconf 78' lang='lat' dir='ltr'>saec..</span> <span class='ocrx_word' id='word_1_428' title='bbox 2224 4553 2273 4602; x_wconf 89' lang='lat' dir='ltr'>X</span> <span class='ocrx_word' id='word_1_429' title='bbox 2308 4552 2613 4619; x_wconf 82' lang='lat' dir='ltr'>disputatio</span> <span class='ocrx_word' id='word_1_430' title='bbox 2652 4551 2923 4616; x_wconf 85' lang='lat' dir='ltr'>quaedam</span> <span class='ocrx_word' id='word_1_431' title='bbox 2958 4554 3205 4618; x_wconf 82' lang='lat' dir='ltr'>ineptia-</span> 
     </span>
     <span class='ocr_line' id='line_1_43' title="bbox 614 4636 3205 4703; baseline 0 -16"><span class='ocrx_word' id='word_1_432' title='bbox 614 4654 730 4688; x_wconf 88' lang='lat' dir='ltr'>rum</span> <span class='ocrx_word' id='word_1_433' title='bbox 773 4636 940 4703; x_wconf 87' lang='lat' dir='ltr'>plena</span> <span class='ocrx_word' id='word_1_434' title='bbox 983 4637 1050 4688; x_wconf 86' lang='lat' dir='ltr'>de</span> <span class='ocrx_word' id='word_1_435' title='bbox 1093 4637 1312 4689; x_wconf 81' lang='lat' dir='ltr'>Latinis</span> <span class='ocrx_word' id='word_1_436' title='bbox 1357 4638 1561 4688; x_wconf 86' lang='lat' dir='ltr'>litteris</span> <span class='ocrx_word' id='word_1_437' title='bbox 1609 4653 1732 4688; x_wconf 89' lang='lat' dir='ltr'>cum</span> <span class='ocrx_word' id='word_1_438' title='bbox 1776 4637 2011 4688; x_wconf 85' lang='lat' dir='ltr'>Graecis</span> <span class='ocrx_word' id='word_1_439' title='bbox 2059 4641 2116 4687; x_wconf 86' lang='lat' dir='ltr'>et</span> <span class='ocrx_word' id='word_1_440' title='bbox 2160 4637 2455 4688; x_wconf 83' lang='lat' dir='ltr'>Hebraicis</span> <span class='ocrx_word' id='word_1_441' title='bbox 2504 4637 2823 4703; x_wconf 77' lang='lat' dir='ltr'>conparatis</span> <span class='ocrx_word' id='word_1_442' title='bbox 2860 4639 3071 4703; x_wconf 86' lang='lat' dir='ltr'>scripta</span> <span class='ocrx_word' id='word_1_443' title='bbox 3110 4643 3205 4688; x_wconf 89' lang='lat' dir='ltr'>est</span> 
     </span>
     <span class='ocr_line' id='line_1_44' title="bbox 614 4721 3203 4789; baseline 0.001 -18"><span class='ocrx_word' id='word_1_444' title='bbox 614 4723 720 4788; x_wconf 85' lang='lat' dir='ltr'>ita,</span> <span class='ocrx_word' id='word_1_445' title='bbox 767 4725 819 4772; x_wconf 85' lang='lat' dir='ltr'>in</span> <span class='ocrx_word' id='word_1_446' title='bbox 863 4726 1056 4773; x_wconf 79' lang='lat' dir='ltr'>nomine</span> <span class='ocrx_word' id='word_1_447' title='bbox 1101 4725 1186 4774; x_wconf 77' lang='lat' dir='ltr'>clei</span> <span class='ocrx_word' id='word_1_448' title='bbox 1227 4725 1399 4772; x_wconf 80' lang='lat' dir='ltr'>summi</span> <span class='ocrx_word' id='word_1_449' title='bbox 1438 4725 1616 4788; x_wconf 82' lang='lat' dir='ltr'>incipit</span> <span class='ocrx_word' id='word_1_450' title='bbox 1651 4739 1741 4773; x_wconf 76' lang='lat' dir='ltr'>ars</span> <span class='ocrx_word' id='word_1_451' title='bbox 1782 4722 1953 4788; x_wconf 62' lang='lat' dir='ltr'>Sergii</span> <span class='ocrx_word' id='word_1_452' title='bbox 1980 4725 2312 4789; x_wconf 65' lang='lat' dir='ltr'>grammatici.</span> <span class='ocrx_word' id='word_1_453' title='bbox 2364 4723 2614 4787; x_wconf 72' lang='lat' dir='ltr'>Triplices</span> <span class='ocrx_word' id='word_1_454' title='bbox 2650 4724 2879 4788; x_wconf 70' lang='lat' dir='ltr'>nunyulis</span> <span class='ocrx_word' id='word_1_455' title='bbox 2912 4721 3203 4774; x_wconf 65' lang='lat' dir='ltr'>biellam-iae</span> 
     </span>
     <span class='ocr_line' id='line_1_45' title="bbox 615 4808 3045 4874; baseline -0.001 -16"><span class='ocrx_word' id='word_1_456' title='bbox 615 4825 705 4858; x_wconf 79' lang='lat' dir='ltr'>seu</span> <span class='ocrx_word' id='word_1_457' title='bbox 738 4810 966 4872; x_wconf 73' lang='lat' dir='ltr'>duplices</span> <span class='ocrx_word' id='word_1_458' title='bbox 1001 4809 1155 4858; x_wconf 80' lang='lat' dir='ltr'>latine</span> <span class='ocrx_word' id='word_1_459' title='bbox 1186 4810 1418 4874; x_wconf 75' lang='lat' dir='ltr'>peplices</span> <span class='ocrx_word' id='word_1_460' title='bbox 1451 4825 1540 4858; x_wconf 75' lang='lat' dir='ltr'>reu</span> <span class='ocrx_word' id='word_1_461' title='bbox 1576 4809 1871 4874; x_wconf 73' lang='lat' dir='ltr'>quanplices</span> <span class='ocrx_word' id='word_1_462' title='bbox 1903 4825 1994 4859; x_wconf 77' lang='lat' dir='ltr'>seu</span> <span class='ocrx_word' id='word_1_463' title='bbox 2018 4809 2247 4874; x_wconf 76' lang='lat' dir='ltr'>triplices</span> <span class='ocrx_word' id='word_1_464' title='bbox 2282 4811 2607 4874; x_wconf 72' lang='lat' dir='ltr'>duplicesque</span> <span class='ocrx_word' id='word_1_465' title='bbox 2640 4808 2887 4859; x_wconf 73' lang='lat' dir='ltr'>himer-iae</span> <span class='ocrx_word' id='word_1_466' title='bbox 2924 4821 3045 4872; x_wconf 86' lang='lat' dir='ltr'>sqq.</span> 
     </span>
    </p>
   </div>
  </div>
 </body>
</html>
