3434 5442
891 368 987 430 DE
1029 367 1491 452 ACCENTlBVS
1539 367 1644 449 [IN
1690 366 2083 448 DONATVM]
2656 370 2780 435 483

303 488 349 530 p.
381 477 497 520 18³5.
524 475 576 518 cc
603 474 651 515 p.
2346 487 2393 526 p.
2419 474 2596 516 sss—sc
2626 473 2679 516 v.

202 557 372 617 cuius
425 563 626 617 tamen
681 555 874 617 media
931 555 996 616 fit
1059 557 1349 635 positione
1401 553 1606 634 longa,
1666 554 1914 616 bacchio
1972 552 2227 616 naturali
2282 562 2344 615 et
2394 553 2781 627 antibacchio‚

179 659 368 745 ‘cuius
421 659 565 718 item
609 656 802 718 media
845 657 913 717 fit
963 657 1256 736 positione
1312 655 1506 736 longa.
1595 658 1899 738 hucusque
1944 656 2167 718 dictum
2212 662 2317 726 est.
2362 655 2424 716 in
2467 653 2784 735 trisyllabis

204 761 330 820 eius
391 758 554 820 modi
610 758 711 838 qui
766 775 896 818 esse
946 759 1178 838 possint
1228 765 1525 820 accentus.
1613 777 1774 821 nunc
1820 758 2136 821 dicendum
2183 764 2305 827 est,
2350 757 2411 818 in
2456 775 2572 837 qua
2615 764 2785 838 parte

201 860 489 942 trisyllabi
541 867 748 921 acutus
802 861 878 920 sit
930 859 1260 940 ponendus.
1348 861 1410 920 in
1466 859 1783 940 trisyllabis
1837 857 2367 940 antepaeneultima
2421 859 2636 939 accipit
2688 876 2784 919 ac-

200 971 468 1034 centum,
525 963 704 1023 etiam
758 961 809 1022 si
871 960 1266 1041 paeneultima
1325 965 1404 1024 sit
1442 960 1619 1041 longa
1660 963 1957 1042 positione
2001 980 2073 1022 ex
2115 969 2279 1024 muta
2320 969 2381 1022 et
2422 959 2675 1042 liquida,
2721 968 2789 1022 ut
2812 977 2837 1017 s

201 1062 464 1126 latebrae
525 1061 784 1133 colubri;
841 1065 906 1124 in
969 1063 1160 1125 tribus
1220 1061 1412 1142 longis
1463 1062 1886 1144 paeneultima,
1943 1070 2009 1124 ut
2061 1061 2387 1126 Maecenas,
2475 1063 2579 1126 ubi
2622 1070 2787 1128 ante·

203 1164 623 1249 paenelultima
665 1164 864 1227 brevis
906 1165 1117 1237 fuerit,
1165 1164 1560 1247 paeneultima
1589 1184 1731 1227 vero
1775 1164 1976 1244 longa,
2014 1166 2080 1226 in
2120 1163 2517 1246 paeneultima
2560 1182 2787 1246 ponen-

201 1268 342 1340 duS,
413 1279 480 1330 ut
542 1268 782 1329 amicus.
869 1284 1012 1328 sane
1077 1267 1384 1330 sciendum
1441 1275 1532 1329 est
1595 1267 1756 1348 quod
1812 1265 2213 1348 monosyllaba
2278 1285 2419 1348 pars
2482 1268 2785 1340 orationis,

201 1389 356 1450 quae
398 1369 490 1432 vel
533 1366 884 1432 naturaliter
913 1367 1108 1430 brevis
1153 1378 1272 1442 est,
1316 1378 1385 1431 ut
1425 1378 1486 1431 et
1528 1388 1672 1450 que,
1718 1368 1813 1430 vel
1854 1370 2150 1449 positione
2192 1368 2365 1450 longa
2410 1369 2502 1441 fit,
2548 1377 2786 1434 acutum

201 1471 448 1534 babebit
490 1479 828 1541 accentum,
873 1478 939 1532 ut
981 1471 1104 1532 mix
1146 1471 1264 1534 fax.
2814 1485 2866 1528 10

375 1573 800 1636 circumflexus
842 1581 1122 1635 accentus
1177 1575 1240 1634 in
1284 1571 1584 1654 disyllabis
1627 1571 1718 1634 vel
1774 1574 1833 1633 in
1879 1572 2197 1654 trisyllabis
2245 1572 2335 1636 vel
2376 1573 2440 1634 in
2484 1573 2793 1654 quantovis

205 1694 460 1738 numero
498 1674 856 1756 syllabarum
900 1674 1362 1755 paeneultimum
1394 1675 1508 1738 sibi
1541 1683 1765 1737 tantum
1812 1675 2067 1737 vindicat
2107 1674 2302 1738 locum
2318 1723 2334 1747 ,
2381 1683 2441 1737 et
2482 1676 2595 1737 hac
2638 1674 2787 1755 lege,

202 1787 293 1850 ut,
340 1777 448 1840 ubi
491 1779 671 1840 fuerit
713 1776 812 1837 hic
857 1785 1163 1846 accentus,
1209 1778 1606 1858 paeneultima
1661 1779 1738 1839 sit
1790 1777 2137 1840 naturaliter
2180 1776 2375 1858 longa.
2462 1779 2542 1840 ita
2607 1779 2671 1844 fit
2728 1785 2792 1839 ut

202 1879 344 1942 huic
403 1881 672 1943 accentui
703 1878 1042 1940 trochaeus
1096 1879 1444 1942 naturaliter
1486 1880 1698 1959 longus
1744 1881 2063 1942 convenire
2107 1880 2389 1942 videatur.
2476 1882 2619 1941 item
2664 1898 2790 1942 mo·

203 1981 508 2063 nosyllaba
563 2000 702 2062 pars
756 1979 1038 2043 orationis
1091 1988 1234 2043 tunc
1287 1983 1466 2043 istum
1520 1981 1766 2043 habebit
1816 1989 2124 2044 accentum
2143 2029 2159 2053 ,
2218 2000 2355 2044 cum
2398 1981 2573 2061 longa
2612 1981 2792 2044 fuerit
2815 1996 2865 2038 1⁵

201 2093 415 2146 natura
463 2093 714 2151 tantum,
760 2091 826 2144 ut
869 2082 956 2146 sol
1002 2081 1126 2146 «los.

373 2186 580 2248 Gravis
619 2204 762 2246 vero
828 2193 1107 2248 accentus
1151 2203 1286 2247 cum
1332 2193 1503 2247 acuto
1547 2195 1608 2247 et
1650 2186 2032 2248 circumflexo
2078 2193 2325 2250 accentu
2368 2187 2511 2264 poni
2552 2187 2790 2267 poterit,

201 2306 521 2370 possumus
575 2289 732 2348 enim
785 2289 848 2348 in
904 2307 976 2349 eo
1031 2287 1191 2369 quod
1249 2295 1338 2348 est
1397 2287 1660 2350 Catullus
1715 2307 1953 2368 gravem
2009 2306 2232 2369 ponere
2289 2296 2599 2350 accentum
2656 2307 2789 2350 cum

201 2399 380 2453 acuto
424 2391 486 2451 in
530 2388 1087 2468 antepaeneultima.
1148 2391 1289 2451 item
1335 2408 1471 2451 cum
1517 2390 1898 2452 circumflexo
1940 2391 2021 2452 ita
2062 2392 2339 2471 ponitur,
2382 2397 2449 2452 ut
2476 2389 2790 2472 Cethegus.

199 2511 408 2555 verum
465 2493 601 2571 quia
657 2509 904 2554 necesse
959 2509 1080 2553 non
1137 2499 1229 2553 est
1297 2499 1364 2554 ut
1419 2511 1554 2555 cum
1607 2491 1853 2575 reliquis
1908 2501 2191 2573 ponatur,
2248 2493 2351 2554 fiet
2403 2493 2711 2572 scriptoris
2760 2492 2785 2575 Η
2815 2508 2868 2550 so

200 2593 470 2657 arbitrio.
557 2593 663 2656 sed
716 2593 814 2654 hic
866 2595 1060 2673 gravis
1121 2601 1397 2656 accentus
1454 2613 1574 2656 non
1618 2594 1799 2657 habet
1842 2596 2319 2657 communionem
2364 2594 2613 2656 eandem
2656 2613 2792 2656 cum

202 2699 455 2768 ceteris,
513 2714 691 2777 quam
750 2714 884 2758 cum
929 2695 1313 2758 circumflexo
1358 2705 1417 2758 et
1460 2706 1686 2785 acuto.¹
1740 2716 1917 2778 quam
1963 2699 2013 2759 si
2056 2705 2254 2760 tamen
2298 2703 2359 2758 et
2400 2715 2534 2759 cum
2580 2697 2796 2759 ceteris

199 2799 506 2870 habuerit,
565 2815 686 2860 non
729 2797 909 2859 habet
950 2799 1064 2860 nisi
1105 2817 1216 2878 per
1258 2799 1435 2870 istos,
1495 2806 1562 2861 ut
1603 2797 1939 2861 malesanus
1981 2797 2346 2860 interealoci.
2434 2797 2540 2861 sed
2584 2799 2794 2879 nequis

201 2908 376 2982 putet
413 2902 478 2960 in
521 2900 698 2961 huius
742 2899 905 2961 modi
948 2899 1324 2962 sermonibus
1367 2908 1644 2981 quattuor
1689 2919 1819 2963 esse
1865 2908 2179 2971 accentus,
2226 2901 2465 2981 hyphen
2510 2909 2611 2962 aut
2655 2918 2792 2962 acu-

199 3010 329 3063 tum
375 3009 478 3064 aut
518 3001 962 3063 circumflexum
994 3009 1095 3062 aut
1124 3019 1392 3080 gravem,
1439 3001 1727 3084 siquidem
1775 3003 1917 3064 dicit
1958 3003 2019 3062 in
2064 3004 2386 3082 conpositis
2430 3000 2789 3065 dictionibus
2814 3019 2866 3062 25

203 3121 388 3166 unum
445 3112 754 3165 accentum
812 3121 942 3165 esse
996 3101 1217 3165 debere
1273 3121 1394 3164 non
1449 3107 1672 3176 minus,
1742 3123 1918 3184 quam
1977 3105 2039 3165 in
2093 3121 2211 3166 una
2264 3111 2433 3184 parte
2488 3105 2791 3167 orationis.

201 3206 310 3266 sed
365 3204 671 3268 sciendum
719 3201 734 3290 Ι
779 3213 871 3266 est
924 3205 1083 3286 quod
1135 3205 1312 3266 modo
1366 3205 1605 3286 hyphen
1661 3224 1769 3286 pro
1826 3205 2201 3267 distinctione
2266 3215 2553 3284 ponatur,
2599 3209 2794 3286 gravis
2872 3271 2886 3280 ,

200 3326 316 3389 pro
359 3307 660 3388 superfluo
705 3309 1011 3387 scriptoris
1055 3305 1328 3378 arbitrio,
1373 3316 1442 3368 ut
1481 3325 1660 3387 supra
1703 3299 1928 3368 dictum
1974 3314 2082 3368 est.
2160 3316 2345 3370 restat
2384 3309 2566 3388 igitur
2608 3317 2675 3370 ut
2718 3327 2791 3370 cx

201 3410 320 3472 illis
362 3409 642 3489 legitimis
683 3408 916 3471 duobus
956 3411 1089 3470 iure
1145 3409 1420 3471 dictionis
1462 3410 1688 3488 positus
1733 3409 1963 3471 dicatur
2006 3418 2301 3471 accentus».
2393 3411 2550 3473 scire
2594 3418 2789 3474 autem

205 3511 496 3575 debemus
549 3510 710 3592 quod
765 3511 992 3573 nullum
1049 3511 1370 3572 barbarum
1435 3528 1652 3572 nomen
1699 3510 1789 3572 vel
1834 3510 2080 3574 verbum
2125 3510 2363 3593 aliquod
2406 3513 2790 3594 peregrinum
2817 3529 2871 3572 so

203 3633 317 3676 nec
361 3613 694 3676 interiectio
739 3623 968 3676 certum
1013 3621 1296 3694 poterunt
1337 3623 1648 3675 accentum
1707 3621 1934 3676 tenere.
2022 3631 2158 3676 nam
2203 3615 2263 3674 in
2309 3613 2639 3678 barbaricis
2683 3633 2789 3676 no-

203 3715 466 3778 minibus
507 3713 667 3776 nulla
712 3717 800 3778 sui
845 3717 1076 3778 ratione
1118 3724 1280 3787 sunt,
1329 3715 1432 3777 sed
1461 3714 1622 3797 quali
1663 3715 1961 3788 volumuS,
2009 3734 2149 3777 sane
2196 3733 2315 3778 non
2360 3733 2605 3798 aspero,
2650 3735 2791 3798 pro·

203 3819 468 3881 feramus
521 3826 788 3880 accentu.
876 3819 1099 3880 Graeca
1155 3826 1350 3879 autem
1413 3820 1534 3880 suis
1589 3818 1931 3881 accentibus
1992 3818 2430 3899 pronuntianda
2487 3837 2619 3882 esse
2685 3838 2791 3882 no-

203 3939 460 3984 scamus.
696 3988 726 4007 ·
1205 3908 1212 3914 ’
1711 3978 1714 3981 .

374 4024 740 4085 Accentuum
786 4031 982 4084 autem
1027 4039 1202 4104 saepe
1247 4022 1490 4101 dissipat
1531 4021 1725 4101 legem
1759 4021 1845 4084 vel
1885 4022 2211 4095 distinctio,
2257 4032 2349 4095 ut,
2397 4041 2531 4085 cum
2578 4021 2791 4086 debeat
2814 4039 2865 4082 ss

351 4247 380 4298 1
421 4248 566 4298 cuius
602 4254 773 4296 tamen
807 4245 1064 4310 positione
1088 4245 1258 4296 media
1287 4243 1344 4293 iit
1374 4246 1526 4311 longa
1550 4243 1702 4295 Bcui
1738 4251 1905 4294 tamen
1944 4245 2114 4296 media
2138 4245 2395 4312 positione
2430 4243 2587 4312 longa
2622 4245 2675 4296 F

209 4319 259 4367 in
300 4316 484 4368 bachio
517 4315 736 4366 naturali
773 4325 824 4366 et
859 4317 912 4365 in
948 4315 1238 4366 antibachio
1272 4315 1355 4364 cui
1388 4313 1441 4364 F
1607 4315 1642 4364 2
1669 4313 1927 4380 positione
1960 4315 2018 4366 flt
2050 4315 2104 4368 B
2273 4313 2307 4367 3
2342 4314 2497 4365 huius
2526 4315 2665 4365 modi
2700 4316 2785 4378 qui

207 4403 320 4438 esse
357 4401 461 4438 non
495 4387 697 4453 possint
729 4384 782 4435 F
951 4387 1004 4435 in
1041 4400 1140 4450 qua
1170 4393 1316 4451 parte
1350 4385 1404 4435 in
1437 4383 1744 4450 trissyllabis
1778 4383 1832 4434 F
1995 4386 2032 4436 4
2062 4385 2117 4434 in
2153 4385 2315 4436 tribus
2348 4385 2563 4448 syllabis
2596 4384 2650 4437 B

205 4458 241 4509 6
282 4460 334 4506 in
371 4457 532 4508 tribus
580 4456 794 4522 syllabis
827 4454 998 4522 longis
1043 4463 1224 4506 natura
1255 4454 1565 4521 peneultima
1594 4455 1644 4504 F
1684 4456 1739 4504 in
1774 4455 1938 4506 tribus
1974 4454 2147 4520 longis
2188 4453 2472 4521 penultima
2515 4455 2715 4506 acuitur
2751 4468 2787 4510 ς

207 4528 238 4577 7
272 4541 400 4578 uero
427 4528 494 4577 sit
519 4526 674 4593 longa
699 4527 753 4577 F
839 4523 876 4576 8
901 4529 1128 4590 fortasse
1173 4525 1350 4576 amicis
1451 4523 1487 4576 9
1522 4525 1696 4576 breuis
1730 4536 1808 4576 est
1844 4534 1932 4576 aut
1954 4540 2003 4589 q.
2032 4524 2313 4592 possitione
2339 4524 2496 4591 longa
2532 4525 2601 4575 sit
2632 4523 2685 4575 I?

165 4635 170 4638 -
207 4597 262 4648 lit
297 4598 459 4665 longa
495 4609 532 4654 ς
565 4598 633 4647 sit
656 4596 813 4664 longa
844 4597 898 4646 B
1001 4594 1066 4645 18
1093 4595 1300 4646 catellus
1328 4595 1381 4645 F
1467 4593 1536 4645 20
1571 4611 1686 4646 cum
1709 4593 1920 4660 reliquis
1956 4594 2244 4646 accentibus
2260 4594 2531 4647 Ριωεὴίω
2635 4593 2793 4645 flatF

207 4667 260 4718 fit
292 4682 327 4726 ς
429 4668 498 4719 21
535 4683 650 4717 cum
686 4665 872 4720 ceteris
906 4667 1198 4717 accentibus
1229 4679 1266 4723 ς
1369 4665 1438 4718 23
1471 4665 1628 4717 habet
1657 4682 1749 4717 om.
1781 4665 1837 4717 B
1936 4665 2009 4716 24
2041 4665 2361 4716 sermonibus
2394 4665 2446 4715 B
2480 4665 2787 4716 dictionibus

207 4737 258 4787 R
389 4737 460 4790 25
495 4736 618 4788 dicit
642 4738 695 4789 B
727 4739 858 4789 dixit
893 4739 946 4788 F
1109 4737 1177 4788 27
1215 4751 1315 4801 quo
1351 4736 1504 4786 modo
1538 4735 1678 4802 hyfln
1716 4736 1771 4786 F
1942 4734 2011 4786 28
2045 4749 2138 4802 pro
2178 4733 2493 4800 supet-fluuio
2530 4737 2583 4787 F
2718 4733 2789 4786 29

209 4807 456 4874 legitimis
502 4807 701 4858 duobus
745 4809 857 4859 iure
897 4809 948 4858 in
989 4807 1210 4858 dictione
1250 4805 1412 4873 (corn
1464 4807 1518 4855 in
1554 4804 1821 4870 dictionis)
1856 4805 2053 4872 positus
2086 4805 2140 4856 B
2173 4805 2434 4872 legitimus
2469 4805 2670 4857 duobus
2703 4821 2784 4856 ac·

210 4879 438 4930 centibus
475 4879 616 4929 iurae
647 4879 884 4930 dictionis
921 4879 1150 4944 possitus
1189 4879 1241 4928 F
1373 4877 1438 4928 31
1477 4883 1749 4942 potuerunt
1774 4876 1826 4925 F
1957 4875 2024 4928 32
2062 4886 2179 4928 sunt
2214 4893 2307 4928 om.
2347 4876 2400 4927 B

2248 4961 2381 5030 31*
