<?xml version="1.0" encoding="UTF-8"?>
<!DOCTYPE html PUBLIC "-//W3C//DTD XHTML 1.0 Transitional//EN"
    "http://www.w3.org/TR/xhtml1/DTD/xhtml1-transitional.dtd">
<html xmlns="http://www.w3.org/1999/xhtml" xml:lang="en" lang="en">
 <head>
  <title>
</title>
<meta http-equiv="Content-Type" content="text/html;charset=utf-8" />
  <meta name='ocr-system' content='tesseract 3.04.00' />
  <meta name='ocr-capabilities' content='ocr_page ocr_carea ocr_par ocr_line ocrx_word'/>
</head>
<body>
  <div class='ocr_page' id='page_1' title='image "./grammaticilatin01unkngoog_0273.png"; bbox 0 0 3434 5442; ppageno 0'>
   <div class='ocr_carea' id='block_1_1' title="bbox 625 324 2042 391">
    <p class='ocr_par' dir='ltr' id='par_1_1' title="bbox 625 324 2042 391">
     <span class='ocr_line' id='line_1_1' title="bbox 625 324 2042 391; baseline 0.001 -2"><span class='ocrx_word' id='word_1_1' title='bbox 625 324 752 390; x_wconf 81' lang='lat'><strong>212</strong></span> <span class='ocrx_word' id='word_1_2' title='bbox 1812 324 2042 391; x_wconf 79' lang='lat' dir='ltr'><strong>Pnom</strong></span> 
     </span>
    </p>
   </div>
   <div class='ocr_carea' id='block_1_2' title="bbox 801 444 3241 587">
    <p class='ocr_par' dir='ltr' id='par_1_2' title="bbox 801 444 3241 587">
     <span class='ocr_line' id='line_1_2' title="bbox 2792 444 3119 500; baseline 0.003 -14"><span class='ocrx_word' id='word_1_3' title='bbox 2792 458 2837 500; x_wconf 78' lang='grc' dir='ltr'><strong>ρ.</strong></span> <span class='ocrx_word' id='word_1_4' title='bbox 2866 445 3033 487; x_wconf 60' lang='lat' dir='ltr'><strong>aba</strong></span> <span class='ocrx_word' id='word_1_5' title='bbox 3064 444 3119 487; x_wconf 85' lang='lat' dir='ltr'><strong>V.</strong></span> 
     </span>
     <span class='ocr_line' id='line_1_3' title="bbox 801 516 3241 587; baseline 0 -10"><span class='ocrx_word' id='word_1_6' title='bbox 801 516 1164 577; x_wconf 77' lang='lat' dir='ltr'><strong>criminosus</strong></span> <span class='ocrx_word' id='word_1_7' title='bbox 1207 533 1282 577; x_wconf 86' lang='lat' dir='ltr'><strong>an</strong></span> <span class='ocrx_word' id='word_1_8' title='bbox 1326 516 1704 577; x_wconf 76' lang='lat' dir='ltr'><strong>criminator?</strong></span> <span class='ocrx_word' id='word_1_9' title='bbox 1770 516 2125 577; x_wconf 85' lang='lat' dir='ltr'><strong>criminosus</strong></span> <span class='ocrx_word' id='word_1_10' title='bbox 2170 523 2260 577; x_wconf 89' lang='lat' dir='ltr'><strong>est</strong></span> <span class='ocrx_word' id='word_1_11' title='bbox 2304 516 2649 579; x_wconf 75' lang='lat' dir='ltr'><strong>criminibus</strong></span> <span class='ocrx_word' id='word_1_12' title='bbox 2686 516 3011 587; x_wconf 83' lang='lat' dir='ltr'><strong>obnoxius,</strong></span> <span class='ocrx_word' id='word_1_13' title='bbox 3070 520 3241 579; x_wconf 84' lang='lat' dir='ltr'><strong>sicut</strong></span> 
     </span>
    </p>
   </div>
   <div class='ocr_carea' id='block_1_3' title="bbox 542 616 3274 4369">
    <p class='ocr_par' dir='ltr' id='par_1_3' title="bbox 625 616 3237 797">
     <span class='ocr_line' id='line_1_4' title="bbox 628 616 3237 697; baseline 0 -18"><span class='ocrx_word' id='word_1_14' title='bbox 628 620 952 681; x_wconf 86' lang='lat' dir='ltr'><strong>invidiosus</strong></span> <span class='ocrx_word' id='word_1_15' title='bbox 995 617 1242 679; x_wconf 86' lang='lat' dir='ltr'><strong>invidiae</strong></span> <span class='ocrx_word' id='word_1_16' title='bbox 1285 616 1620 687; x_wconf 87' lang='lat' dir='ltr'><strong>subiectus;</strong></span> <span class='ocrx_word' id='word_1_17' title='bbox 1681 619 2029 679; x_wconf 79' lang='lat' dir='ltr'>criminator</span> <span class='ocrx_word' id='word_1_18' title='bbox 2072 624 2297 689; x_wconf 86' lang='lat' dir='ltr'><strong>autem,</strong></span> <span class='ocrx_word' id='word_1_19' title='bbox 2356 620 2457 697; x_wconf 85' lang='lat' dir='ltr'><strong>qui</strong></span> <span class='ocrx_word' id='word_1_20' title='bbox 2501 620 2725 679; x_wconf 77' lang='lat' dir='ltr'><strong>crimen</strong></span> <span class='ocrx_word' id='word_1_21' title='bbox 2772 616 2987 689; x_wconf 90' lang='lat' dir='ltr'><strong>obicit,</strong></span> <span class='ocrx_word' id='word_1_22' title='bbox 3044 637 3237 679; x_wconf 86' lang='lat' dir='ltr'><strong>accu-</strong></span> 
     </span>
     <span class='ocr_line' id='line_1_5' title="bbox 625 722 1242 797; baseline 0.003 -18"><span class='ocrx_word' id='word_1_23' title='bbox 625 726 805 791; x_wconf 87' lang='lat' dir='ltr'><strong>sator,</strong></span> <span class='ocrx_word' id='word_1_24' title='bbox 851 722 952 797; x_wconf 89' lang='lat' dir='ltr'><strong>qui</strong></span> <span class='ocrx_word' id='word_1_25' title='bbox 989 728 1242 781; x_wconf 86' lang='lat' dir='ltr'><strong>accusat.</strong></span> 
     </span>
    </p>

    <p class='ocr_par' dir='ltr' id='par_1_4' title="bbox 796 821 3233 901">
     <span class='ocr_line' id='line_1_6' title="bbox 796 821 3233 901; baseline 0 -18"><span class='ocrx_word' id='word_1_26' title='bbox 796 821 1043 901; x_wconf 85' lang='lat' dir='ltr'><strong>Fetigati</strong></span> <span class='ocrx_word' id='word_1_27' title='bbox 1085 839 1160 881; x_wconf 89' lang='lat' dir='ltr'><strong>an</strong></span> <span class='ocrx_word' id='word_1_28' title='bbox 1205 822 1464 901; x_wconf 74' lang='lat' dir='ltr'><strong>fatigati?</strong></span> <span class='ocrx_word' id='word_1_29' title='bbox 1517 822 1731 884; x_wconf 87' lang='lat' dir='ltr'><strong>melius</strong></span> <span class='ocrx_word' id='word_1_30' title='bbox 1776 822 2027 901; x_wconf 65' lang='lat' dir='ltr'><strong>leugati,</strong></span> <span class='ocrx_word' id='word_1_31' title='bbox 2078 822 2237 901; x_wconf 89' lang='lat' dir='ltr'><strong>quod</strong></span> <span class='ocrx_word' id='word_1_32' title='bbox 2282 822 2463 899; x_wconf 82' lang='lat' dir='ltr'><strong>setigo</strong></span> <span class='ocrx_word' id='word_1_33' title='bbox 2506 823 2736 885; x_wconf 90' lang='lat' dir='ltr'><strong>dicatur</strong></span> <span class='ocrx_word' id='word_1_34' title='bbox 2782 830 2843 883; x_wconf 91' lang='lat' dir='ltr'><strong>et</strong></span> <span class='ocrx_word' id='word_1_35' title='bbox 2883 822 3055 891; x_wconf 80' lang='lat' dir='ltr'><strong>fessi,</strong></span> <span class='ocrx_word' id='word_1_36' title='bbox 3102 840 3233 883; x_wconf 88' lang='lat' dir='ltr'><strong>non</strong></span> 
     </span>
    </p>

    <p class='ocr_par' dir='ltr' id='par_1_5' title="bbox 573 922 3141 1004">
     <span class='ocr_line' id='line_1_7' title="bbox 573 922 3141 1004; baseline -0.001 -16"><span class='ocrx_word' id='word_1_37' title='bbox 573 949 600 988; x_wconf 72' lang='lat'>⁵</span> <span class='ocrx_word' id='word_1_38' title='bbox 628 923 785 986; x_wconf 78' lang='lat' dir='ltr'><strong>lassi.</strong></span> <span class='ocrx_word' id='word_1_39' title='bbox 875 922 1013 983; x_wconf 77' lang='lat' dir='ltr'><strong>fassi</strong></span> <span class='ocrx_word' id='word_1_40' title='bbox 1055 930 1250 984; x_wconf 86' lang='lat' dir='ltr'><strong>autem</strong></span> <span class='ocrx_word' id='word_1_41' title='bbox 1293 925 1615 1001; x_wconf 84' lang='lat' dir='ltr'><strong>praeterito</strong></span> <span class='ocrx_word' id='word_1_42' title='bbox 1659 932 1931 1004; x_wconf 87' lang='lat' dir='ltr'><strong>tempore</strong></span> <span class='ocrx_word' id='word_1_43' title='bbox 1978 924 2299 993; x_wconf 77' lang='lat' dir='ltr'><strong>confessos,</strong></span> <span class='ocrx_word' id='word_1_44' title='bbox 2346 942 2465 985; x_wconf 90' lang='lat' dir='ltr'><strong>non</strong></span> <span class='ocrx_word' id='word_1_45' title='bbox 2512 924 2786 1002; x_wconf 81' lang='lat' dir='ltr'><strong>fatigatos</strong></span> <span class='ocrx_word' id='word_1_46' title='bbox 2822 924 3141 1003; x_wconf 80' lang='lat' dir='ltr'><strong>significat.</strong></span> 
     </span>
    </p>

    <p class='ocr_par' dir='ltr' id='par_1_6' title="bbox 625 1024 3233 1400">
     <span class='ocr_line' id='line_1_8' title="bbox 795 1024 3233 1095; baseline -0 -9"><span class='ocrx_word' id='word_1_47' title='bbox 795 1024 1060 1086; x_wconf 77' lang='lat' dir='ltr'><strong>Minister</strong></span> <span class='ocrx_word' id='word_1_48' title='bbox 1104 1044 1178 1085; x_wconf 89' lang='lat' dir='ltr'><strong>an</strong></span> <span class='ocrx_word' id='word_1_49' title='bbox 1217 1027 1620 1087; x_wconf 82' lang='lat' dir='ltr'><strong>ministrator?</strong></span> <span class='ocrx_word' id='word_1_50' title='bbox 1677 1027 1947 1088; x_wconf 84' lang='lat' dir='ltr'><strong>minister</strong></span> <span class='ocrx_word' id='word_1_51' title='bbox 1998 1026 2301 1087; x_wconf 87' lang='lat' dir='ltr'><strong>cottidiani</strong></span> <span class='ocrx_word' id='word_1_52' title='bbox 2344 1026 2523 1087; x_wconf 81' lang='lat' dir='ltr'><strong>officii</strong></span> <span class='ocrx_word' id='word_1_53' title='bbox 2566 1026 2797 1087; x_wconf 80' lang='lat' dir='ltr'><strong>videtur</strong></span> <span class='ocrx_word' id='word_1_54' title='bbox 2838 1042 3002 1095; x_wconf 85' lang='lat' dir='ltr'><strong>esse,</strong></span> <span class='ocrx_word' id='word_1_55' title='bbox 3048 1027 3233 1085; x_wconf 89' lang='lat' dir='ltr'><strong>mini-</strong></span> 
     </span>
     <span class='ocr_line' id='line_1_9' title="bbox 625 1126 3231 1207; baseline 0 -20"><span class='ocrx_word' id='word_1_56' title='bbox 625 1134 846 1187; x_wconf 84' lang='lat' dir='ltr'><strong>strator</strong></span> <span class='ocrx_word' id='word_1_57' title='bbox 877 1132 1070 1188; x_wconf 84' lang='lat' dir='ltr'><strong>autem</strong></span> <span class='ocrx_word' id='word_1_58' title='bbox 1105 1134 1174 1187; x_wconf 93' lang='lat' dir='ltr'><strong>ut</strong></span> <span class='ocrx_word' id='word_1_59' title='bbox 1199 1127 1636 1189; x_wconf 85' lang='lat' dir='ltr'><strong>administrator</strong></span> <span class='ocrx_word' id='word_1_60' title='bbox 1671 1129 1733 1189; x_wconf 91' lang='lat' dir='ltr'><strong>in</strong></span> <span class='ocrx_word' id='word_1_61' title='bbox 1768 1146 1837 1189; x_wconf 83' lang='lat' dir='ltr'><strong>re</strong></span> <span class='ocrx_word' id='word_1_62' title='bbox 1865 1126 2103 1207; x_wconf 86' lang='lat' dir='ltr'><strong>publica</strong></span> <span class='ocrx_word' id='word_1_63' title='bbox 2140 1127 2229 1191; x_wconf 76' lang='lat' dir='ltr'><strong>vel</strong></span> <span class='ocrx_word' id='word_1_64' title='bbox 2258 1130 2495 1206; x_wconf 84' lang='lat' dir='ltr'><strong>saepius</strong></span> <span class='ocrx_word' id='word_1_65' title='bbox 2530 1128 2667 1207; x_wconf 87' lang='lat' dir='ltr'><strong>quid</strong></span> <span class='ocrx_word' id='word_1_66' title='bbox 2708 1128 2951 1189; x_wconf 74' lang='lat' dir='ltr'><strong>faciens.</strong></span> <span class='ocrx_word' id='word_1_67' title='bbox 3020 1129 3231 1207; x_wconf 83' lang='lat' dir='ltr'><strong>itaque</strong></span> 
     </span>
     <span class='ocr_line' id='line_1_10' title="bbox 626 1228 3231 1309; baseline -0.001 -19"><span class='ocrx_word' id='word_1_68' title='bbox 626 1229 836 1291; x_wconf 88' lang='lat' dir='ltr'><strong>Cicero</strong></span> <span class='ocrx_word' id='word_1_69' title='bbox 893 1231 1161 1296; x_wconf 85' lang='lat' dir='ltr'><strong>oratione</strong></span> <span class='ocrx_word' id='word_1_70' title='bbox 1205 1230 1467 1291; x_wconf 83' lang='lat' dir='ltr'><strong>secunda</strong></span> <span class='ocrx_word' id='word_1_71' title='bbox 1533 1247 1644 1309; x_wconf 88' lang='lat' dir='ltr'><strong>pro</strong></span> <span class='ocrx_word' id='word_1_72' title='bbox 1689 1228 1961 1292; x_wconf 86' lang='lat' dir='ltr'><strong>Cornelio</strong></span> <span class='ocrx_word' id='word_1_73' title='bbox 2029 1231 2292 1309; x_wconf 75' lang='lat' dir='ltr'><strong>‘quare</strong></span> <span class='ocrx_word' id='word_1_74' title='bbox 2352 1230 2721 1291; x_wconf 85' lang='lat' dir='ltr'><strong>hominem</strong></span> <span class='ocrx_word' id='word_1_75' title='bbox 2792 1230 3231 1307; x_wconf 80' lang='lat' dir='ltr'><strong>inpugnare</strong></span> 
     </span>
     <span class='ocr_line' id='line_1_11' title="bbox 625 1330 2492 1400; baseline 0.001 -11"><span class='ocrx_word' id='word_1_76' title='bbox 625 1347 768 1391; x_wconf 89' lang='lat' dir='ltr'><strong>non</strong></span> <span class='ocrx_word' id='word_1_77' title='bbox 817 1330 1200 1400; x_wconf 86' lang='lat' dir='ltr'><strong>desinunt,</strong></span> <span class='ocrx_word' id='word_1_78' title='bbox 1251 1332 1388 1393; x_wconf 88' lang='lat' dir='ltr'><strong>nisi</strong></span> <span class='ocrx_word' id='word_1_79' title='bbox 1433 1334 1747 1393; x_wconf 88' lang='lat' dir='ltr'><strong>remotis</strong></span> <span class='ocrx_word' id='word_1_80' title='bbox 1788 1332 2492 1393; x_wconf 85' lang='lat' dir='ltr'><strong>ministratoribus&#39;.</strong></span> 
     </span>
    </p>

    <p class='ocr_par' dir='ltr' id='par_1_7' title="bbox 549 1431 3227 1821">
     <span class='ocr_line' id='line_1_12' title="bbox 549 1431 3225 1515; baseline 0 -22"><span class='ocrx_word' id='word_1_81' title='bbox 549 1456 599 1495; x_wconf 81' lang='grc' dir='ltr'><strong>ιο</strong></span> <span class='ocrx_word' id='word_1_82' title='bbox 797 1432 988 1495; x_wconf 83' lang='lat' dir='ltr'><strong>Nasus</strong></span> <span class='ocrx_word' id='word_1_83' title='bbox 1029 1433 1127 1494; x_wconf 88' lang='lat' dir='ltr'><strong>hic</strong></span> <span class='ocrx_word' id='word_1_84' title='bbox 1167 1450 1243 1493; x_wconf 90' lang='lat' dir='ltr'><strong>an</strong></span> <span class='ocrx_word' id='word_1_85' title='bbox 1287 1432 1402 1494; x_wconf 88' lang='lat' dir='ltr'><strong>hoc</strong></span> <span class='ocrx_word' id='word_1_86' title='bbox 1445 1435 1693 1495; x_wconf 77' lang='lat' dir='ltr'><strong>nasum?</strong></span> <span class='ocrx_word' id='word_1_87' title='bbox 1738 1436 1963 1515; x_wconf 80' lang='lat' dir='ltr'><strong>antiqui</strong></span> <span class='ocrx_word' id='word_1_88' title='bbox 2002 1434 2347 1495; x_wconf 84' lang='lat' dir='ltr'><strong>neutraliter</strong></span> <span class='ocrx_word' id='word_1_89' title='bbox 2390 1432 2695 1503; x_wconf 85' lang='lat' dir='ltr'><strong>dicebant;</strong></span> <span class='ocrx_word' id='word_1_90' title='bbox 2750 1435 2949 1511; x_wconf 88' lang='lat' dir='ltr'><strong>itaque</strong></span> <span class='ocrx_word' id='word_1_91' title='bbox 2996 1431 3225 1493; x_wconf 83' lang='lat' dir='ltr'><strong>Lucre-</strong></span> 
     </span>
     <span class='ocr_line' id='line_1_13' title="bbox 627 1534 3227 1614; baseline 0.001 -21"><span class='ocrx_word' id='word_1_92' title='bbox 627 1535 741 1596; x_wconf 85' lang='lat' dir='ltr'><strong>tius</strong></span> <span class='ocrx_word' id='word_1_93' title='bbox 800 1537 1090 1597; x_wconf 76' lang='lat' dir='ltr'><strong>‘nasum</strong></span> <span class='ocrx_word' id='word_1_94' title='bbox 1147 1534 1529 1597; x_wconf 85' lang='lat' dir='ltr'><strong>diductius</strong></span> <span class='ocrx_word' id='word_1_95' title='bbox 1589 1554 1799 1614; x_wconf 87' lang='lat' dir='ltr'><strong>quam</strong></span> <span class='ocrx_word' id='word_1_96' title='bbox 1860 1537 2179 1614; x_wconf 84' lang='lat' dir='ltr'><strong>pandius</strong></span> <span class='ocrx_word' id='word_1_97' title='bbox 2236 1535 2456 1614; x_wconf 88' lang='lat' dir='ltr'><strong>paulo</strong></span> <span class='ocrx_word' id='word_1_98' title='bbox 2502 1534 2821 1597; x_wconf 74' lang='lat' dir='ltr'><strong>vellem’.</strong></span> <span class='ocrx_word' id='word_1_99' title='bbox 2913 1536 3019 1614; x_wconf 89' lang='lat' dir='ltr'><strong>qui</strong></span> <span class='ocrx_word' id='word_1_100' title='bbox 3062 1552 3227 1595; x_wconf 86' lang='lat' dir='ltr'><strong>nuuc</strong></span> 
     </span>
     <span class='ocr_line' id='line_1_14' title="bbox 627 1636 3224 1718; baseline 0 -23"><span class='ocrx_word' id='word_1_101' title='bbox 627 1636 954 1698; x_wconf 87' lang='lat' dir='ltr'><strong>masculino</strong></span> <span class='ocrx_word' id='word_1_102' title='bbox 995 1654 1214 1716; x_wconf 84' lang='lat' dir='ltr'><strong>genere</strong></span> <span class='ocrx_word' id='word_1_103' title='bbox 1257 1637 1490 1699; x_wconf 86' lang='lat' dir='ltr'><strong>dicitur.</strong></span> <span class='ocrx_word' id='word_1_104' title='bbox 1579 1655 1714 1698; x_wconf 89' lang='lat' dir='ltr'><strong>nam</strong></span> <span class='ocrx_word' id='word_1_105' title='bbox 1742 1638 1962 1700; x_wconf 69' lang='lat' dir='ltr'><strong>Bicero</strong></span> <span class='ocrx_word' id='word_1_106' title='bbox 2021 1640 2279 1699; x_wconf 78' lang='lat' dir='ltr'><strong>‘nasus</strong></span> <span class='ocrx_word' id='word_1_107' title='bbox 2333 1640 2619 1718; x_wconf 86' lang='lat' dir='ltr'><strong>itaque,</strong></span> <span class='ocrx_word' id='word_1_108' title='bbox 2678 1638 2801 1715; x_wconf 89' lang='lat' dir='ltr'><strong>qui</strong></span> <span class='ocrx_word' id='word_1_109' title='bbox 2854 1636 3224 1697; x_wconf 87' lang='lat' dir='ltr'><strong>diductus</strong></span> 
     </span>
     <span class='ocr_line' id='line_1_15' title="bbox 627 1737 2771 1821; baseline 0.001 -24"><span class='ocrx_word' id='word_1_110' title='bbox 627 1744 766 1807; x_wconf 85' lang='lat' dir='ltr'><strong>est,</strong></span> <span class='ocrx_word' id='word_1_111' title='bbox 811 1740 1028 1817; x_wconf 83' lang='lat' dir='ltr'><strong>quasi</strong></span> <span class='ocrx_word' id='word_1_112' title='bbox 1073 1756 1323 1800; x_wconf 86' lang='lat' dir='ltr'><strong>murus</strong></span> <span class='ocrx_word' id='word_1_113' title='bbox 1367 1737 1610 1801; x_wconf 88' lang='lat' dir='ltr'><strong>oculis</strong></span> <span class='ocrx_word' id='word_1_114' title='bbox 1654 1739 2115 1821; x_wconf 85' lang='lat' dir='ltr'><strong>interiectus</strong></span> <span class='ocrx_word' id='word_1_115' title='bbox 2158 1758 2323 1801; x_wconf 91' lang='lat' dir='ltr'><strong>esse</strong></span> <span class='ocrx_word' id='word_1_116' title='bbox 2366 1739 2771 1800; x_wconf 84' lang='lat' dir='ltr'><strong>videatur’.</strong></span> 
     </span>
    </p>

    <p class='ocr_par' dir='ltr' id='par_1_8' title="bbox 796 1840 3223 1920">
     <span class='ocr_line' id='line_1_16' title="bbox 796 1840 3223 1920; baseline -0.001 -19"><span class='ocrx_word' id='word_1_117' title='bbox 796 1840 1171 1919; x_wconf 83' lang='lat' dir='ltr'><strong>Podagrosus</strong></span> <span class='ocrx_word' id='word_1_118' title='bbox 1243 1859 1314 1901; x_wconf 88' lang='lat' dir='ltr'><strong>an</strong></span> <span class='ocrx_word' id='word_1_119' title='bbox 1387 1840 1785 1919; x_wconf 81' lang='lat' dir='ltr'><strong>podagricus?</strong></span> <span class='ocrx_word' id='word_1_120' title='bbox 1859 1841 2227 1920; x_wconf 83' lang='lat' dir='ltr'><strong>podagrosus</strong></span> <span class='ocrx_word' id='word_1_121' title='bbox 2286 1860 2319 1901; x_wconf 87' lang='lat' dir='ltr'><strong>a</strong></span> <span class='ocrx_word' id='word_1_122' title='bbox 2381 1841 2675 1920; x_wconf 85' lang='lat' dir='ltr'><strong>podagra,</strong></span> <span class='ocrx_word' id='word_1_123' title='bbox 2748 1842 2901 1901; x_wconf 87' lang='lat' dir='ltr'><strong>sicut</strong></span> <span class='ocrx_word' id='word_1_124' title='bbox 2960 1856 3223 1917; x_wconf 81' lang='lat' dir='ltr'><strong>rugosus</strong></span> 
     </span>
    </p>

    <p class='ocr_par' dir='ltr' id='par_1_9' title="bbox 551 1958 867 2019">
     <span class='ocr_line' id='line_1_17' title="bbox 551 1958 867 2019; baseline -0.013 -13"><span class='ocrx_word' id='word_1_125' title='bbox 551 1966 600 2006; x_wconf 67' lang='grc' dir='ltr'><strong>ιε</strong></span> <span class='ocrx_word' id='word_1_126' title='bbox 630 1962 662 2003; x_wconf 90' lang='lat' dir='ltr'><strong>a</strong></span> <span class='ocrx_word' id='word_1_127' title='bbox 697 1958 867 2019; x_wconf 82' lang='lat' dir='ltr'><strong>ruga.</strong></span> 
     </span>
    </p>

    <p class='ocr_par' dir='ltr' id='par_1_10' title="bbox 623 2042 3226 2432">
     <span class='ocr_line' id='line_1_18' title="bbox 797 2042 3221 2124; baseline -0.002 -18"><span class='ocrx_word' id='word_1_128' title='bbox 797 2046 1062 2124; x_wconf 87' lang='lat' dir='ltr'><strong>Sponsor</strong></span> <span class='ocrx_word' id='word_1_129' title='bbox 1119 2063 1194 2106; x_wconf 90' lang='lat' dir='ltr'><strong>an</strong></span> <span class='ocrx_word' id='word_1_130' title='bbox 1249 2052 1308 2105; x_wconf 87' lang='lat' dir='ltr'><strong>et</strong></span> <span class='ocrx_word' id='word_1_131' title='bbox 1359 2046 1642 2107; x_wconf 79' lang='lat' dir='ltr'><strong>feminino</strong></span> <span class='ocrx_word' id='word_1_132' title='bbox 1705 2062 1927 2123; x_wconf 81' lang='lat' dir='ltr'><strong>genere</strong></span> <span class='ocrx_word' id='word_1_133' title='bbox 1970 2046 2201 2107; x_wconf 85' lang='lat' dir='ltr'><strong>dicatur</strong></span> <span class='ocrx_word' id='word_1_134' title='bbox 2254 2045 2590 2123; x_wconf 73' lang='lat' dir='ltr'><strong>sponstrix?</strong></span> <span class='ocrx_word' id='word_1_135' title='bbox 2648 2046 2775 2106; x_wconf 88' lang='lat' dir='ltr'><strong>sine</strong></span> <span class='ocrx_word' id='word_1_136' title='bbox 2826 2042 3011 2105; x_wconf 87' lang='lat' dir='ltr'><strong>dubio</strong></span> <span class='ocrx_word' id='word_1_137' title='bbox 3062 2045 3221 2103; x_wconf 86' lang='lat' dir='ltr'><strong>ratio</strong></span> 
     </span>
     <span class='ocr_line' id='line_1_19' title="bbox 623 2145 3223 2226; baseline -0.001 -19"><span class='ocrx_word' id='word_1_138' title='bbox 623 2146 962 2207; x_wconf 84' lang='lat' dir='ltr'><strong>definitione</strong></span> <span class='ocrx_word' id='word_1_139' title='bbox 999 2164 1104 2209; x_wconf 87' lang='lat' dir='ltr'><strong>sua</strong></span> <span class='ocrx_word' id='word_1_140' title='bbox 1143 2154 1591 2226; x_wconf 84' lang='lat' dir='ltr'><strong>perseveranter</strong></span> <span class='ocrx_word' id='word_1_141' title='bbox 1635 2148 1871 2217; x_wconf 87' lang='lat' dir='ltr'><strong>nititur,</strong></span> <span class='ocrx_word' id='word_1_142' title='bbox 1930 2164 2079 2226; x_wconf 85' lang='lat' dir='ltr'><strong>quae</strong></span> <span class='ocrx_word' id='word_1_143' title='bbox 2126 2148 2319 2209; x_wconf 87' lang='lat' dir='ltr'><strong>omnia</strong></span> <span class='ocrx_word' id='word_1_144' title='bbox 2360 2148 2597 2207; x_wconf 86' lang='lat' dir='ltr'><strong>nomina</strong></span> <span class='ocrx_word' id='word_1_145' title='bbox 2645 2145 2967 2207; x_wconf 86' lang='lat' dir='ltr'><strong>masculina</strong></span> <span class='ocrx_word' id='word_1_146' title='bbox 3023 2146 3223 2206; x_wconf 85' lang='lat' dir='ltr'><strong>nomi-</strong></span> 
     </span>
     <span class='ocr_line' id='line_1_20' title="bbox 623 2247 3226 2330; baseline -0.002 -21"><span class='ocrx_word' id='word_1_147' title='bbox 623 2252 818 2310; x_wconf 87' lang='lat' dir='ltr'><strong>nativo</strong></span> <span class='ocrx_word' id='word_1_148' title='bbox 865 2248 1153 2328; x_wconf 82' lang='lat' dir='ltr'><strong>singulari</strong></span> <span class='ocrx_word' id='word_1_149' title='bbox 1196 2268 1266 2309; x_wconf 87' lang='lat' dir='ltr'><strong>or</strong></span> <span class='ocrx_word' id='word_1_150' title='bbox 1309 2248 1530 2330; x_wconf 84' lang='lat' dir='ltr'><strong>syllaba</strong></span> <span class='ocrx_word' id='word_1_151' title='bbox 1585 2249 1784 2311; x_wconf 88' lang='lat' dir='ltr'><strong>clausa</strong></span> <span class='ocrx_word' id='word_1_152' title='bbox 1842 2248 2123 2309; x_wconf 78' lang='lat' dir='ltr'><strong>feminino</strong></span> <span class='ocrx_word' id='word_1_153' title='bbox 2168 2266 2388 2327; x_wconf 84' lang='lat' dir='ltr'><strong>genere</strong></span> <span class='ocrx_word' id='word_1_154' title='bbox 2436 2250 2551 2309; x_wconf 86' lang='lat' dir='ltr'><strong>trix</strong></span> <span class='ocrx_word' id='word_1_155' title='bbox 2594 2247 2816 2329; x_wconf 79' lang='lat' dir='ltr'><strong>syllaba</strong></span> <span class='ocrx_word' id='word_1_156' title='bbox 2862 2247 3103 2319; x_wconf 85' lang='lat' dir='ltr'><strong>delinit,</strong></span> <span class='ocrx_word' id='word_1_157' title='bbox 3158 2254 3226 2307; x_wconf 89' lang='lat' dir='ltr'><strong>ut</strong></span> 
     </span>
     <span class='ocr_line' id='line_1_21' title="bbox 623 2350 3222 2432; baseline -0.001 -22"><span class='ocrx_word' id='word_1_158' title='bbox 623 2350 814 2411; x_wconf 87' lang='lat' dir='ltr'><strong>cultor</strong></span> <span class='ocrx_word' id='word_1_159' title='bbox 859 2350 1102 2419; x_wconf 88' lang='lat' dir='ltr'><strong>cultrix,</strong></span> <span class='ocrx_word' id='word_1_160' title='bbox 1148 2352 1338 2412; x_wconf 79' lang='lat' dir='ltr'><strong>victor</strong></span> <span class='ocrx_word' id='word_1_161' title='bbox 1378 2353 1604 2413; x_wconf 84' lang='lat' dir='ltr'><strong>victrix.</strong></span> <span class='ocrx_word' id='word_1_162' title='bbox 1695 2370 1815 2432; x_wconf 91' lang='lat' dir='ltr'><strong>quo</strong></span> <span class='ocrx_word' id='word_1_163' title='bbox 1860 2352 2037 2413; x_wconf 88' lang='lat' dir='ltr'><strong>modo</strong></span> <span class='ocrx_word' id='word_1_164' title='bbox 2078 2369 2333 2431; x_wconf 86' lang='lat' dir='ltr'><strong>sponsor</strong></span> <span class='ocrx_word' id='word_1_165' title='bbox 2381 2352 2661 2412; x_wconf 82' lang='lat' dir='ltr'><strong>feminino</strong></span> <span class='ocrx_word' id='word_1_166' title='bbox 2708 2367 2943 2430; x_wconf 82' lang='lat' dir='ltr'><strong>quoque</strong></span> <span class='ocrx_word' id='word_1_167' title='bbox 2993 2366 3222 2429; x_wconf 81' lang='lat' dir='ltr'><strong>genere</strong></span> 
     </span>
    </p>

    <p class='ocr_par' dir='ltr' id='par_1_11' title="bbox 544 2451 1206 2530">
     <span class='ocr_line' id='line_1_22' title="bbox 544 2451 1206 2530; baseline 0.002 -18"><span class='ocrx_word' id='word_1_168' title='bbox 544 2472 596 2512; x_wconf 82' lang='lat'><strong>20</strong></span> <span class='ocrx_word' id='word_1_169' title='bbox 623 2451 854 2513; x_wconf 83' lang='lat' dir='ltr'><strong>dicetur</strong></span> <span class='ocrx_word' id='word_1_170' title='bbox 895 2454 1206 2530; x_wconf 86' lang='lat' dir='ltr'><strong>sponstrix.</strong></span> 
     </span>
    </p>

    <p class='ocr_par' dir='ltr' id='par_1_12' title="bbox 621 2552 3223 2941">
     <span class='ocr_line' id='line_1_23' title="bbox 796 2552 3223 2634; baseline 0 -21"><span class='ocrx_word' id='word_1_171' title='bbox 796 2552 1123 2631; x_wconf 86' lang='lat' dir='ltr'><strong>Scrupulus</strong></span> <span class='ocrx_word' id='word_1_172' title='bbox 1166 2554 1264 2613; x_wconf 90' lang='lat' dir='ltr'><strong>hic</strong></span> <span class='ocrx_word' id='word_1_173' title='bbox 1301 2571 1374 2614; x_wconf 87' lang='lat' dir='ltr'><strong>an</strong></span> <span class='ocrx_word' id='word_1_174' title='bbox 1427 2562 1486 2615; x_wconf 91' lang='lat' dir='ltr'><strong>et</strong></span> <span class='ocrx_word' id='word_1_175' title='bbox 1525 2554 1640 2615; x_wconf 89' lang='lat' dir='ltr'><strong>hoc</strong></span> <span class='ocrx_word' id='word_1_176' title='bbox 1677 2554 2065 2634; x_wconf 76' lang='lat' dir='ltr'><strong>scrupulum?</strong></span> <span class='ocrx_word' id='word_1_177' title='bbox 2118 2554 2482 2615; x_wconf 86' lang='lat' dir='ltr'><strong>consuetudo</strong></span> <span class='ocrx_word' id='word_1_178' title='bbox 2528 2552 2765 2633; x_wconf 87' lang='lat' dir='ltr'><strong>quidem</strong></span> <span class='ocrx_word' id='word_1_179' title='bbox 2810 2553 2925 2614; x_wconf 88' lang='lat' dir='ltr'><strong>hoc</strong></span> <span class='ocrx_word' id='word_1_180' title='bbox 2962 2571 3223 2631; x_wconf 81' lang='lat' dir='ltr'><strong>scrupu-</strong></span> 
     </span>
     <span class='ocr_line' id='line_1_24' title="bbox 622 2653 3223 2735; baseline -0 -20"><span class='ocrx_word' id='word_1_181' title='bbox 622 2653 776 2725; x_wconf 88' lang='lat' dir='ltr'><strong>lum,</strong></span> <span class='ocrx_word' id='word_1_182' title='bbox 837 2655 1066 2717; x_wconf 88' lang='lat' dir='ltr'><strong>erudita</strong></span> <span class='ocrx_word' id='word_1_183' title='bbox 1107 2673 1246 2716; x_wconf 86' lang='lat' dir='ltr'><strong>vero</strong></span> <span class='ocrx_word' id='word_1_184' title='bbox 1291 2654 1450 2716; x_wconf 83' lang='lat' dir='ltr'><strong>bunc</strong></span> <span class='ocrx_word' id='word_1_185' title='bbox 1491 2657 1837 2735; x_wconf 85' lang='lat' dir='ltr'><strong>scrupulum</strong></span> <span class='ocrx_word' id='word_1_186' title='bbox 1891 2658 2051 2717; x_wconf 81' lang='lat' dir='ltr'><strong>dixit.</strong></span> <span class='ocrx_word' id='word_1_187' title='bbox 2140 2656 2349 2717; x_wconf 82' lang='lat' dir='ltr'><strong>Cicero</strong></span> <span class='ocrx_word' id='word_1_188' title='bbox 2395 2673 2505 2734; x_wconf 87' lang='lat' dir='ltr'><strong>pro</strong></span> <span class='ocrx_word' id='word_1_189' title='bbox 2546 2654 2724 2717; x_wconf 85' lang='lat' dir='ltr'><strong>Sexto</strong></span> <span class='ocrx_word' id='word_1_190' title='bbox 2766 2654 3016 2724; x_wconf 84' lang='lat' dir='ltr'><strong>Roscio,</strong></span> <span class='ocrx_word' id='word_1_191' title='bbox 3072 2672 3223 2715; x_wconf 88' lang='lat' dir='ltr'><strong>cum</strong></span> 
     </span>
     <span class='ocr_line' id='line_1_25' title="bbox 629 2756 3223 2837; baseline -0 -20"><span class='ocrx_word' id='word_1_192' title='bbox 629 2757 989 2817; x_wconf 80' lang='lat' dir='ltr'><strong>mentionem</strong></span> <span class='ocrx_word' id='word_1_193' title='bbox 1033 2756 1403 2837; x_wconf 77' lang='lat' dir='ltr'><strong>Chrysogoni</strong></span> <span class='ocrx_word' id='word_1_194' title='bbox 1447 2760 1611 2828; x_wconf 80' lang='lat' dir='ltr'><strong>facit,</strong></span> <span class='ocrx_word' id='word_1_195' title='bbox 1659 2758 1893 2819; x_wconf 84' lang='lat' dir='ltr'><strong>‘hunc</strong></span> <span class='ocrx_word' id='word_1_196' title='bbox 1932 2759 2078 2820; x_wconf 86' lang='lat' dir='ltr'><strong>sibi</strong></span> <span class='ocrx_word' id='word_1_197' title='bbox 2122 2757 2593 2837; x_wconf 84' lang='lat' dir='ltr'><strong>scrupulum,</strong></span> <span class='ocrx_word' id='word_1_198' title='bbox 2640 2759 2761 2837; x_wconf 83' lang='lat' dir='ltr'><strong>qui</strong></span> <span class='ocrx_word' id='word_1_199' title='bbox 2808 2776 2883 2819; x_wconf 86' lang='lat' dir='ltr'><strong>se</strong></span> <span class='ocrx_word' id='word_1_200' title='bbox 2922 2757 3083 2818; x_wconf 85' lang='lat' dir='ltr'><strong>dies</strong></span> <span class='ocrx_word' id='word_1_201' title='bbox 3136 2774 3223 2817; x_wconf 84' lang='lat' dir='ltr'><strong>ac</strong></span> 
     </span>
     <span class='ocr_line' id='line_1_26' title="bbox 621 2858 3221 2941; baseline -0 -23"><span class='ocrx_word' id='word_1_202' title='bbox 621 2867 890 2921; x_wconf 86' lang='lat' dir='ltr'><strong>noctes</strong></span> <span class='ocrx_word' id='word_1_203' title='bbox 955 2861 1248 2938; x_wconf 84' lang='lat' dir='ltr'><strong>pungit,</strong></span> <span class='ocrx_word' id='word_1_204' title='bbox 1315 2866 1390 2921; x_wconf 87' lang='lat' dir='ltr'><strong>ut</strong></span> <span class='ocrx_word' id='word_1_205' title='bbox 1455 2859 1807 2923; x_wconf 85' lang='lat' dir='ltr'><strong>evellatis</strong></span> <span class='ocrx_word' id='word_1_206' title='bbox 1872 2859 2271 2941; x_wconf 88' lang='lat' dir='ltr'><strong>postulat’:</strong></span> <span class='ocrx_word' id='word_1_207' title='bbox 2336 2859 2490 2921; x_wconf 85' lang='lat' dir='ltr'><strong>idem</strong></span> <span class='ocrx_word' id='word_1_208' title='bbox 2564 2877 2675 2938; x_wconf 89' lang='lat' dir='ltr'><strong>pro</strong></span> <span class='ocrx_word' id='word_1_209' title='bbox 2718 2858 2987 2921; x_wconf 87' lang='lat' dir='ltr'><strong>Cluentio</strong></span> <span class='ocrx_word' id='word_1_210' title='bbox 3048 2858 3221 2919; x_wconf 89' lang='lat' dir='ltr'><strong>hunc</strong></span> 
     </span>
    </p>

    <p class='ocr_par' dir='ltr' id='par_1_13' title="bbox 542 2961 3218 3228">
     <span class='ocr_line' id='line_1_27' title="bbox 542 2961 3218 3042; baseline -0 -21"><span class='ocrx_word' id='word_1_211' title='bbox 542 2982 594 3021; x_wconf 75' lang='lat'><strong>25</strong></span> <span class='ocrx_word' id='word_1_212' title='bbox 621 2961 968 3042; x_wconf 86' lang='lat' dir='ltr'><strong>scrupulum</strong></span> <span class='ocrx_word' id='word_1_213' title='bbox 1022 2961 1177 3023; x_wconf 87' lang='lat' dir='ltr'><strong>dicit.</strong></span> <span class='ocrx_word' id='word_1_214' title='bbox 1267 2970 1400 3042; x_wconf 89' lang='lat' dir='ltr'><strong>post</strong></span> <span class='ocrx_word' id='word_1_215' title='bbox 1443 2964 1610 3025; x_wconf 88' lang='lat' dir='ltr'><strong>cuius</strong></span> <span class='ocrx_word' id='word_1_216' title='bbox 1661 2964 2069 3024; x_wconf 86' lang='lat' dir='ltr'><strong>auctoritatem</strong></span> <span class='ocrx_word' id='word_1_217' title='bbox 2136 2980 2311 3025; x_wconf 87' lang='lat' dir='ltr'><strong>nemo</strong></span> <span class='ocrx_word' id='word_1_218' title='bbox 2354 2962 2709 3025; x_wconf 80' lang='lat' dir='ltr'><strong>dubitaverit</strong></span> <span class='ocrx_word' id='word_1_219' title='bbox 2756 2962 2915 3023; x_wconf 88' lang='lat' dir='ltr'><strong>hunc</strong></span> <span class='ocrx_word' id='word_1_220' title='bbox 2958 2978 3218 3038; x_wconf 85' lang='lat' dir='ltr'><strong>scrupu-</strong></span> 
     </span>
     <span class='ocr_line' id='line_1_28' title="bbox 619 3060 3215 3145; baseline 0 -23"><span class='ocrx_word' id='word_1_221' title='bbox 619 3060 740 3123; x_wconf 88' lang='lat' dir='ltr'><strong>lum</strong></span> <span class='ocrx_word' id='word_1_222' title='bbox 807 3065 1038 3136; x_wconf 88' lang='lat' dir='ltr'><strong>dicere,</strong></span> <span class='ocrx_word' id='word_1_223' title='bbox 1099 3072 1158 3126; x_wconf 86' lang='lat' dir='ltr'><strong>et</strong></span> <span class='ocrx_word' id='word_1_224' title='bbox 1211 3065 1370 3143; x_wconf 87' lang='lat' dir='ltr'><strong>quod</strong></span> <span class='ocrx_word' id='word_1_225' title='bbox 1437 3068 1496 3127; x_wconf 89' lang='lat' dir='ltr'><strong>in</strong></span> <span class='ocrx_word' id='word_1_226' title='bbox 1553 3066 1680 3127; x_wconf 90' lang='lat' dir='ltr'><strong>eius</strong></span> <span class='ocrx_word' id='word_1_227' title='bbox 1740 3065 1901 3126; x_wconf 85' lang='lat' dir='ltr'><strong>modi</strong></span> <span class='ocrx_word' id='word_1_228' title='bbox 1956 3062 2415 3145; x_wconf 86' lang='lat' dir='ltr'><strong>quaestiunculis</strong></span> <span class='ocrx_word' id='word_1_229' title='bbox 2468 3064 2613 3125; x_wconf 89' lang='lat' dir='ltr'><strong>nihil</strong></span> <span class='ocrx_word' id='word_1_230' title='bbox 2670 3070 2863 3144; x_wconf 87' lang='lat' dir='ltr'><strong>potest</strong></span> <span class='ocrx_word' id='word_1_231' title='bbox 2920 3062 3215 3141; x_wconf 82' lang='lat' dir='ltr'><strong>analogia.</strong></span> 
     </span>
     <span class='ocr_line' id='line_1_29' title="bbox 621 3166 1114 3228; baseline 0.008 -4"><span class='ocrx_word' id='word_1_232' title='bbox 621 3182 760 3225; x_wconf 88' lang='lat' dir='ltr'><strong>nam</strong></span> <span class='ocrx_word' id='word_1_233' title='bbox 801 3166 1114 3228; x_wconf 88' lang='lat' dir='ltr'><strong>Terentius</strong></span> 
     </span>
    </p>

    <p class='ocr_par' dir='ltr' id='par_1_14' title="bbox 926 3252 3219 3433">
     <span class='ocr_line' id='line_1_30' title="bbox 926 3252 3219 3348; baseline -0.001 -19"><span class='ocrx_word' id='word_1_234' title='bbox 926 3277 995 3330; x_wconf 86' lang='lat' dir='ltr'><strong>at</strong></span> <span class='ocrx_word' id='word_1_235' title='bbox 1060 3269 1238 3329; x_wconf 89' lang='lat' dir='ltr'><strong>mihi</strong></span> <span class='ocrx_word' id='word_1_236' title='bbox 1306 3287 1496 3331; x_wconf 88' lang='lat' dir='ltr'><strong>unus</strong></span> <span class='ocrx_word' id='word_1_237' title='bbox 1557 3252 1971 3348; x_wconf 86' lang='lat' dir='ltr'><strong>scrupulus</strong></span> <span class='ocrx_word' id='word_1_238' title='bbox 2034 3270 2259 3331; x_wconf 81' lang='lat' dir='ltr'><strong>etiam</strong></span> <span class='ocrx_word' id='word_1_239' title='bbox 2324 3285 2517 3329; x_wconf 87' lang='lat' dir='ltr'><strong>nunc</strong></span> <span class='ocrx_word' id='word_1_240' title='bbox 2578 3275 2849 3339; x_wconf 87' lang='lat' dir='ltr'><strong>restat,</strong></span> <span class='ocrx_word' id='word_1_241' title='bbox 2915 3269 3041 3346; x_wconf 83' lang='lat' dir='ltr'><strong>qui</strong></span> <span class='ocrx_word' id='word_1_242' title='bbox 3100 3286 3219 3327; x_wconf 75' lang='lat' dir='ltr'><strong>mo</strong></span> 
     </span>
     <span class='ocr_line' id='line_1_31' title="bbox 1924 3369 2395 3433; baseline 0.002 -1"><span class='ocrx_word' id='word_1_243' title='bbox 1924 3369 2114 3432; x_wconf 90' lang='lat' dir='ltr'><strong>male</strong></span> <span class='ocrx_word' id='word_1_244' title='bbox 2154 3370 2395 3433; x_wconf 87' lang='lat' dir='ltr'><strong>habet.</strong></span> 
     </span>
    </p>

    <p class='ocr_par' dir='ltr' id='par_1_15' title="bbox 543 3469 3274 3857">
     <span class='ocr_line' id='line_1_32' title="bbox 543 3469 3215 3553; baseline -0.002 -18"><span class='ocrx_word' id='word_1_245' title='bbox 543 3492 596 3535; x_wconf 76' lang='lat' dir='ltr'><strong>ao</strong></span> <span class='ocrx_word' id='word_1_246' title='bbox 791 3469 1008 3531; x_wconf 87' lang='lat' dir='ltr'><strong>Salitor</strong></span> <span class='ocrx_word' id='word_1_247' title='bbox 1051 3490 1126 3533; x_wconf 86' lang='lat' dir='ltr'><strong>an</strong></span> <span class='ocrx_word' id='word_1_248' title='bbox 1170 3471 1390 3533; x_wconf 71' lang='lat' dir='ltr'><strong>saltor‘?</strong></span> <span class='ocrx_word' id='word_1_249' title='bbox 1435 3474 1594 3553; x_wconf 90' lang='lat' dir='ltr'><strong>quod</strong></span> <span class='ocrx_word' id='word_1_250' title='bbox 1635 3473 1939 3535; x_wconf 85' lang='lat' dir='ltr'><strong>salitorem</strong></span> <span class='ocrx_word' id='word_1_251' title='bbox 1985 3472 2212 3534; x_wconf 87' lang='lat' dir='ltr'><strong>erudita</strong></span> <span class='ocrx_word' id='word_1_252' title='bbox 2260 3474 2626 3537; x_wconf 87' lang='lat' dir='ltr'><strong>consuetudo</strong></span> <span class='ocrx_word' id='word_1_253' title='bbox 2672 3482 2731 3535; x_wconf 87' lang='lat' dir='ltr'><strong>et</strong></span> <span class='ocrx_word' id='word_1_254' title='bbox 2774 3472 2962 3551; x_wconf 84' lang='lat' dir='ltr'><strong>proba</strong></span> <span class='ocrx_word' id='word_1_255' title='bbox 3002 3477 3215 3531; x_wconf 80' lang='lat' dir='ltr'><strong>aucto·</strong></span> 
     </span>
     <span class='ocr_line' id='line_1_33' title="bbox 621 3568 3274 3655; baseline 0 -25"><span class='ocrx_word' id='word_1_256' title='bbox 621 3572 761 3632; x_wconf 85' lang='lat' dir='ltr'><strong>ritas</strong></span> <span class='ocrx_word' id='word_1_257' title='bbox 814 3571 1060 3643; x_wconf 88' lang='lat' dir='ltr'><strong>indicat,</strong></span> <span class='ocrx_word' id='word_1_258' title='bbox 1127 3573 1328 3635; x_wconf 88' lang='lat' dir='ltr'><strong>salitor</strong></span> <span class='ocrx_word' id='word_1_259' title='bbox 1387 3574 1654 3637; x_wconf 81' lang='lat' dir='ltr'><strong>dicimus,</strong></span> <span class='ocrx_word' id='word_1_260' title='bbox 1746 3576 2003 3655; x_wconf 87' lang='lat' dir='ltr'><strong>alioquin</strong></span> <span class='ocrx_word' id='word_1_261' title='bbox 2068 3576 2221 3636; x_wconf 85' lang='lat' dir='ltr'><strong>ratio</strong></span> <span class='ocrx_word' id='word_1_262' title='bbox 2286 3576 2591 3655; x_wconf 81' lang='lat' dir='ltr'><strong>analogiae</strong></span> <span class='ocrx_word' id='word_1_263' title='bbox 2656 3594 2765 3654; x_wconf 87' lang='lat' dir='ltr'><strong>pro</strong></span> <span class='ocrx_word' id='word_1_264' title='bbox 2830 3574 2982 3635; x_wconf 81' lang='lat' dir='ltr'><strong>alter</strong></span> <span class='ocrx_word' id='word_1_265' title='bbox 3010 3592 3049 3633; x_wconf 93' lang='lat' dir='ltr'><strong>o</strong></span> <span class='ocrx_word' id='word_1_266' title='bbox 3086 3568 3116 3655; x_wconf 77' lang='lat' dir='ltr'>ss</span> <span class='ocrx_word' id='word_1_267' title='bbox 3156 3582 3274 3631; x_wconf 68' lang='lat' dir='ltr'><strong>est.</strong></span> 
     </span>
     <span class='ocr_line' id='line_1_34' title="bbox 621 3671 3215 3757; baseline 0.001 -26"><span class='ocrx_word' id='word_1_268' title='bbox 621 3690 758 3732; x_wconf 91' lang='lat' dir='ltr'><strong>nam</strong></span> <span class='ocrx_word' id='word_1_269' title='bbox 803 3671 998 3753; x_wconf 88' lang='lat' dir='ltr'><strong>[eum]</strong></span> <span class='ocrx_word' id='word_1_270' title='bbox 1044 3673 1218 3735; x_wconf 85' lang='lat' dir='ltr'><strong>salire</strong></span> <span class='ocrx_word' id='word_1_271' title='bbox 1285 3684 1402 3735; x_wconf 84' lang='lat' dir='ltr'><strong>tam</strong></span> <span class='ocrx_word' id='word_1_272' title='bbox 1449 3696 1624 3756; x_wconf 83' lang='lat' dir='ltr'><strong>quam</strong></span> <span class='ocrx_word' id='word_1_273' title='bbox 1685 3678 1909 3739; x_wconf 83' lang='lat' dir='ltr'><strong>sarcire</strong></span> <span class='ocrx_word' id='word_1_274' title='bbox 1962 3678 2207 3746; x_wconf 80' lang='lat' dir='ltr'><strong>farcire,</strong></span> <span class='ocrx_word' id='word_1_275' title='bbox 2268 3695 2340 3739; x_wconf 87' lang='lat' dir='ltr'><strong>ex</strong></span> <span class='ocrx_word' id='word_1_276' title='bbox 2380 3677 2594 3757; x_wconf 90' lang='lat' dir='ltr'><strong>quibus</strong></span> <span class='ocrx_word' id='word_1_277' title='bbox 2636 3678 2737 3738; x_wconf 81' lang='lat' dir='ltr'><strong>fiat</strong></span> <span class='ocrx_word' id='word_1_278' title='bbox 2798 3684 3027 3745; x_wconf 87' lang='lat' dir='ltr'><strong>sartor,</strong></span> <span class='ocrx_word' id='word_1_279' title='bbox 3086 3692 3215 3735; x_wconf 89' lang='lat' dir='ltr'><strong>non</strong></span> 
     </span>
     <span class='ocr_line' id='line_1_35' title="bbox 621 3774 2005 3857; baseline 0.008 -26"><span class='ocrx_word' id='word_1_280' title='bbox 621 3774 970 3843; x_wconf 81' lang='lat' dir='ltr'><strong>sarcinator,</strong></span> <span class='ocrx_word' id='word_1_281' title='bbox 1017 3792 1134 3853; x_wconf 89' lang='lat' dir='ltr'><strong>quo</strong></span> <span class='ocrx_word' id='word_1_282' title='bbox 1179 3776 1357 3837; x_wconf 82' lang='lat' dir='ltr'><strong>modo</strong></span> <span class='ocrx_word' id='word_1_283' title='bbox 1403 3778 1552 3839; x_wconf 89' lang='lat' dir='ltr'><strong>rude</strong></span> <span class='ocrx_word' id='word_1_284' title='bbox 1599 3778 1805 3857; x_wconf 87' lang='lat' dir='ltr'><strong>vulgus</strong></span> <span class='ocrx_word' id='word_1_285' title='bbox 1848 3780 2005 3843; x_wconf 90' lang='lat' dir='ltr'><strong>dicit.</strong></span> 
     </span>
    </p>

    <p class='ocr_par' dir='ltr' id='par_1_16' title="bbox 791 3875 3210 3961">
     <span class='ocr_line' id='line_1_36' title="bbox 791 3875 3210 3961; baseline 0.002 -24"><span class='ocrx_word' id='word_1_286' title='bbox 791 3875 1035 3937; x_wconf 90' lang='lat' dir='ltr'><strong>Senecis</strong></span> <span class='ocrx_word' id='word_1_287' title='bbox 1077 3894 1152 3938; x_wconf 90' lang='lat' dir='ltr'><strong>an</strong></span> <span class='ocrx_word' id='word_1_288' title='bbox 1185 3880 1381 3939; x_wconf 77' lang='lat' dir='ltr'><strong>senis?</strong></span> <span class='ocrx_word' id='word_1_289' title='bbox 1425 3882 1629 3942; x_wconf 85' lang='lat' dir='ltr'><strong>vitiose</strong></span> <span class='ocrx_word' id='word_1_290' title='bbox 1664 3883 1841 3952; x_wconf 88' lang='lat' dir='ltr'><strong>senis,</strong></span> <span class='ocrx_word' id='word_1_291' title='bbox 1888 3882 2151 3961; x_wconf 85' lang='lat' dir='ltr'><strong>quamvis</strong></span> <span class='ocrx_word' id='word_1_292' title='bbox 2193 3880 2335 3943; x_wconf 85' lang='lat' dir='ltr'><strong>illud</strong></span> <span class='ocrx_word' id='word_1_293' title='bbox 2380 3884 2695 3944; x_wconf 85' lang='lat' dir='ltr'><strong>auctoritas</strong></span> <span class='ocrx_word' id='word_1_294' title='bbox 2736 3882 2965 3945; x_wconf 85' lang='lat' dir='ltr'><strong>erudita</strong></span> <span class='ocrx_word' id='word_1_295' title='bbox 3012 3888 3210 3943; x_wconf 86' lang='lat' dir='ltr'><strong>custo·</strong></span> 
     </span>
    </p>

    <p class='ocr_par' dir='ltr' id='par_1_17' title="bbox 542 3977 3211 4369">
     <span class='ocr_line' id='line_1_37' title="bbox 542 3977 3211 4061; baseline 0.005 -29"><span class='ocrx_word' id='word_1_296' title='bbox 542 3992 593 4032; x_wconf 74' lang='lat'><strong>35</strong></span> <span class='ocrx_word' id='word_1_297' title='bbox 621 3977 757 4039; x_wconf 89' lang='lat' dir='ltr'><strong>diat.</strong></span> <span class='ocrx_word' id='word_1_298' title='bbox 849 3984 939 4039; x_wconf 86' lang='lat' dir='ltr'><strong>est</strong></span> <span class='ocrx_word' id='word_1_299' title='bbox 1003 3980 1160 4039; x_wconf 85' lang='lat' dir='ltr'><strong>enim</strong></span> <span class='ocrx_word' id='word_1_300' title='bbox 1221 3982 1578 4043; x_wconf 84' lang='lat' dir='ltr'><strong>nominativo</strong></span> <span class='ocrx_word' id='word_1_301' title='bbox 1641 3981 1923 4061; x_wconf 86' lang='lat' dir='ltr'><strong>singulari</strong></span> <span class='ocrx_word' id='word_1_302' title='bbox 1987 3982 2083 4044; x_wconf 89' lang='lat' dir='ltr'><strong>hic</strong></span> <span class='ocrx_word' id='word_1_303' title='bbox 2124 4002 2327 4045; x_wconf 88' lang='lat' dir='ltr'><strong>senex.</strong></span> <span class='ocrx_word' id='word_1_304' title='bbox 2416 3986 2611 4046; x_wconf 87' lang='lat' dir='ltr'><strong>omnia</strong></span> <span class='ocrx_word' id='word_1_305' title='bbox 2665 3992 2863 4047; x_wconf 86' lang='lat' dir='ltr'><strong>autem</strong></span> <span class='ocrx_word' id='word_1_306' title='bbox 2920 3984 3211 4047; x_wconf 81' lang='lat' dir='ltr'><strong>vocabula</strong></span> 
     </span>
     <span class='ocr_line' id='line_1_38' title="bbox 619 4079 3211 4163; baseline 0.002 -24"><span class='ocrx_word' id='word_1_307' title='bbox 619 4081 738 4140; x_wconf 88' lang='lat' dir='ltr'><strong>sive</strong></span> <span class='ocrx_word' id='word_1_308' title='bbox 779 4079 1104 4142; x_wconf 88' lang='lat' dir='ltr'><strong>masculina</strong></span> <span class='ocrx_word' id='word_1_309' title='bbox 1149 4083 1271 4143; x_wconf 83' lang='lat' dir='ltr'><strong>sive</strong></span> <span class='ocrx_word' id='word_1_310' title='bbox 1315 4082 1612 4155; x_wconf 76' lang='lat' dir='ltr'><strong>feminina,</strong></span> <span class='ocrx_word' id='word_1_311' title='bbox 1659 4102 1810 4163; x_wconf 85' lang='lat' dir='ltr'><strong>quae</strong></span> <span class='ocrx_word' id='word_1_312' title='bbox 1852 4086 2208 4147; x_wconf 82' lang='lat' dir='ltr'><strong>nominativo</strong></span> <span class='ocrx_word' id='word_1_313' title='bbox 2252 4084 2535 4162; x_wconf 82' lang='lat' dir='ltr'><strong>singulari</strong></span> <span class='ocrx_word' id='word_1_314' title='bbox 2580 4106 2617 4147; x_wconf 89' lang='lat' dir='ltr'><strong>x</strong></span> <span class='ocrx_word' id='word_1_315' title='bbox 2648 4085 2838 4148; x_wconf 87' lang='lat' dir='ltr'><strong>littera</strong></span> <span class='ocrx_word' id='word_1_316' title='bbox 2882 4086 3211 4147; x_wconf 83' lang='lat' dir='ltr'><strong>terminan-</strong></span> 
     </span>
     <span class='ocr_line' id='line_1_39' title="bbox 621 4182 3207 4265; baseline 0.002 -23"><span class='ocrx_word' id='word_1_317' title='bbox 621 4189 734 4251; x_wconf 89' lang='lat' dir='ltr'><strong>tur,</strong></span> <span class='ocrx_word' id='word_1_318' title='bbox 777 4182 1129 4243; x_wconf 87' lang='lat' dir='ltr'><strong>adcrescant</strong></span> <span class='ocrx_word' id='word_1_319' title='bbox 1171 4200 1417 4245; x_wconf 86' lang='lat' dir='ltr'><strong>necesse</strong></span> <span class='ocrx_word' id='word_1_320' title='bbox 1455 4193 1545 4246; x_wconf 83' lang='lat' dir='ltr'><strong>est</strong></span> <span class='ocrx_word' id='word_1_321' title='bbox 1585 4187 1853 4264; x_wconf 86' lang='lat' dir='ltr'><strong>genetivo</strong></span> <span class='ocrx_word' id='word_1_322' title='bbox 1886 4186 2185 4265; x_wconf 84' lang='lat' dir='ltr'><strong>singulari,</strong></span> <span class='ocrx_word' id='word_1_323' title='bbox 2234 4196 2301 4249; x_wconf 92' lang='lat' dir='ltr'><strong>ut</strong></span> <span class='ocrx_word' id='word_1_324' title='bbox 2342 4185 2469 4249; x_wconf 83' lang='lat' dir='ltr'><strong>calx</strong></span> <span class='ocrx_word' id='word_1_325' title='bbox 2516 4187 2713 4258; x_wconf 87' lang='lat' dir='ltr'><strong>calcis,</strong></span> <span class='ocrx_word' id='word_1_326' title='bbox 2758 4206 2933 4248; x_wconf 83' lang='lat' dir='ltr'><strong>sorex</strong></span> <span class='ocrx_word' id='word_1_327' title='bbox 2974 4188 3207 4257; x_wconf 84' lang='lat' dir='ltr'><strong>soricis,</strong></span> 
     </span>
     <span class='ocr_line' id='line_1_40' title="bbox 619 4283 3211 4369; baseline 0.002 -27"><span class='ocrx_word' id='word_1_328' title='bbox 619 4290 821 4345; x_wconf 85' lang='lat' dir='ltr'><strong>vertex</strong></span> <span class='ocrx_word' id='word_1_329' title='bbox 863 4285 1113 4353; x_wconf 85' lang='lat' dir='ltr'><strong>verticis,</strong></span> <span class='ocrx_word' id='word_1_330' title='bbox 1161 4283 1337 4363; x_wconf 84' lang='lat' dir='ltr'><strong>pulex</strong></span> <span class='ocrx_word' id='word_1_331' title='bbox 1381 4286 1612 4367; x_wconf 88' lang='lat' dir='ltr'><strong>pulicis,</strong></span> <span class='ocrx_word' id='word_1_332' title='bbox 1654 4287 1849 4349; x_wconf 79' lang='lat' dir='ltr'><strong>frutex</strong></span> <span class='ocrx_word' id='word_1_333' title='bbox 1893 4286 2135 4358; x_wconf 79' lang='lat' dir='ltr'><strong>fruticis,</strong></span> <span class='ocrx_word' id='word_1_334' title='bbox 2182 4288 2334 4351; x_wconf 87' lang='lat' dir='ltr'><strong>latex</strong></span> <span class='ocrx_word' id='word_1_335' title='bbox 2380 4289 2587 4351; x_wconf 84' lang='lat' dir='ltr'><strong>laticis.</strong></span> <span class='ocrx_word' id='word_1_336' title='bbox 2653 4291 2849 4369; x_wconf 88' lang='lat' dir='ltr'><strong>itaque</strong></span> <span class='ocrx_word' id='word_1_337' title='bbox 2889 4306 3072 4350; x_wconf 89' lang='lat' dir='ltr'><strong>senex</strong></span> <span class='ocrx_word' id='word_1_338' title='bbox 3108 4289 3211 4349; x_wconf 87' lang='lat' dir='ltr'><strong>fiet</strong></span> 
     </span>
    </p>
   </div>
   <div class='ocr_carea' id='block_1_4' title="bbox 617 4529 3215 4876">
    <p class='ocr_par' dir='ltr' id='par_1_18' title="bbox 617 4529 3215 4876">
     <span class='ocr_line' id='line_1_41' title="bbox 763 4529 3215 4602; baseline 0.002 -22"><span class='ocrx_word' id='word_1_339' title='bbox 763 4529 826 4581; x_wconf 88' lang='grc'><strong>10</strong></span> <span class='ocrx_word' id='word_1_340' title='bbox 871 4546 1026 4581; x_wconf 83' lang='lat' dir='ltr'><strong>nasus</strong></span> <span class='ocrx_word' id='word_1_341' title='bbox 1073 4546 1164 4582; x_wconf 82' lang='lat' dir='ltr'><strong>nec</strong></span> <span class='ocrx_word' id='word_1_342' title='bbox 1197 4536 1467 4586; x_wconf 72' lang='lat' dir='ltr'><strong>masculino</strong></span> <span class='ocrx_word' id='word_1_343' title='bbox 1511 4550 1604 4585; x_wconf 81' lang='lat' dir='ltr'><strong>nec</strong></span> <span class='ocrx_word' id='word_1_344' title='bbox 1635 4544 1817 4587; x_wconf 75' lang='lat' dir='ltr'><strong>neutro</strong></span> <span class='ocrx_word' id='word_1_345' title='bbox 1848 4552 2036 4602; x_wconf 67' lang='lat' dir='ltr'><strong>genere</strong></span> <span class='ocrx_word' id='word_1_346' title='bbox 2080 4537 2133 4587; x_wconf 78' lang='lat' dir='ltr'><strong>in</strong></span> <span class='ocrx_word' id='word_1_347' title='bbox 2170 4538 2403 4588; x_wconf 67' lang='lat' dir='ltr'><strong>Lucretia·</strong></span> <span class='ocrx_word' id='word_1_348' title='bbox 2442 4536 2587 4589; x_wconf 71' lang='lat' dir='ltr'><strong>libris</strong></span> <span class='ocrx_word' id='word_1_349' title='bbox 2632 4537 2831 4601; x_wconf 65' lang='lat' dir='ltr'><strong>leqim.</strong></span> <span class='ocrx_word' id='word_1_350' title='bbox 2890 4536 2989 4587; x_wconf 73' lang='lat' dir='ltr'><strong>sed</strong></span> <span class='ocrx_word' id='word_1_351' title='bbox 3020 4537 3215 4587; x_wconf 62' lang='lat' dir='ltr'><strong>Lucina·</strong></span> 
     </span>
     <span class='ocr_line' id='line_1_42' title="bbox 617 4602 3209 4671; baseline 0.002 -21"><span class='ocrx_word' id='word_1_352' title='bbox 617 4602 862 4665; x_wconf 72' lang='lat' dir='ltr'><strong>exemplis</strong></span> <span class='ocrx_word' id='word_1_353' title='bbox 895 4605 1193 4655; x_wconf 74' lang='lat' dir='ltr'><strong>neutraliter</strong></span> <span class='ocrx_word' id='word_1_354' title='bbox 1227 4604 1330 4655; x_wconf 73' lang='lat' dir='ltr'><strong>dici</strong></span> <span class='ocrx_word' id='word_1_355' title='bbox 1354 4604 1581 4668; x_wconf 76' lang='lat' dir='ltr'><strong>probant</strong></span> <span class='ocrx_word' id='word_1_356' title='bbox 1613 4606 1806 4657; x_wconf 70' lang='lat' dir='ltr'><strong>Nonius</strong></span> <span class='ocrx_word' id='word_1_357' title='bbox 1834 4622 1891 4671; x_wconf 83' lang='lat' dir='ltr'><strong>p.</strong></span> <span class='ocrx_word' id='word_1_358' title='bbox 1930 4606 2032 4657; x_wconf 82' lang='lat'><strong>215</strong></span> <span class='ocrx_word' id='word_1_359' title='bbox 2072 4614 2125 4657; x_wconf 75' lang='lat' dir='ltr'><strong>et</strong></span> <span class='ocrx_word' id='word_1_360' title='bbox 2152 4621 2361 4671; x_wconf 61' lang='lat' dir='ltr'><strong>mamm.</strong></span> <span class='ocrx_word' id='word_1_361' title='bbox 2400 4606 2465 4657; x_wconf 80' lang='lat' dir='ltr'><strong>de</strong></span> <span class='ocrx_word' id='word_1_362' title='bbox 2498 4622 2626 4659; x_wconf 79' lang='lat' dir='ltr'><strong>nom.</strong></span> <span class='ocrx_word' id='word_1_363' title='bbox 2663 4606 2777 4657; x_wconf 76' lang='lat' dir='ltr'><strong>dub.</strong></span> <span class='ocrx_word' id='word_1_364' title='bbox 2798 4620 2916 4671; x_wconf 66' lang='lat' dir='ltr'><strong>oen.</strong></span> <span class='ocrx_word' id='word_1_365' title='bbox 2942 4624 2992 4657; x_wconf 78' lang='grc' dir='ltr'><strong>υ.</strong></span> <span class='ocrx_word' id='word_1_366' title='bbox 3020 4620 3209 4657; x_wconf 72' lang='lat' dir='ltr'><strong>nasum</strong></span> 
     </span>
     <span class='ocr_line' id='line_1_43' title="bbox 761 4668 3211 4738; baseline 0.003 -19"><span class='ocrx_word' id='word_1_367' title='bbox 761 4672 822 4720; x_wconf 83' lang='lat'><strong>12</strong></span> <span class='ocrx_word' id='word_1_368' title='bbox 860 4668 1058 4738; x_wconf 88' lang='lat' dir='ltr'><strong>Cicero]</strong></span> <span class='ocrx_word' id='word_1_369' title='bbox 1093 4674 1158 4723; x_wconf 84' lang='lat' dir='ltr'><strong>de</strong></span> <span class='ocrx_word' id='word_1_370' title='bbox 1193 4682 1298 4725; x_wconf 76' lang='lat' dir='ltr'><strong>nat.</strong></span> <span class='ocrx_word' id='word_1_371' title='bbox 1335 4676 1476 4725; x_wconf 80' lang='lat' dir='ltr'><strong>deor.</strong></span> <span class='ocrx_word' id='word_1_372' title='bbox 1517 4675 1672 4735; x_wconf 83' lang='lat'><strong>1157,</strong></span> <span class='ocrx_word' id='word_1_373' title='bbox 1709 4675 1810 4727; x_wconf 82' lang='lat'><strong>143</strong></span> <span class='ocrx_word' id='word_1_374' title='bbox 1953 4676 2016 4727; x_wconf 84' lang='lat'><strong>13</strong></span> <span class='ocrx_word' id='word_1_375' title='bbox 2056 4676 2257 4727; x_wconf 86' lang='lat' dir='ltr'><strong>uidetur</strong></span> <span class='ocrx_word' id='word_1_376' title='bbox 2289 4692 2426 4727; x_wconf 77' lang='lat' dir='ltr'><strong>corr.</strong></span> <span class='ocrx_word' id='word_1_377' title='bbox 2472 4676 2707 4726; x_wconf 84' lang='lat' dir='ltr'><strong>uideatur</strong></span> <span class='ocrx_word' id='word_1_378' title='bbox 2738 4676 2791 4725; x_wconf 90' lang='lat' dir='ltr'><em>B</em></span> <span class='ocrx_word' id='word_1_379' title='bbox 2926 4678 2999 4727; x_wconf 79' lang='lat'><strong>22</strong></span> <span class='ocrx_word' id='word_1_380' title='bbox 3032 4686 3211 4727; x_wconf 80' lang='lat' dir='ltr'><strong>aueto-</strong></span> 
     </span>
     <span class='ocr_line' id='line_1_44' title="bbox 620 4738 3209 4812; baseline 0.003 -26"><span class='ocrx_word' id='word_1_381' title='bbox 620 4738 744 4788; x_wconf 81' lang='lat' dir='ltr'><strong>ritns</strong></span> <span class='ocrx_word' id='word_1_382' title='bbox 781 4741 978 4791; x_wconf 78' lang='lat' dir='ltr'><strong>erudita</strong></span> <span class='ocrx_word' id='word_1_383' title='bbox 1017 4758 1137 4793; x_wconf 85' lang='lat' dir='ltr'><strong>vero</strong></span> <span class='ocrx_word' id='word_1_384' title='bbox 1174 4760 1202 4793; x_wconf 81' lang='grc' dir='ltr'><strong>υ</strong></span> <span class='ocrx_word' id='word_1_385' title='bbox 1307 4758 1400 4810; x_wconf 88' lang='lat' dir='ltr'><strong>pro</strong></span> <span class='ocrx_word' id='word_1_386' title='bbox 1434 4743 1592 4794; x_wconf 81' lang='lat' dir='ltr'><strong>Sexto</strong></span> <span class='ocrx_word' id='word_1_387' title='bbox 1627 4741 1840 4811; x_wconf 80' lang='lat' dir='ltr'><strong>Roscio]</strong></span> <span class='ocrx_word' id='word_1_388' title='bbox 1878 4747 1930 4811; x_wconf 82' lang='lat'><strong>2,</strong></span> <span class='ocrx_word' id='word_1_389' title='bbox 1966 4746 1999 4797; x_wconf 86' lang='lat'><strong>6</strong></span> <span class='ocrx_word' id='word_1_390' title='bbox 2140 4748 2209 4797; x_wconf 81' lang='lat'><strong>24</strong></span> <span class='ocrx_word' id='word_1_391' title='bbox 2242 4762 2334 4812; x_wconf 88' lang='lat' dir='ltr'><strong>pro</strong></span> <span class='ocrx_word' id='word_1_392' title='bbox 2372 4743 2629 4811; x_wconf 80' lang='lat' dir='ltr'><strong>Cluentio]</strong></span> <span class='ocrx_word' id='word_1_393' title='bbox 2670 4746 2755 4809; x_wconf 78' lang='lat'><strong>28,</strong></span> <span class='ocrx_word' id='word_1_394' title='bbox 2792 4744 2859 4797; x_wconf 73' lang='lat'><strong>76</strong></span> <span class='ocrx_word' id='word_1_395' title='bbox 2998 4747 3071 4797; x_wconf 76' lang='lat'><strong>27</strong></span> <span class='ocrx_word' id='word_1_396' title='bbox 3108 4748 3209 4797; x_wconf 83' lang='lat' dir='ltr'><strong>Te·</strong></span> 
     </span>
     <span class='ocr_line' id='line_1_45' title="bbox 619 4806 3215 4876; baseline 0.004 -19"><span class='ocrx_word' id='word_1_397' title='bbox 619 4806 834 4874; x_wconf 76' lang='lat' dir='ltr'><strong>tentius]</strong></span> <span class='ocrx_word' id='word_1_398' title='bbox 872 4810 1040 4861; x_wconf 80' lang='lat' dir='ltr'><strong>Andr.</strong></span> <span class='ocrx_word' id='word_1_399' title='bbox 1079 4812 1123 4863; x_wconf 85' lang='lat' dir='ltr'>V</span> <span class='ocrx_word' id='word_1_400' title='bbox 1159 4814 1214 4875; x_wconf 75' lang='lat'><strong>4,</strong></span> <span class='ocrx_word' id='word_1_401' title='bbox 1253 4811 1320 4864; x_wconf 79' lang='lat'><strong>37</strong></span> <span class='ocrx_word' id='word_1_402' title='bbox 1485 4812 1554 4865; x_wconf 82' lang='lat'><strong>30</strong></span> <span class='ocrx_word' id='word_1_403' title='bbox 1591 4814 1731 4876; x_wconf 81' lang='lat' dir='ltr'><strong>quod</strong></span> <span class='ocrx_word' id='word_1_404' title='bbox 1758 4816 1999 4865; x_wconf 79' lang='lat' dir='ltr'><strong>saltorem</strong></span> <span class='ocrx_word' id='word_1_405' title='bbox 2034 4816 2088 4866; x_wconf 84' lang='lat' dir='ltr'><em>B</em></span> <span class='ocrx_word' id='word_1_406' title='bbox 2226 4816 2291 4868; x_wconf 87' lang='lat'><strong>31</strong></span> <span class='ocrx_word' id='word_1_407' title='bbox 2332 4818 2528 4869; x_wconf 80' lang='lat' dir='ltr'><strong>ratione</strong></span> <span class='ocrx_word' id='word_1_408' title='bbox 2554 4816 2608 4866; x_wconf 84' lang='lat' dir='ltr'><em>B</em></span> <span class='ocrx_word' id='word_1_409' title='bbox 2745 4815 2815 4869; x_wconf 77' lang='lat'><strong>35</strong></span> <span class='ocrx_word' id='word_1_410' title='bbox 2854 4816 2937 4867; x_wconf 83' lang='lat' dir='ltr'><strong>hic</strong></span> <span class='ocrx_word' id='word_1_411' title='bbox 2974 4830 3130 4868; x_wconf 74' lang='lat' dir='ltr'><strong>sene·</strong></span> <span class='ocrx_word' id='word_1_412' title='bbox 3160 4816 3215 4867; x_wconf 89' lang='lat' dir='ltr'><em>B</em></span> 
     </span>
    </p>
   </div>
  </div>
 </body>
</html>
