3434 5442
540 285 621 350 36
1216 245 1223 253 ’
1528 344 1533 351 ,
1723 284 1949 349 Paos!

642 416 683 455 p.
715 402 913 445 1⁴82-84
942 403 990 443 l‘.
2717 414 2759 453 p.
2789 402 2881 442 138.
2899 402 2952 443 39
2979 399 3030 441 1..

540 464 597 533 io
624 474 804 535 verba
852 472 1122 533 habentia
1170 475 1393 549 primae
1438 474 1675 552 repperi
1721 474 2148 550 coniugationis
2181 475 2268 533 avi
2313 474 2580 534 facientia
2615 475 2813 551 specie
2845 472 3132 551 perfecta,

541 575 639 636 bio
670 575 851 644 inhio,
892 574 1042 635 hiavi
1074 574 1303 634 iuhiavi.
1365 575 1381 633 i
1412 572 1485 633 k:
1532 574 1623 633 his
1661 572 1868 635 litteris
1899 570 1926 655 Η
1955 582 2090 633 ante
2127 576 2184 634 io
2223 573 2400 633 verba
2435 576 2740 635 terminata
2771 592 2888 633 nou
2920 574 3134 634 iuveni.

540 694 659 737 uno
694 677 708 735 i
750 678 940 737 inveni
991 677 1195 737 tertiae
1240 684 1549 755 correptae
1594 677 1650 735 xi
1694 676 1916 736 faciens
1957 676 2238 754 perfec-tc,
2277 678 2428 736 meio
2472 676 2616 736 meis
2661 677 2846 735 mcxi:
2895 675 3139 735 Persius

540 778 717 837 modo
759 778 985 837 infinito
1042 778 1465 837 ‘matronae
1526 778 1906 838 immeiere
1943 777 2266 839 ·vulvae’.
2353 776 2372 837 l
2417 785 2551 838 ante
2594 779 2649 838 io
2693 776 2874 837 verba
2919 777 3136 837 tertiae

476 900 513 943 ·.·‚
540 880 863 957 productae
906 888 1071 949 sunt,
1114 882 1170 939 vi
1215 878 1305 940 rel
1344 881 1381 937 ii
1430 878 1643 938 sacient
1686 880 2045 957 perfectum,
2103 876 2262 958 polio
2297 877 2471 957 polivi
2517 877 2603 939 vel
2642 877 2804 958 polii.
2894 880 3136 956 partici-

538 982 700 1059 pium
744 981 1039 1059 passivum
1076 984 1273 1060 posuit
1320 978 1641 1057 Vergilius,
1688 980 1859 1040 ‘iam
1916 987 2130 1060 parte
2179 980 2478 1059 polita',
2537 988 2596 1040 et
2638 980 2796 1039 modi
2837 980 3136 1039 indicativi

540 1082 839 1143 activitatis
884 1084 1143 1161 speciem
1192 1082 1613 1161 imperfectam,
1660 1080 2033 1160 polibant;
2077 1080 2204 1141 silio
2233 1080 2355 1141 silis
2387 1080 2536 1141 silivi
2570 1080 2656 1141 vel
2694 1080 2824 1142 silii.
2891 1100 2948 1141 m
2995 1088 3135 1142 ante

539 1184 596 1243 io
636 1183 864 1245 habens
908 1183 1151 1245 verbum
1201 1200 1319 1243 non
1365 1182 1577 1244 inveni.
1669 1200 1707 1242 n
1753 1190 1888 1243 ante
1929 1184 1988 1255 io
2033 1182 2260 1244 babens
2303 1182 2547 1244 verbum
2587 1184 2636 1243 si
2679 1186 2910 1263 primae
2955 1183 3135 1243 suerit

539 1286 987 1363 coniugationis,
1038 1286 1090 1345 vi
1135 1286 1311 1346 saciet
1352 1286 1549 1364 specie
1592 1285 1875 1363 perfecta,
1920 1283 2077 1345 lanio
2123 1284 2308 1346 lanias
2351 1283 2594 1353 laniavi3
2639 1286 2686 1345 si
2729 1287 2938 1348 tertiae
2983 1301 3128 1364 pro-

464 1412 515 1451 ιο
542 1386 782 1457 ductae,
844 1386 898 1447 id
943 1394 1032 1447 est
1080 1394 1356 1465 quartae,
1416 1387 1471 1446 vi
1508 1386 1597 1446 vel
1643 1386 1713 1455 ii,
1773 1393 1840 1447 ut
1878 1388 2081 1446 munio
2125 1388 2346 1447 munivi
2393 1385 2480 1447 vel
2523 1387 2726 1448 munii.
2815 1405 2852 1444 o
2896 1392 3032 1446 ante
3073 1388 3133 1445 io

358 1495 379 1507 ³
428 1512 435 1517 ·
540 1490 787 1566 positam
829 1488 885 1547 in
932 1488 1127 1549 verbis
1172 1506 1287 1547 non
1332 1472 1543 1548 ἰιινεῐῗί.
1634 1506 1671 1565 p
1715 1495 1850 1549 ante
1897 1488 1952 1547 io
1995 1490 2184 1567 posita
2221 1490 2430 1549 tertiae
2475 1494 2784 1565 correptae
2827 1487 3024 1547 inveni
3066 1488 3130 1547 ui

540 1590 807 1651 facientia
862 1588 1191 1667 perfectam
1246 1591 1533 1668 speciem,
1595 1590 1762 1668 rapio
1811 1590 2012 1667 rapui,
2081 1588 2168 1650 vel
2222 1592 2290 1660 ii,
2355 1590 2528 1668 cupio
2573 1589 2764 1667 cupivi
2811 1588 2898 1649 vel
2947 1590 3106 1666 cupii

540 1710 577 1771 q
623 1698 761 1751 ante
804 1693 859 1752 io
908 1708 1198 1771 nusquam
1246 1692 1469 1758 inveni,
1525 1697 1583 1751 et
1626 1690 2081 1763 rationabiliter,
2143 1692 2278 1770 quia
2327 1710 2366 1771 q
2415 1690 2608 1751 littera
2653 1708 2770 1749 non
2823 1688 3127 1759 scribitur,

540 1794 653 1852 nisi
696 1800 835 1853 ante
880 1810 918 1852 u
964 1800 1023 1852 et
1075 1792 1245 1853 aliam
1300 1810 1736 1872 quamcumque
1779 1791 2039 1853 vocalem
2094 1794 2435 1852 iniunctam.
2524 1809 2557 1851 r
2593 1799 2727 1852 ante
2773 1794 2828 1853 io
2873 1793 3130 1871 positam

464 1916 511 1958 1⁵
538 1896 745 1955 tertiae
791 1902 1101 1973 correptae
1140 1896 1334 1955 iuveni
1367 1896 1417 1955 ri
1461 1896 1683 1956 faciens
1725 1895 1980 1972 speciem
2027 1894 2350 1973 perfectam
2397 1900 2459 1954 et
2486 1912 2560 1971 pe
2592 1891 2810 1973 syllaba
2849 1900 3130 1972 correpta

539 1997 596 2055 in
636 1996 929 2075 principio
977 1996 1194 2063 addita,
1240 1996 1408 2074 pario
1451 1997 1677 2075 peperi.
1769 1996 2008 2076 quidam
2045 2002 2256 2076 putant
2293 1997 2408 2056 hoc
2451 1994 2694 2056 verbum
2739 1998 2949 2056 tertiae
2987 2013 3130 2074 pro-

536 2097 765 2166 ductae,
812 2098 869 2157 id
902 2105 990 2158 est
1018 2105 1284 2177 quartae,
1334 2114 1483 2167 esse,
1524 2098 1627 2159 sed
1674 2103 1902 2159 errant:
1942 2113 2080 2157 nam
2118 2098 2407 2158 infinitum
2451 2096 2692 2157 modum
2733 2086 3126 2177 [perfectum]

536 2194 851 2260 Terentius
888 2200 1103 2279 posuit,
1150 2202 1455 2278 ‘parere
1494 2199 1619 2260 hie
1660 2199 2016 2259 divitias’.
2065 2198 2224 2279 quod
2269 2200 2318 2259 si
2351 2205 2507 2260 esset
2537 2200 2744 2259 tertiae
2774 2198 3142 2277 productae..

538 2302 588 2360 ri
632 2300 937 2363 habuisset
980 2298 1257 2380 syllabam
1306 2308 1441 2361 ante
1486 2320 1570 2371 re,
1613 2302 1830 2380 parire.
1923 2308 2227 2378 praeterea
2271 2318 2339 2361 re
2385 2307 2634 2379 utraque
2677 2296 2972 2381 corflrepta
3017 2307 3124 2360 est.

458 2424 510 2465 ιο
536 2420 671 2461 nam
718 2404 769 2461 si
804 2384 1205 2480 'produxerim
1271 2404 1385 2464 erit
1438 2402 1734 2463 secundae
1789 2382 2244 2489 coniugationiS,
2301 2420 2514 2481 parere
2569 2404 2810 2463 veniens
2856 2420 2888 2461 a
2945 2400 3130 2463 verbo

536 2520 720 2580 pareo
764 2521 957 2583 pares,

840 2613 1056 2682 paret
1098 2623 1297 2666 amor
1342 2606 1562 2667 dictis
1610 2622 1830 2666 carae
1875 2606 2317 2682 genetricis.

536 2722 564 2765 s
610 2712 745 2766 ante
800 2706 857 2766 io
910 2704 1136 2767 habens
1197 2705 1445 2768 verbum
1496 2707 1726 2788 primae
1771 2706 2010 2785 repperi
2067 2707 2500 2785 coniugationis
2552 2708 2607 2766 vi
2653 2705 2874 2767 faciens
2927 2706 3128 2785 specie

538 2806 819 2883 perfecta,
863 2806 1027 2867 basio
1071 2807 1319 2869 basiavi:
1348 2810 1449 2869 =sic
1478 2807 1773 2869 Martialis.
1844 2816 2031 2869 tante
2075 2809 2130 2867 io
2175 2808 2419 2877 habenS,
2465 2808 2512 2867 si
2551 2809 2760 2869 tertiae
2795 2806 3126 2885 productae

456 2930 509 2971 2³
538 2907 741 2978 suerit,
784 2910 838 2968 vi
889 2908 1061 2969 saciet
1104 2912 1301 2989 specie
1336 2912 1630 2990 perfecta,
1676 2912 1868 2990 partio
1907 2911 2144 2987 partivi;
2207 2910 2291 2970 sic
2335 2909 2572 2979 Cicero,
2620 2910 2906 2987 partive
2923 2916 3125 2969 rant:

534 3009 785 3071 dicimus
844 3018 903 3071 et
956 3013 1183 3090 partior
1248 3010 1358 3071 sub
1426 3011 1631 3073 eodem
1692 3010 1992 3072 intellectu
2049 3002 2356 3071 activitatis
2416 3010 2507 3071 vel
2562 3010 2726 3071 verbi
2792 3012 3128 3072 communis
3185 2996 3202 3015 ⁸

534 3111 789 3190 partior3
850 3111 1141 3190 Vergilius
1188 3116 1294 3174 ‘et
1342 3115 1591 3175 socios
1637 3114 1965 3193 partitur
2013 3114 2078 3172 in
2127 3116 2443 3183 omnes',
2499 3114 2586 3173 sic
2625 3114 2711 3175 uti
2752 3112 2978 3173 obsono
3018 3111 3126 3172 ob·

540 3230 737 3273 sonor.
828 3216 876 3273 si
914 3216 1141 3292 primae
1186 3214 1379 3285 fuerit,
1420 3215 1473 3274 vi
1514 3215 1689 3276 saciet
1733 3216 1930 3293 speeie
1965 3214 2264 3293 perfecta,
2304 3216 2452 3274 satio
2493 3216 2668 3276 satias
2703 3216 2920 3275 satiavi.
3013 3234 3046 3273 v
3087 3233 3124 3273 x

536 3332 569 3393 y
616 3332 645 3373 z
691 3322 827 3375 ante
870 3317 955 3376 io:
1014 3316 1171 3378 nulla
1236 3318 1309 3377 de
1366 3318 1457 3377 his
1512 3316 1720 3377 litteris
1775 3317 1968 3375 inveni
2023 3318 2330 3375 terminata
2389 3315 2598 3384 verba;
2660 3318 2762 3395 qui
2817 3318 3122 3385 invenerit,

459 3438 513 3478 ao
540 3418 711 3476 etiam
759 3416 1089 3478 declinandi
1126 3419 1336 3479 doceat
1380 3406 1686 3478 rationem.

704 3520 751 3577 Α
781 3526 919 3579 aute
950 3538 1029 3579 uo
1060 3522 1249 3598 posita
1280 3520 1507 3598 primae
1544 3518 1977 3595 coniugationis
2007 3514 2033 3601 ΙΙ
2064 3516 2240 3579 verba
2273 3520 2428 3595 regit
2463 3526 2523 3580 et
2553 3518 2758 3581 tertiae
2789 3527 3122 3598 correptae.

536 3636 669 3679 uam
734 3620 1029 3679 secundae
1084 3602 1513 3698 coniugationis
1562 3616 1652 3679 vel
1710 3620 1918 3681 tertiae
1963 3619 2202 3699 longae,
2266 3620 2324 3681 id
2383 3629 2472 3682 est
2527 3629 2802 3700 quartae,
2855 3620 3034 3682 verba
3087 3639 3125 3680 u

534 3728 671 3781 ante
723 3736 757 3779 o
814 3736 1135 3798 numquam
1194 3720 1439 3789 habent,
1497 3719 1603 3780 sed
1656 3721 1916 3782 secunda
1970 3741 2003 3782 e
2047 3720 2262 3791 solam,
2321 3722 2494 3782 tertia
2552 3721 2870 3801 producta,
2930 3722 2990 3783 id
3033 3728 3126 3783 est

534 3828 771 3901 quarta,
818 3838 853 3881 e
898 3827 959 3881 et
998 3824 1039 3881 i.
1096 3838 1275 3904 sergo
1318 3840 1348 3881 a
1396 3829 1533 3883 ante
1577 3840 1657 3882 uo
1693 3824 1883 3901 posita
1927 3826 1974 3883 si
2018 3826 2246 3903 primae
2293 3823 2472 3884 fuerit
2526 3825 2983 3902 coniugationis,
3035 3824 3125 3883 avi

458 3944 509 3986 aa
538 3924 711 3984 l'aciet
754 3924 951 4011 specie
994 3923 1275 4002 perfecta,
1322 3922 1451 3984 lavo
1494 3923 1702 3993 lavavi;
1747 3925 1797 3985 si
1837 3926 2063 3995 tertiae,
2109 3926 2183 3996 vi,
2225 3923 2354 3985 lavo
2389 3923 2534 3985 lavis
2584 3923 2714 3988 lavi.
2775 3923 3030 3987 dicimus
3067 3932 3128 3987 et

534 4023 697 4085 lavor
738 4023 951 4084 lavaris
995 4023 1106 4084 sub
1154 4042 1271 4085 uno
1317 4022 1633 4087 intellectu.
1726 4024 1765 4085 b
1807 4034 1942 4087 ante
1980 4044 2057 4087 uo
2102 4027 2310 4088 tertiae
2355 4035 2668 4106 correptae
2711 4029 2956 4106 repperi
3015 4026 3122 4088 hui

534 4128 757 4188 faciens
798 4128 995 4206 specie
1038 4126 1318 4205 perfecta,
1362 4126 1565 4187 imbuo
1610 4126 1826 4189 imbuis
1871 4127 2072 4189 imbui.
2151 4131 2380 4208 primae
2421 4146 2540 4189 non
2582 4130 2828 4199 inveni;,
2853 4130 3124 4190 inventor

674 4263 705 4313 3
752 4260 979 4328 Persius]
1014 4268 1112 4315 sat.
1150 4260 1202 4324 6,
1242 4262 1309 4315 73
1343 4264 1588 4327 patriciae
1632 4264 1860 4311 immeiat
1893 4262 2078 4314 vulvae
2247 4265 2280 4316 6
2331 4262 2453 4331 iam]
2503 4268 2660 4331 Ver-9.
2695 4264 2828 4320 Aen.
2867 4264 3125 4317 v111426

672 4334 705 4383 7
743 4332 993 4399 polibant]
1042 4334 1200 4397 Very.
1222 4332 1353 4383 Aen.
1383 4332 1623 4383 'vt11436
1728 4331 1858 4395 sajio
1899 4332 2022 4383 salis
2057 4334 2210 4383 saliui
2247 4335 2330 4385 uel
2366 4338 2480 4385 salii
2515 4349 2550 4393 ς
2695 4335 2756 4386 12
2794 4336 2937 4400 rapio
2974 4336 3122 4400 rapui

536 4403 619 4452 uel
645 4404 778 4466 rapii
814 4417 864 4462 ς,
902 4404 1035 4453 unde
1069 4404 1215 4467 sapio
1254 4402 1405 4467 sapui
1432 4402 1515 4451 vel
1548 4402 1683 4468 sapii
1716 4403 1932 4452 coniecit
1953 4402 2184 4454 Str-uvius
2207 4405 2271 4455 de
2297 4406 2476 4456 declivi.
2507 4414 2556 4457 et
2580 4408 2774 4471 coniuq.
2795 4406 2917 4454 Lat.
2937 4419 2994 4467 p.
3019 4404 3123 4454 205

533 4474 661 4522 conl.
690 4471 943 4521 Priscian.
977 4490 1031 4537 p.
1058 4472 1181 4535 879,
1216 4475 1363 4537 rapio
1400 4472 1568 4537 rapiui
1607 4470 1685 4521 uel
1723 4473 1851 4537 rapii
1887 4472 2041 4523 editio
2068 4474 2386 4525 Ascensiana
2527 4477 2590 4527 17
2627 4474 2880 4525 inlinitum
2914 4474 3122 4525 modum

534 4550 839 4606 perpetuum
874 4556 909 4597 ς
1019 4542 1083 4593 18
1110 4537 1400 4606 Terentius]
1438 4542 1607 4591 Andr.
1648 4541 1736 4590 llll
1765 4544 1814 4603 5,
1853 4542 1886 4591 2
1991 4545 2058 4591 22
2094 4543 2258 4609 paret]
2307 4546 2462 4609 Vere.
2496 4544 2628 4595 Aen.
2667 4542 2816 4595 1689
2931 4544 3037 4594 cari
3075 4545 3124 4595 B

690 4610 759 4661 25
798 4612 1110 4675 partirerant
1144 4628 1214 4661 ex
1251 4612 1461 4662 Sallust.
1496 4610 1610 4676 Ing.
1644 4610 1713 4662 43
1749 4613 2028 4661 citaverunt
2062 4613 2270 4663 Ser-vius
2303 4618 2355 4665 in
2389 4616 2436 4665 V
2439 4629 2547 4679 era.
2573 4614 2705 4665 Aen.
2741 4616 2762 4663 1
2789 4613 2888 4665 194
2925 4622 2976 4663 ee
3013 4614 3124 4664 Gle-

532 4679 711 4729 donius
740 4694 798 4742 ρ.
842 4680 977 4731 1916
1138 4682 1209 4729 27.
1241 4677 1529 4746 Vergilius]
1567 4681 1696 4731 Aen.
1738 4683 1756 4730 l
1793 4680 1892 4732 104
2031 4684 2098 4735 34
2148 4700 2175 4733 e
2201 4692 2317 4745 post
2347 4694 2524 4747 quarta
2557 4700 2650 4738 om.
2685 4683 2751 4747 B,
2788 4684 2911 4734 add.
2933 4684 3122 4735 Sacer-

534 4748 627 4801 dos
650 4762 707 4814 p.
742 4748 812 4800 66
952 4750 1033 4798 aui
1074 4747 1226 4799 faciet
1262 4764 1296 4807 ς
1331 4753 1383 4800 ui
1421 4750 1540 4799 facit
1580 4750 1627 4800 B
