3434 5442
634 412 663 435 Ι
730 337 847 401 110
1903 336 2130 403 raom

856 482 867 495 .
897 456 1077 497 ττι-ιε
1104 454 1155 495 n.
2883 472 2916 497 ι.
2945 456 3036 499 3η.
3079 456 3102 497 ⁴
3127 456 3178 498 v.

722 532 783 586 et
822 468 959 587 ideo
1002 526 1116 587 hoc
1158 542 1487 595 monemus,
1530 532 1595 587 ut
1636 526 1806 598 haec,
1851 546 2004 607 quae
2047 536 2282 608 reperta
2325 528 2564 599 luerint,
2610 528 2770 590 salvo
2807 470 3024 607 ge'uere
3057 460 3164 589 ¹suo
3203 528 3260 589 ad

722 626 943 689 similes
986 628 1205 689 formas
1244 630 1479 706 generis
1518 628 1827 691 masculini
1871 630 2264 693 declinentur.
2305 627 2316 713 Ι
3255 703 3260 709 ,

892 730 973 791 De
1020 748 1105 789 os.
1156 756 1169 771 ·
1196 748 1603 809 quaecumque
1658 733 1894 793 nomina
1957 734 2191 811 generis
2245 732 2508 793 seminini
2563 731 2812 795 ablativo
2867 751 3008 794 casu
3063 732 3262 794 numeri

720 831 1035 910 singularis
1082 850 1119 891 o
1172 830 1361 893 littera
1422 834 1812 895 terminantur
1877 842 1938 896 et
1987 836 2344 895 nominativo
2401 852 2540 895 casu
2595 836 2824 895 numeri
2875 834 3175 912 singularis
3211 853 3263 893 os

670 934 929 997 alitteris
972 934 1346 1002 deliniuntur,
1390 943 1460 995 ut
1501 934 1575 997 ab
1606 934 1717 996 hac
1751 936 2046 1016 Zacyntho
2081 937 2228 999 haec
2259 937 2607 1017 Zacyntho&
2654 937 2803 999 haec
2843 937 2916 999 ad
2961 937 3074 998 hoc
3099 956 3262 997 exem·

718 1036 879 1115 plum
924 1034 1323 1097 declinantur:
1388 1038 1621 1098 numeri
1675 1036 1990 1116 singularis
2053 1038 2200 1100 haec
2240 1038 2568 1119 Zacynthos
2621 1039 2800 1117 huius
2845 1024 3262 1119 Zacynthi‘huie

718 1136 1011 1218 Zacyntho
1074 1136 1228 1199 hanc
1280 1138 1639 1217 Zacynthum
1710 1158 1748 1199 o
1793 1140 2118 1219 Zacynthos
2181 1140 2254 1201 ab
2317 1141 2428 1202 hac
2484 1140 2803 1221 Zacyntho.
2893 1142 3042 1203 haec
3085 1158 3260 1201 sonum

718 1239 1005 1320 pluralem
1060 1238 1255 1301 facere
1313 1239 1720 1317 prohibentur.
1805 1243 1892 1303 sic
1935 1250 1993 1303 et
2050 1241 2160 1304 alia
2214 1246 2451 1321 generis
2507 1242 2769 1303 feminini
2815 1244 3081 1311 nomina,
3137 1260 3262 1321 quae

718 1342 967 1403 ablativo
1026 1360 1163 1403 casu
1218 1344 1449 1403 numeri
1504 1342 1818 1422 singularis
1863 1362 1898 1403 o
1943 1343 2134 1405 littera
2189 1347 2582 1407 terminantur
2641 1353 2701 1405 et
2753 1346 3104 1406 nominativo
3149 1362 3258 1403 casu

642 1467 693 1506 ιο
718 1446 953 1506 numeri
994 1442 1306 1521 singularis
1340 1462 1409 1503 os
1440 1444 1645 1506 litteris
1680 1446 2058 1515 definiuntur,
2101 1446 2180 1523 ad,
2219 1447 2552 1527 exemplum
2583 1446 2864 1527 Zacynthi
2909 1444 3258 1508 declinantur.

720 1564 879 1608 nunc
934 1547 993 1606 in
1050 1545 1161 1607 hac
1220 1545 1409 1607 l'orma
1464 1548 1701 1623 generis
1755 1548 2044 1618 seminini,
2103 1566 2221 1629 qua
2273 1549 2526 1611 diximus
2577 1549 2827 1610 ablativo
2881 1569 3021 1611 casu
3062 1549 3257 1609 numeri

716 1646 1029 1727 singularis
1074 1650 1311 1709 nomina
1358 1668 1393 1709 o
1441 1646 1629 1709 littera
1674 1651 1978 1711 termInari
2023 1657 2083 1711 et
2125 1653 2482 1713 nominativo
2525 1670 2666 1713 casu
2712 1652 2945 1712 numeri
2989 1650 3258 1729 singularis

718 1768 787 1811 os
814 1751 1019 1812 litteris
1056 1750 1303 1821 definiri,
1352 1750 1465 1811 hoc
1500 1768 1832 1819 monemus,
1877 1752 2034 1830 quod
2079 1772 2148 1813 ex
2185 1772 2250 1813 ea
2285 1751 2416 1833 plus
2453 1770 2630 1831 quam
2669 1754 2875 1815 decem
2909 1771 3110 1814 novem
3137 1753 3256 1821 soni,

718 1852 831 1913 hoc
886 1860 977 1915 est
1042 1872 1217 1933 quam
1274 1853 1479 1914 decem
1522 1871 1732 1915 novem
1797 1856 2064 1923 nomina,
2123 1872 2238 1915 non
2307 1855 2532 1933 possint
2597 1855 2886 1917 exhiberi.
2977 1856 3050 1917 de
3101 1855 3256 1915 forma

644 1978 690 2017 ιε
718 1956 951 2033 generis
987 1955 1271 2023 seminini,
1321 1974 1436 2036 qua
1480 1954 1730 2017 ablativo
1771 1974 1910 2017 casu
1952 1958 2182 2017 numeri
2225 1956 2538 2035 singularis
2579 1960 2818 2019 nomina
2863 1977 2900 2017 o
2947 1957 3130 2019 littera
3161 1964 3256 2017 ter·

716 2058 1011 2118 minantur
1052 2066 1111 2119 ct
1154 2060 1511 2119 nominativo
1552 2075 1693 2119 casu
1739 2059 1970 2119 numeri
2001 2057 2312 2137 singularis
2341 2076 2408 2119 os
2437 2057 2646 2119 litteris
2682 2058 3060 2128 definiuntur,
3104 2075 3254 2137 quan-

711 2165 837 2219 tum
880 2160 1027 2220 ratio
1072 2160 1370 2238 poscebat,
1416 2162 1810 2222 tractavimus,
1843 2156 1872 2243 ΙΙ
2287 2144 2292 2149 ’

881 2262 967 2323 De
1022 2280 1077 2321 o.
1167 2280 1571 2343 quaecumque
1636 2264 1875 2322 nomina
1929 2264 2162 2339 generis
2217 2262 2480 2324 seminini
2539 2261 2788 2324 ablativo
2855 2282 2998 2325 casu
3061 2260 3252 2322 numeri

713 2361 1025 2442 singularis
1080 2382 1117 2423 o
1172 2362 1369 2429 littera
1418 2360 1810 2426 terminantur
1875 2372 1934 2425 et
1987 2366 2346 2425 nominativo
2403 2366 2832 2426 casu·numeri
2887 2364 3185 2442 singularis
3226 2380 3253 2419 ο

634 2486 687 2529 2⁰
713 2465 903 2526 littera
944 2466 1332 2535 deliniuntur,
1378 2474 1445 2527 ut
1478 2475 1621 2546 puta
1666 2465 1740 2526 ab
1780 2466 1892 2527 hac
1935 2468 2129 2546 Gyaro
2181 2465 2330 2527 haec
2371 2468 2595 2546 Gyaro,
2634 2465 2783 2527 haec
2827 2465 3053 2528 scilicet
3091 2470 3252 2543 aptota

712 2586 841 2628 esse
878 2566 1277 2645 reperiuntur,
1325 2575 1383 2629 et
1424 2567 1557 2629 ideo
1600 2567 1675 2629 ad
1721 2568 1832 2629 hoc
1877 2568 2211 2647 exemplum
2257 2567 2656 2629 declinantur:
2703 2570 2936 2631 numeri
2982 2565 3254 2645 singularis

710 2668 859 2730 haec
897 2670 1089 2749 Gyaro
1148 2668 1325 2729 huius
1364 2670 1555 2749 Gyaro
1614 2670 1756 2731 huic
1797 2672 1989 2751 Gyaro
2043 2671 2195 2731 hanc
2239 2670 2434 2749 Gyaro
2489 2687 2524 2730 o
2567 2672 2759 2749 Gyaro
2811 2670 2886 2732 ab
2928 2670 3038 2731 hac
3073 2670 3250 2748 Gyaro.
3355 2680 3357 2696 ²

708 2770 857 2832 haec
900 2788 1211 2833 numerum
1260 2770 1547 2850 pluralem
1600 2772 1798 2834 fac-ere
1852 2772 2266 2853 prohibentur.
2357 2774 2444 2833 sic
2487 2779 2548 2833 et
2591 2771 2706 2833 alia
2748 2775 2986 2850 generis
3029 2769 3252 2833 feminini

708 2874 964 2943 nomina,
1010 2892 1163 2953 quae
1208 2872 1459 2935 ablativo
1498 2892 1637 2936 casu
1682 2877 1918 2935 numeri
1965 2873 2278 2952 singularis
2321 2893 2358 2934 o
2406 2874 2598 2935 littera
2635 2877 3031 2937 terminantur
3077 2881 3132 2934 et
3167 2889 3250 2929 no·

632 2996 683 3039 25
712 2976 987 3037 minativo
1028 2994 1167 3037 casu
1224 2978 1457 3037 numeri
1500 2976 1818 3055 singularis
1855 2996 1889 3037 ο
1927 2976 2118 3037 littera
2168 2976 2552 3045 deliniuntur,
2599 2977 2670 3038 ad
2715 2976 3048 3058 exemplum
3089 2978 3250 3054 Gyaro

706 3084 905 3157 aptote
944 3076 1169 3139 scilicet
1212 3076 1599 3139 declinantur.
1690 3097 1848 3141 nunc
1889 3082 1946 3140 in
1989 3078 2102 3139 hac
2141 3078 2332 3139 forma
2377 3080 2612 3157 generis
2653 3079 2936 3147 feminini,
2983 3098 3090 3160 qua
3131 3074 3248 3137 dixi·

708 3198 839 3241 mus
876 3178 1127 3241 ablativo
1174 3198 1315 3242 casu
1358 3181 1591 3242 numeri
1624 3180 1942 3258 singularis
1979 3182 2216 3242 nomina
2263 3198 2298 3240 o
2337 3180 2530 3243 littera
2567 3182 2870 3243 terminari
2919 3190 2980 3243 et
3019 3180 3248 3240 nomina-

705 3286 821 3343 tivo
864 3302 1001 3344 casu
1056 3284 1291 3344 numeri
1346 3282 1657 3360 singularis
1704 3302 1740 3343 o
1781 3282 1977 3344 littera
2029 3282 2288 3351 definiri,
2340 3282 2456 3343 hoc
2501 3300 2842 3352 monemuS,
2901 3282 3056 3363 quod
3095 3298 3156 3342 ex
3193 3296 3245 3337 ea

706 3384 837 3463 plus
880 3404 1053 3464 quam
1097 3384 1277 3445 XXVI
1318 3386 1477 3453 soni,
1524 3385 1641 3445 hoc
1682 3392 1772 3445 est
1813 3384 1944 3463 plus
1987 3404 2166 3465 quam
2217 3383 2397 3445 XXVI
2439 3387 2705 3455 nomina,
2749 3403 2868 3446 non
2914 3387 3133 3465 possint
3168 3398 3246 3439 ex·

626 3506 681 3546 aa»
708 3485 915 3547 hiberi.
1004 3488 1079 3549 de
1138 3487 1331 3557 forma
1396 3488 1631 3565 generis
1684 3486 1976 3555 feminini,
2047 3505 2166 3565 qua
2204 3485 2452 3548 ablativo
2499 3504 2638 3549 casu
2695 3489 2931 3548 numeri
2974 3482 3244 3564 singularis

704 3588 941 3649 nomina
987 3608 1022 3649 o
1058 3586 1252 3650 littera
1290 3590 1682 3650 terminantur
1727 3596 1788 3649 et
1827 3590 2188 3649 nominativo
2225 3607 2364 3651 casu
2401 3591 2634 3650 numeri
2675 3588 2991 3667 singularis
3021 3608 3054 3650 o
3086 3566 3244 3648 littera

658 3756 661 3759 ⁴
702 3688 1079 3760 definiuntur,
1128 3690 1429 3771 quanftum
1474 3692 1625 3752 ratio
1672 3690 1970 3769 poscebat,
2015 3692 2410 3752 tractavimus,

874 3791 957 3853 De
1000 3810 1221 3870 genere
1266 3801 1498 3854 neutro.
1580 3794 1778 3855 neutri
1819 3794 2054 3870 generis
2095 3794 2352 3864 nomina,
2399 3812 2550 3872 quae
2593 3791 2842 3855 ablativo
2878 3812 3016 3855 casu
3047 3787 3241 3852 numeri

699 3893 1011 3972 singularis
1066 3913 1101 3954 o
1142 3894 1334 3957 littera
1390 3896 1784 3957 terminantur
1805 3943 1820 3966 ,
1879 3895 2025 3957 haec
2071 3895 2430 3955 nominativo
2487 3912 2626 3957 casu
2681 3896 2914 3957 numeri
2969 3888 3242 3971 singularis

622 4016 675 4058 as
701 3998 963 4077 quinque
1004 3998 1097 4058 his
1132 3998 1339 4059 formis
1380 3998 1742 4060 definiuntur
1777 4004 2020 4069 tantum,
2067 4016 2166 4059 um
2207 4016 2344 4059 eum
2383 3998 2506 4059 ium
2546 4015 2683 4058 vum
2729 4016 2818 4059 us,

871 4100 955 4161 De
998 4118 1118 4161 um.
1207 4120 1613 4182 quaecumque
1676 4102 1914 4162 nomina
1975 4101 2210 4181 generis
2269 4102 2466 4161 neutri
2535 4098 2784 4160 ablativo
2845 4118 2984 4161 casu
3045 4090 3238 4158 numeri

697 4203 1013 4281 singularis
1057 4221 1094 4262 o
1138 4200 1328 4265 littera
1379 4204 1774 4266 terminantur
1831 4210 1890 4265 et
1932 4204 2288 4263 nominativo
2336 4220 2476 4263 casu
2535 4204 2768 4263 numeri
2821 4202 3121 4281 singularis
3159 4210 3236 4254 um

696 4305 907 4369 litteris
954 4312 1091 4385 post
1132 4313 1551 4367 consonantem
1584 4306 1962 4375 definiuntur,
2008 4312 2074 4366 ut
2113 4311 2253 4383 puta
2299 4303 2372 4365 ab
2409 4304 2524 4365 hoc
2553 4303 2776 4384 templo
2817 4304 2932 4365 hoc
2973 4299 3235 4379 templum,

696 4406 843 4468 haec
887 4407 959 4468 ad
1002 4408 1117 4470 hoc
1156 4407 1491 4488 exemplum
1537 4407 1936 4470 declinantur:
1991 4408 2221 4467 numeri
2267 4406 2582 4483 singularis
2625 4408 2740 4468 hoc
2783 4406 3058 4486 templum
3095 4400 3236 4463 huius

618 4524 673 4565 ω
698 4508 901 4588 templi
943 4509 1080 4571 huic
1126 4510 1343 4591 templo
1388 4510 1504 4571 hoc
1547 4508 1830 4591 templum
1877 4528 1914 4569 o
1955 4508 2239 4588 templum
2279 4508 2354 4571 ab
2401 4510 2516 4571 hoc
2555 4509 2810 4588 templo,
2868 4507 3088 4571 numeri
3131 4499 3236 4581 plu·

694 4756 1115 4878 matt-{efficiunt
1152 4758 1231 4808 Bo
1260 4772 1467 4823 perraro
1502 4774 1659 4810 sonos
1694 4759 1925 4810 efficiunt
1957 4774 1991 4807 r
2171 4756 2242 4807 26
2277 4764 2450 4823 aptota
2483 4756 2532 4807 R
2565 4766 2740 4825 aptota
2777 4758 2824 4809 B
3013 4757 3074 4807 35
3107 4766 3159 4800 ¹⁸⁵
3189 4760 3234 4795 Ν

694 4842 793 4878 uus
