3434 5442
652 350 777 414 422
1831 352 2076 414 SERVII

2623 466 2656 506 s.
2687 464 2778 506 167.
2805 465 2886 505 67*
2913 467 3010 506 cod.
3036 464 3124 505 Par.

654 535 917 614 fungitur
962 539 1136 598 etiam
1195 537 1475 614 digammi
1519 541 1778 610 ratione,
1841 541 1899 602 id
1947 549 2037 602 est
2080 543 2454 620 pinguiorem
2497 561 2707 604 sonum
2755 553 3012 624 praestat
3051 547 3214 624 parti·

654 636 768 697 hus
812 639 1123 708 orationiS,
1172 646 1240 701 ut
1280 639 1518 702 Velena.
1606 641 1723 702 hoc
1768 661 1910 721 ergo
1957 651 2016 704 et
2047 661 2154 704 nos
2191 644 2468 714 facimuS,
2525 647 3052 728 quotienscumque
3091 665 3217 706 con·

654 757 873 800 sonans
918 747 1033 810 est,
1080 747 1144 802 ut
1188 741 1404 803 Venus.
1490 744 1511 802 i
1556 761 1696 804 vero
1741 746 2049 824 quaeritur
2092 753 2292 807 utrum
2339 748 2634 824 geminata
2677 748 2864 826 possit
2905 766 3080 809 unam
3121 747 3218 826 syl-

654 838 847 902 labam
894 841 1122 914 l'acere,
1171 850 1237 903 ut
1279 849 1415 921 puta
1462 844 1543 906 dii
1586 854 1786 907 utrum
1830 849 1947 908 iam
1991 865 2101 926 per
2145 847 2262 911 duo
2305 849 2326 908 i
2370 848 2690 918 scribatur,
2738 849 2897 929 quod
2941 848 3106 910 multi
3147 849 3219 909 di-

608 959 634 998 5
660 951 832 1014 cunt,
878 941 1046 1005 multi
1091 953 1327 1024 negant.
1387 947 1563 1027 plane
1620 948 1924 1010 sciendum
1988 957 2077 1010 est
2119 949 2277 1029 quod
2323 952 2344 1009 i
2397 951 2552 1011 inter
2595 950 2740 1011 duas
2783 953 2972 1029 posita
3021 951 3227 1012 vocales

656 1047 719 1108 in
773 1061 887 1107 una
942 1053 1111 1126 parte
1170 1048 1455 1110 orationis
1508 1067 1621 1129 pro
1678 1050 1904 1112 duabus
1963 1057 2054 1112 est
2107 1051 2602 1121 consonantibus,
2645 1061 2711 1113 ut
2755 1053 2951 1114 Troia.
3039 1071 3228 1112 omnes

660 1146 894 1208 vocales
938 1148 1181 1210 Latinae
1226 1156 1286 1210 et
1327 1150 1577 1229 produci
1622 1161 1681 1214 et
1725 1154 1946 1233 corripi
1991 1162 2258 1230 possunt.
2306 1172 2337 1214 a
2370 1154 2747 1233 producitur,
2793 1163 2862 1216 ut
2903 1174 3068 1223 acer:
3113 1173 3228 1214 cor-

660 1251 906 1328 ripitur,
955 1257 1021 1311 ut
1064 1269 1259 1312 amor:
1308 1271 1341 1313 e
1388 1254 1762 1332 producitur,
1809 1263 1874 1316 ut
1915 1262 2100 1325 meta;
2147 1257 2468 1335 corripitur
2508 1263 2576 1316 ut
2619 1273 2760 1334 ego:
2819 1258 2838 1316 i
2881 1257 3228 1335 producitur,

660 1361 724 1412 ut
766 1353 919 1422 itur;
976 1354 1327 1432 corripitur,
1368 1363 1435 1416 ut
1476 1355 1591 1417 ibi:
1648 1375 1683 1416 o
1730 1355 2096 1436 producitur,
2142 1363 2207 1419 ut
2235 1357 2454 1428 Roma;
2511 1359 2845 1438 corripitur,
2895 1366 2958 1421 ut
2997 1375 3156 1419 rosa:
3197 1375 3230 1416 u

584 1469 635 1510 ιο
660 1453 1027 1534 producitur,
1074 1461 1139 1515 ut
1182 1473 1367 1526 unus;
1428 1460 1769 1539 corripitur,
1816 1467 1883 1520 ut
1924 1457 2046 1520 ubi.
2108 1458 2213 1520 sed
2257 1459 2416 1539 quod
2461 1458 2711 1521 dicimus
2755 1479 2855 1522 eas
2899 1469 2958 1521 et
2999 1459 3230 1538 produci

656 1573 832 1636 posse
892 1563 951 1617 et
1012 1558 1263 1637 corripi,
1320 1559 1405 1620 sic
1461 1559 1886 1638 intellegimus,
1945 1579 2067 1622 non
2123 1563 2187 1621 in
2230 1579 2346 1622 una
2394 1569 2562 1639 parte
2607 1563 2890 1622 orationis
2933 1569 3232 1638 utrumque

658 1675 838 1738 posse
884 1661 1264 1738 contingere,
1312 1660 1415 1722 sed
1466 1661 1571 1742 [de
1613 1664 1844 1724 ratione
1888 1662 2332 1743 adspirationis]
2379 1665 2442 1723 in
2488 1663 2750 1725 diversis
2825 1665 3086 1742 aspirare
3127 1679 3232 1722 non

662 1760 975 1832 debemus,
1046 1764 1161 1822 nisi
1224 1763 1459 1842 quando
1525 1765 1792 1844 sequitur
1853 1763 2098 1835 vocalis,
2165 1773 2232 1826 ut
2293 1763 2494 1826 homo.
2581 1765 2686 1827 sed
2731 1783 2852 1826 non
2897 1765 3232 1843 ubicumque

665 1863 885 1925 vocalis
944 1872 1063 1936 est,
1124 1871 1183 1924 et
1240 1866 1516 1945 aspiratio
1574 1874 1691 1936 est;
1752 1866 1855 1927 sed
1911 1866 2268 1947 ubicumque
2313 1869 2592 1947 aspiratio
2638 1874 2756 1938 est,
2815 1868 3144 1928 necessario
3183 1875 3232 1924 et

590 1981 638 2021 ιε,
668 1964 899 2027 vocalis,
992 1966 1373 2029 semivocales
1428 1976 1566 2028 sunt
1620 1975 1877 2048 septem,
1936 1987 2087 2048 quae
2149 1971 2227 2028 ita
2285 1970 2701 2048 proferuntur,
2749 1975 2816 2029 ut
2855 1969 3130 2030 inchoent
3167 1965 3231 2026 ab

664 2087 697 2128 e
740 2065 937 2128 littera
968 2074 1028 2129 et
1058 2067 1329 2130 desinant
1370 2071 1433 2130 in
1478 2069 1804 2131 naturalem
1851 2089 2088 2142 sonum,
2135 2077 2201 2132 ut
2245 2069 2308 2130 el*
2357 2069 2410 2130 el
2469 2089 2564 2131 em
2627 2089 2701 2130 en
2758 2088 2827 2130 er
2881 2089 2946 2132 es
2999 2072 3085 2140 ix:
3139 2067 3230 2128 sed

666 2187 703 2230 x
748 2168 821 2230 ab
866 2171 885 2229 i
930 2169 1170 2232 inchoat
1213 2177 1273 2230 et
1316 2170 1563 2234 duarum
1610 2175 2060 2234 consonantium
2105 2173 2376 2250 fungitur
2404 2170 2556 2233 loco.
2603 2191 2740 2233 nam
2773 2175 3026 2234 maiores
3055 2172 3224 2234 nostri

666 2289 777 2352 pro
824 2271 935 2332 hac
980 2291 1017 2333 x
1062 2279 1163 2333 aut
1204 2291 1243 2350 g
1290 2279 1349 2334 et
1390 2291 1419 2332 s
1463 2281 1562 2335 aut
1608 2293 1640 2334 c
1686 2282 1747 2335 et
1789 2293 1818 2336 s
1863 2274 2195 2355 ponebant,
2243 2291 2282 2352 g
2326 2281 2386 2334 et
2429 2291 2488 2342 s,
2535 2283 2601 2334 ut
2643 2292 2751 2335 rex
2793 2275 2982 2352 regiS‚
3027 2293 3060 2334 c
3101 2280 3154 2333 et
3191 2291 3228 2340 s,

666 2379 732 2434 ut
782 2375 881 2453 pix
938 2374 1104 2454 picis,
1196 2374 1269 2435 de
1326 2377 1578 2454 genetivi
1634 2384 1832 2437 autem
1889 2376 2284 2438 declinatione
2343 2373 2727 2454 colligebant.
2788 2376 3021 2456 quando
3073 2375 3158 2436 rel
3205 2391 3234 2432 c

587 2490 638 2529 πο
666 2473 756 2535 vel
804 2492 843 2553 g
884 2456 1217 2538 uterentur.
1306 2477 1411 2538 sed
1466 2486 1846 2558 posteaquam
1893 2479 2126 2540 inventa
2172 2483 2312 2539 sunt
2353 2479 2588 2538 nomina
2636 2495 2786 2558 quae
2833 2495 2942 2538 nec
2985 2496 3016 2538 c
3055 2495 3164 2538 nec
3201 2493 3232 2553 g

665 2579 728 2637 in
774 2579 1045 2656 genetivo
1090 2578 1409 2651 haberent,
1454 2587 1522 2641 ut
1564 2581 1666 2640 nix
1696 2581 1882 2650 nivis,
1928 2599 2107 2641 senex
2153 2581 2332 2650 seniS,
2381 2581 2576 2661 coepit
2619 2578 2767 2640 haec
2811 2579 3002 2642 littera
3041 2577 3226 2646 scribi,

666 2679 727 2739 id
772 2686 863 2740 est
906 2698 971 2751 x,
1030 2687 1091 2740 et
1130 2699 1243 2760 pro
1302 2680 1529 2744 duabus
1586 2681 1795 2742 haberi
1850 2681 2330 2744 consonantibus.
2420 2699 2450 2741 s
2493 2680 2687 2742 littera
2731 2681 2886 2743 hanc
2929 2681 3097 2742 habet
3139 2699 3230 2740 na-

668 2789 891 2854 turam,
938 2791 1035 2851 ut,
1080 2782 1182 2843 ubi
1226 2802 1375 2864 opus
1420 2793 1534 2855 est,
1592 2782 1938 2846 excludatur
1983 2783 2057 2845 de
2100 2793 2322 2854 metro,
2371 2795 2436 2844 ut
2475 2785 2538 2844 in
2582 2784 2700 2844 hoc
2746 2802 2916 2846 versu
2962 2785 3235 2864 ‘ponite

668 2903 840 2965 spes
883 2884 1031 2945 sibi
1074 2886 1447 2966 quisque'.
1538 2883 1872 2947 excluditur
1915 2893 2140 2958 autem,
2187 2887 2460 2966 quotiens
2503 2884 2595 2946 vel
2637 2885 2880 2948 inchoat
2921 2903 3234 2948 sermonem

592 2999 643 3045 25
671 2985 760 3046 vel
804 2985 1191 3056 determinat;
1270 2989 1330 3046 in
1384 2987 1580 3048 medio
1638 2995 1834 3050 autem
1890 2989 2080 3068 posita
2127 3005 2444 3068 numquam
2493 2986 2862 3060 excluditur,
2906 2998 2972 3048 ut
3011 2989 3233 3064 respira.

668 3095 945 3168 quattuor
998 3096 1136 3150 sunt
1189 3086 1475 3169 liquidae,
1533 3087 1552 3148 1
1598 3108 1658 3151 m
1704 3109 1744 3150 n
1790 3107 1838 3150 r.
1929 3089 2034 3150 sed
2088 3089 2431 3169 frequenter
2487 3091 2711 3150 utimur
2770 3089 3020 3160 duabus,
3063 3090 3234 3167 prima

672 3198 731 3250 et
772 3198 1007 3271 quarta,
1056 3209 1193 3252 raro
1238 3191 1526 3262 secunda,
1574 3192 1748 3252 tertia
1791 3208 2112 3272 numquam
2159 3192 2272 3252 nisi
2315 3193 2376 3251 in
2409 3191 2652 3252 Graecis
2699 3190 3053 3252 nominibus
3107 3209 3234 3251 sane

670 3300 812 3354 tunc
867 3301 1115 3370 possunt
1164 3294 1315 3354 istae
1369 3292 1730 3373 liquescere,
1789 3311 1925 3354 cum
1981 3300 2116 3355 ante
2160 3311 2224 3353 se
2267 3292 2586 3354 habuerint
2627 3294 2688 3353 in
2733 3310 2852 3353 una
2897 3291 3108 3372 syllaba
3151 3289 3232 3350 vel

670 3413 1105 3476 quamcumque
1144 3403 1365 3456 mutam
1411 3395 1502 3456 vel
1544 3397 1575 3457 s
1612 3394 2042 3458 semivocalem.
2115 3394 2217 3455 sed
2263 3403 2324 3455 et
2367 3395 2466 3456 hic
2509 3394 2656 3456 haec
2704 3393 2732 3478 Η
2777 3395 2928 3456 ratio
2971 3392 3234 3456 servanda

596 3513 647 3554 ao
674 3505 791 3568 est,
850 3515 1001 3577 quae
1056 3498 1115 3557 in
1176 3497 1573 3577 adspiratione
1626 3497 1929 3578 praedicta
1987 3504 2103 3568 est,
2161 3497 2222 3558 id
2267 3505 2356 3558 est
2399 3513 2518 3556 non
2563 3496 2920 3576 ubicumque
2959 3495 3234 3576 praecedit

677 3605 837 3660 muta
890 3597 978 3659 vel
1024 3600 1052 3659 l'
1090 3598 1483 3670 semivocaliS,
1539 3601 1685 3660 istae
1738 3598 2098 3680 liquescunt;
2156 3598 2260 3659 sed
2319 3598 2675 3678 ubicumque
2719 3599 2868 3660 istae
2909 3597 3230 3679 liquescunt,

677 3719 921 3762 necesse
976 3709 1065 3762 est
1120 3708 1183 3761 ut
1238 3699 1374 3761 illae
1428 3710 1889 3781 praeponantur.
1977 3709 2174 3762 mutae
2231 3709 2370 3762 sunt
2411 3718 2656 3771 novem,
2715 3717 2869 3780 quae
2913 3699 3120 3760 debent
3155 3700 3232 3758 in·

678 3803 897 3864 choare
926 3821 961 3863 a
990 3801 1244 3863 naturali
1274 3820 1420 3864 sono
1450 3810 1510 3864 et
1536 3805 1598 3863 in
1629 3803 1888 3865 vocalem
1920 3821 1954 3863 e
1983 3801 2238 3864 litteram
2270 3801 2572 3873 desinere,
2620 3810 2682 3864 ut
2725 3801 2764 3862 b
2795 3820 2836 3880 g
2878 3810 2941 3863 et
2981 3801 3231 3882 reliquae.

678 3925 749 3967 ex
780 3903 993 3985 quibus
1022 3912 1161 3974 treS,
1194 3906 1473 3984 quoniam
1504 3922 1625 3965 non
1656 3905 1934 3966 desinunt
1958 3905 2021 3965 in
2051 3923 2101 3975 e,
2134 3903 2549 3966 contumeliam
2579 3907 2900 3981 patiuntur,
2925 3906 2966 3964 Ιι
2991 3905 3038 3964 lc
3061 3923 3112 3981 q.
3139 3905 3175 3962 Ιι
3197 3920 3234 3960 α

602 4027 654 4069 35
681 4008 981 4090 plerisque
1028 4005 1443 4085 adspirationis
1487 4014 1643 4076 nota,
1691 4025 1724 4067 a
1768 4005 2066 4086 plerisque
2111 4023 2444 4067 consonans
2497 4005 2767 4069 habetur.
2855 4005 2897 4066 k
2939 4023 3074 4067 vero
3113 4013 3164 4066 et
3199 4022 3228 4082 q

680 4110 850 4173 aliter
909 4127 1017 4172 nos
1074 4110 1327 4180 utimur,
1384 4108 1554 4172 aliter
1596 4109 1688 4169 usi
1733 4117 1870 4170 sunt
1910 4109 2166 4170 maiores
2207 4110 2413 4170 nostri.
2503 4127 2758 4188 namque
2801 4106 2917 4180 illi,
2963 4110 3230 4190 quotiens·

680 4230 937 4293 cumque
980 4231 1015 4272 a
1060 4207 1447 4291 sequebatur,
1494 4209 1535 4271 k
1578 4209 2029 4292 praeponebant
2067 4212 2130 4270 in
2187 4211 2348 4272 omni
2387 4218 2559 4292 parte
2601 4211 2917 4280 orationis,
2975 4218 3040 4271 ut
3077 4209 3232 4290 kaput

818 4437 853 4485 4
893 4447 985 4499 per
1020 4433 1149 4484 duos
1177 4433 1426 4483 scribatur
1452 4433 1504 4482 P
1640 4431 1699 4482 ll
1741 4430 2096 4498 intellegamus
2127 4430 2176 4481 P
2314 4432 2379 4483 15
2415 4430 2554 4495 quod
2589 4437 2757 4480 autem
2787 4431 2850 4480 ab
2885 4432 2900 4478 i
2947 4431 3118 4498 incipit
3141 4431 3230 4480 eius

682 4519 867 4554 nomen
899 4503 1121 4554 ostendit
1152 4505 1303 4553 etiam
1326 4501 1534 4554 Servius
1573 4503 1622 4550 in
1661 4511 1974 4563 commento,
2010 4503 2148 4565 quod
2174 4501 2349 4553 scribit
2385 4503 2436 4551 in
2469 4501 2720 4550 Donatum
2751 4500 2834 4550 his
2871 4502 3038 4551 verbis
3073 4501 3232 4551 ‘semi-

684 4576 881 4626 vocales
917 4581 1036 4624 sunt
1054 4599 1119 4610 —--
1138 4573 1369 4623 inchoat’
1404 4573 1702 4625 Priscianus
1712 4572 1891 4637 p.540
1987 4571 2051 4622 16
2075 4569 2150 4638 ix]
2175 4586 2241 4620 ex
2261 4574 2312 4622 P
2419 4572 2480 4622 18
2497 4585 2592 4636 pro
2611 4569 2708 4620 hac
2737 4572 2792 4625 .i.
2819 4587 2856 4622 x
2877 4569 2925 4620 P
3026 4571 3090 4623 ²3
3109 4584 3228 4620 uerso

683 4646 761 4696 P.-
800 4647 957 4710 γει-9.
997 4644 1129 4698 Aen.
1160 4643 1231 4692 XI
1269 4643 1371 4696 309
1474 4643 1543 4695 33
1586 4649 1642 4692 ut
1684 4642 1753 4709 fg
1804 4650 1851 4691 et
1897 4641 2092 4705 reliqua
2128 4643 2179 4691 P
2274 4641 2343 4692 34
2375 4643 2486 4692 ideo
2527 4641 2663 4704 illae,
2693 4641 2816 4705 quia
2845 4655 2948 4692 non
2977 4643 3042 4692 ab
3071 4657 3099 4690 e
3129 4641 3230 4690 inci-

684 4716 828 4780 piunt
868 4728 1031 4780 neque
1062 4715 1111 4762 in
1151 4730 1179 4762 e
1216 4714 1479 4776 desinunt,
1517 4723 1734 4780 possunt
1771 4712 1880 4780 pati
1914 4712 2242 4773 calumniam,
2279 4720 2334 4760 ut
2371 4725 2466 4760 nee
2503 4709 2698 4761 litterae
2735 4712 3008 4763 uideantur
3041 4721 3122 4761 aut
3149 4725 3230 4760 non

686 4785 788 4834 sint
816 4785 1149 4836 necessariae.
1185 4808 1254 4820 —
1290 4799 1355 4834 ex
1394 4785 1547 4836 mutis
1590 4789 1914 4834 removentur
1949 4791 2157 4847 propter
2193 4781 2334 4831 illam
2368 4795 2520 4846 quam
2553 4781 2780 4832 diximus
2821 4783 3070 4832 rationem
3103 4781 3134 4830 1ι
3157 4782 3228 4843 kq

686 4853 895 4919 Sergius
932 4854 1046 4906 cod.
1087 4851 1308 4904 Levant.
1340 4854 1387 4918 f.
1428 4853 1496 4904 55
1634 4855 1893 4918 patiuntur
1921 4851 2179 4918 plerisque
2215 4851 2578 4917 adspirationis
2616 4851 2663 4901 P
2799 4849 2870 4903 35
2907 4868 2938 4902 c
2973 4867 3092 4904 uero
3121 4851 3168 4901 P
