3434 5442
1343 310 1769 373 PRAEFATIO
2702 324 2845 371 xnv

257 495 570 559 dunensis
619 493 796 578 (nam
849 492 1017 558 falso
1076 495 1146 558 in
1202 494 1416 559 indice
1471 497 1787 580 siglorum
1842 495 2015 561 dicta
2072 503 2172 559 est
2211 494 2632 577 Basileensis)
2690 496 2846 559 item

257 618 410 660 cum
481 596 690 660 Mario
746 596 1082 661 Victorino
1152 597 1328 683 apud
1383 598 1456 662 P.
1515 597 2113 663 Sanctandreanum
2176 598 2473 682 inpressa
2542 620 2600 660 a.
2658 603 2844 677 1584,

256 722 390 763 non
447 698 724 763 multum
785 700 956 763 inter
1011 721 1080 763 se
1134 700 1522 786 discrepant.
1611 701 1728 766 sed
1787 722 2053 787 prorsus
2108 699 2369 764 diversa
2429 697 2580 763 libri
2634 697 2845 763 forma

253 822 394 865 una
436 822 586 864 cum
628 798 772 864 aliis
817 802 1255 885 grammaticis
1301 802 1595 867 exhibita
1638 812 1738 867 est
1779 804 1847 866 in
1884 801 2167 865 editione
2194 798 2557 865 Basileensi
2585 823 2645 863 a.
2681 806 2844 871 1528

259 908 278 935 ³
296 903 513 967 Servii
566 902 888 967 Honorati
943 904 1022 968 de
1079 904 1328 969 ratione
1384 903 1757 968 ultimarum
1814 902 2212 989 syllabarum
2268 902 2351 966 ad
2406 902 2787 987 Aquilinum
2804 909 2844 983 ’,

257 1005 486 1069 addito
544 1005 612 1068 in
667 1005 962 1089 margine
1008 1006 1203 1070 ‘alias
1247 1005 1618 1071 Basilium’.
1705 1007 1867 1071 haec
1920 1016 2138 1070 autem
2189 1003 2340 1069 libri
2385 1004 2623 1084 forma,
2679 1024 2847 1088 quae

258 1130 300 1169 a
345 1106 608 1187 Servi0,
663 1106 877 1193 qualis
923 1108 1120 1193 vulgo
1177 1108 1389 1173 editus
1447 1118 1615 1190 erat,
1672 1108 1933 1173 diversa
1988 1117 2087 1173 est
2131 1116 2197 1171 et
2238 1128 2385 1170 cum
2425 1108 2506 1169 iis
2552 1126 2720 1191 quae
2765 1105 2845 1170 de

257 1208 473 1273 simile
517 1218 898 1293 argumento
944 1211 1186 1295 scripta
1226 1209 1514 1274 Maximo
1561 1210 1897 1285 Victorino
1954 1210 2022 1274 in
2077 1208 2221 1275 aliis
2268 1207 2599 1275 codicibus
2643 1206 2846 1271 tribu-

255 1320 462 1376 untur
517 1332 721 1397 eoque
775 1312 1032 1377 nomine
1087 1311 1265 1376 edita
1319 1320 1472 1377 sunt
1525 1313 1695 1376 anal.
1756 1334 2027 1398 gramm.
2072 1311 2354 1376 Vindob.
2410 1334 2473 1397 p.
2530 1318 2651 1379 455
2705 1330 2844 1395 sqq.

255 1414 402 1477 fere
448 1416 796 1495 consentit,
843 1436 926 1479 ex
971 1413 1193 1478 codice
1237 1412 1535 1478 Palatino
1583 1422 1743 1485 1753
1792 1412 2049 1479 saeculo
2096 1414 2346 1479 decimo
2390 1413 2625 1498 scripto
2670 1411 2845 1476 vide-

257 1526 372 1579 tur
414 1517 622 1602 petita
662 1537 825 1581 esse.
911 1538 1066 1580 nam
1107 1516 1178 1579 in
1221 1536 1296 1580 eo
1352 1516 1459 1579 hic
1513 1515 1680 1580 liber
1736 1538 2000 1603 prorsus
2056 1516 2285 1580 eodem
2325 1514 2550 1595 mode,
2594 1535 2735 1600 *quo
2779 1514 2847 1577 in

257 1617 634 1683 Basileensi
677 1618 962 1682 editione
1005 1617 1382 1699 exhibetur,
1440 1618 1721 1704 scriptus
1767 1628 1867 1683 est
1910 1618 1955 1681 f.
2004 1628 2080 1690 71
2129 1621 2231 1683 Aa
2268 1622 2546 1683 basilium
2590 1622 2847 1681 amicum

255 1726 467 1799 seryii.
523 1725 878 1785 Ultimarum
932 1725 1304 1801 syllabarum
1347 1758 1435 1773 —-
1477 1719 1525 1784 f.
1575 1731 1654 1791 74
1712 1732 1821 1785 aut
1876 1724 2204 1800 dipthoqis.
2258 1726 2429 1795 final.
2488 1726 2685 1797 requi.
2740 1739 2847 1783 ex-

248 1829 438 1901 plicit
483 1826 756 1899 feliciter
810 1811 1003 1887 amen:
1105 1823 1330 1887 eadem
1389 1823 1698 1907 leguntur
1752 1822 1949 1887 etiam
2002 1822 2073 1885 in
2123 1822 2347 1887 codice
2389 1820 2847 1887 Valentiniano

257 1924 357 1989 M.
403 1932 464 1993 6.
515 1934 592 1993 10
634 1924 792 1988 item
848 1924 1096 1989 decimo
1156 1924 1415 1989 saeculo
1473 1924 1747 2011 scripto,
1814 1924 1927 2010 qui
1981 1933 2055 1989 ut
2095 1924 2165 1988 in
2206 1922 2471 2011 reliquis
2527 1922 2845 2003 omnibuS,

259 2048 436 2113 quae
476 2027 546 2091 in
591 2014 667 2090 eo
711 2026 933 2091 codice
978 2028 1222 2113 scripta
1263 2036 1442 2108 sunt,
1499 2026 1594 2091 ita
1646 2026 1714 2089 in
1769 2026 1893 2090 hoc
1915 2103 1919 2107 Ι
1945 2026 2111 2091 libro
2162 2012 2427 2112 prorsus
2472 2048 2620 2090 cum
2662 2023 2847 2090 Pala-

255 2129 402 2195 tino
447 2130 784 2194 consentit.
843 2137 1178 2214 praeterea
1219 2130 1539 2215 quaedam
1583 2137 1666 2193 ‘ex
1710 2128 1935 2193 eodem
1978 2127 2145 2193 libro
2191 2138 2499 2215 excerpta
2542 2138 2607 2192 et
2636 2127 2850 2193 Servii

259 2232 527 2296 nomine
571 2231 882 2317 inscripta
926 2240 1078 2295 sunt
1120 2230 1188 2294 in
1233 2230 1456 2295 codice
1487 2230 2033 2317 Sangermanensi
2067 2239 2229 2301 1180
2275 2252 2445 2295 saec.
2478 2230 2603 2294 IX.
2664 2228 2850 2293 Basi-

259 2333 550 2398 leensem
614 2333 962 2398 editionem
1028 2332 1351 2417 expressit
1406 2333 1784 2414 PutschiuS,
1852 2334 1965 2421 qui
2020 2354 2231 2397 novae
2286 2331 2439 2397 libri
2480 2332 2739 2417 'formae
2782 2352 2847 2415 p.

261 2442 688 2505 1799—1810
735 2434 944 2499 editae
1001 2434 1282 2501 subiecit
1336 2445 1626 2501 veterem
1667 2435 1962 2522 plurimis
2010 2435 2195 2500 libris
2239 2457 2435 2499 manu
2479 2434 2741 2520 scriptis
2786 2441 2851 2496 et

259 2537 420 2601 olim
462 2537 771 2624 inpressis
815 2546 1240 2623 propagatam
1285 2560 1348 2623 p.
1385 2544 1823 2606 1810--1816.
1883 2548 2079 2623 atque
2124 2537 2208 2602 ad
2249 2538 2419 2602 hanc
2464 2535 2664 2602 solam
2708 2534 2848 2600 vul-

259 2662 489 2725 garem
533 2637 684 2703 libri
729 2638 1006 2704 formam
1047 2639 1356 2725 pertinet,
1403 2640 1578 2726 quod
1607 2638 1823 2705 Servii
1866 2638 2106 2704 librum
2138 2648 2257 2703 ‘ex
2285 2638 2471 2704 libris
2500 2636 2850 2722 Bongarsii

261 2742 711 2807 emendatum’
770 2763 912 2806 esse
972 2741 1220 2805 scribit.
1309 2764 1460 2805 nam
1514 2741 1584 2804 in
1643 2763 1723 2805 ea
1774 2742 1995 2806 codiee
2046 2741 2364 2812 Bernensi
2410 2748 2531 2811 432
2588 2737 2849 2805 saeculo

260 2844 517 2909 decimo
575 2843 818 2930 scripto
873 2866 1029 2907 usus
1088 2854 1207 2909 est.
1294 2854 1444 2931 post
1486 2842 1866 2909 Putschium
1920 2844 2092 2908 hunc
2147 2843 2417 2925 librum,
2478 2864 2626 2907 eum
2680 2842 2848 2922 dico,

259 2947 394 3035 qui,
421 2946 598 3033 apud
643 2944 825 3009 illum
869 2946 1150 3010 secundo
1194 2944 1336 3011 loco
1367 2946 1620 3033 positus
1653 2956 1779 3027 est,
1826 2945 2363 3011 Vindobonenses
2410 2943 2849 3010 analectorum

259 3047 836 3133 grammaticorum
881 3047 1160 3111 editores
1205 3046 1550 3113 ediderunt
1588 3070 1654 3133 p.
1702 3055 1823 3119 489
1869 3070 2009 3135 sqq.
2055 3070 2186 3134 qua
2228 3047 2511 3113 editione
2556 3046 2849 3111 adhibito

256 3148 576 3215 Bobiensi
621 3149 842 3215 codice
887 3150 982 3215 ita
1025 3148 1387 3214 emendatio
1432 3148 1582 3215 libri
1625 3160 1935 3235 provecta
1980 3159 2108 3230 est,
2165 3159 2239 3215 ut
2298 3171 2507 3234 pauca
2550 3148 2851 3213 addenda

259 3261 505 3317 essent.
590 3252 814 3337 itaque
857 3250 942 3316 ad
984 3251 1375 3317 Bobiensem
1430 3252 1751 3334 codicem,
1807 3250 1993 3316 cuius
2048 3253 2435 3338 scripturam
2477 3272 2563 3315 ex
2604 3248 2848 3314 Vindo-

257 3353 538 3417 bonensi
583 3353 864 3417 editione
907 3352 1140 3439 petivi,
1197 3352 1532 3439 adsumpsi
1577 3353 2058 3440 Frisingensem
2072 3400 2091 3434 ,
2148 3354 2333 3419 cuius
2385 3354 2543 3419 item
2592 3354 2849 3437 integra

259 3455 704 3542 discrepantia
748 3454 1042 3520 exhibita
1085 3464 1212 3538 θεῖς
1269 3477 1354 3519 ex
1395 3454 1803 3543 interpolatis
1848 3457 2181 3522 codicibus
2226 3467 2293 3523 et
2334 3454 2727 3521 editionibus
2771 3476 2851 3519 ea

259 3580 430 3643 quae
486 3558 771 3622 maxime
825 3556 1273 3621 memorabilia
1326 3556 1721 3623 videbantur
1770 3558 2109 3646 adscripsi.
2198 3559 2471 3625 alterum
2517 3568 2735 3622 autem
2778 3556 2847 3621 li-

257 3660 484 3739 brum,
546 3660 658 3745 qui
703 3682 787 3723 ex
829 3659 1128 3723 Palatino
1173 3658 1398 3725 codice
1443 3660 1655 3725 editus
1701 3670 1831 3744 est,
1889 3661 2195 3748 quoniam
2242 3684 2281 3725 a
2324 3661 2551 3727 Servio
2598 3659 2848 3725 alienus

259 3771 390 3843 est,
438 3760 556 3825 alii
599 3760 740 3826 loco
785 3759 1281 3848 relinquendum
1326 3762 1721 3827 existimavi.

431 3862 622 3928 Libri
666 3862 758 3927 de
803 3886 942 3928 cen
959 3874 1120 3928 tum
1161 3864 1440 3929 metris
1483 3864 1741 3930 codices
1786 3865 2219 3952 antiquissimi
2264 3876 2414 3931 sunt
2458 3874 2622 3946 tres,
2680 3863 2847 3929 Nea-

258 3964 594 4052 politanus
638 3964 1072 4031 bibliothecae
1114 3965 1267 4030 olim
1295 3966 1700 4032 Borbonicae
1732 3966 1828 4030 IV
1871 3966 1933 4030 A
1979 3974 2047 4048 8,
2093 3968 2427 4033 Parisinus
2460 3974 2643 4049 7530,
2692 3966 2847 4031 San—

259 4068 566 4133 tenianus
583 4114 602 4147 ,
659 4090 832 4132 nunc
876 4067 1316 4133 Berolinensis
1366 4076 1466 4139 66.
1554 4068 1626 4131 in
1667 4068 2101 4155 Neapolitano
2154 4069 2405 4151 codice,
2464 4071 2545 4135 de
2598 4090 2724 4155 quo
2780 4069 2848 4132 in

261 4168 670 4255 praefatione
715 4169 907 4255 primi
951 4168 1300 4235 voluminis
1343 4171 1590 4236 dictum
1629 4179 1754 4252 est,
1802 4170 2017 4235 Servii
2058 4170 2226 4237 liber
2266 4194 2415 4236 cum
2458 4180 2596 4235 arte
2639 4192 2847 4255 gram-

265 4272 508 4335 matica
551 4270 836 4335 Charisii
885 4272 1266 4337 coniunctus
1310 4282 1410 4337 est
1451 4272 1497 4337 f.
1547 4282 1626 4344 38
1672 4282 1739 4337 et
1782 4281 1883 4344 36.
1973 4272 2090 4338 sed
2145 4272 2393 4339 lacunis
2446 4272 2847 4337 membrana·

265 4396 440 4455 rum,
487 4374 570 4437 de
612 4372 850 4458 quibus
897 4372 1034 4438 dixi
1079 4374 1121 4437 l.
1167 4396 1224 4439 c.
1269 4398 1332 4461 p.
1364 4374 1470 4439 XI
1515 4398 1631 4461 sq„
1677 4398 1825 4440 cum
1870 4384 1935 4439 et
1975 4375 2212 4461 prioris
2258 4373 2535 4440 schedae
2578 4373 2851 4439 dimidia

265 4476 400 4540 fere
445 4498 600 4563 pars
644 4475 905 4540 abscisa
949 4486 1014 4540 et
1053 4475 1142 4539 in-
1163 4476 1519 4563 posteriore
1565 4476 1815 4563 aliquot
1857 4475 2015 4541 locis
2061 4477 2387 4565 scriptura
2414 4476 2629 4543 deleta
2657 4488 2847 4559 esset,

267 4578 474 4663 prima
521 4576 674 4643 libri
703 4600 856 4663 pars
888 4599 1096 4662 usque
1130 4578 1216 4642 ad
1246 4586 1390 4659 460,
1438 4586 1476 4648 3
1519 4583 1761 4661 Lyaeus
1804 4586 2052 4644 advenit
2093 4588 2353 4667 praeter
2393 4602 2635 4666 pauca,
2682 4601 2850 4666 quae

269 4679 332 4743 in
381 4679 636 4746 laciniis
695 4679 1218 4745 membranarum
1270 4682 1496 4746 relicta
1563 4691 1742 4760 sunt,
1809 4702 2074 4767 prorsus
2136 4680 2359 4768 periit,
2424 4682 2494 4746 in
2558 4691 2851 4747 extrema

269 4790 478 4847 autem
524 4789 712 4869 parte
756 4790 905 4867 post
951 4790 1102 4865 465,
1149 4791 1228 4851 13
1275 4790 1351 4847 de
1394 4789 1770 4863 asclepiadio
1813 4783 2134 4869 quaedam
2178 4785 2579 4850 exciderunt.
2668 4784 2849 4848 Pari-
