3434 5442
586 316 705 379 120
1626 372 1643 394 ,
1761 310 1988 373 raom

686 447 729 487 p.
758 434 848 476 2³9.
868 432 920 473 ιο
947 431 1000 472 n.
2721 442 2765 483 p.
2794 428 2970 471 seo-m
3007 428 3061 469 v.

584 504 670 565 sic
712 512 771 565 et
808 512 1001 564 cetera
1049 502 1199 563 talia.
1292 511 1429 563 sunt
1468 502 1734 569 nomina,
1787 518 1939 579 quae
1991 498 2360 579 appellantur
2417 501 2642 562 mediae
2693 503 2998 579 potestatis
3044 502 3168 562 sive

586 607 957 675 adiectioniS,
1018 613 1085 666 ut
1121 614 1262 685 puta
1307 605 1477 664 fortis
1518 622 1768 683 magnus
1811 602 1996 664 velox.
2085 605 2408 680 iun-guntur
2461 604 2617 663 enim
2659 602 2873 684 quibus
2915 622 3170 683 respon-

484 761 491 770 .
586 708 779 779 deant,
820 715 885 769 ut
926 716 1067 786 puta
1110 708 1277 769 fortis
1306 708 1411 774 vir,
1458 723 1705 784 magnus
1737 704 1848 777 leo,
1894 705 2060 767 velox
2093 722 2310 785 equus:
2347 705 2434 764 sic
2477 712 2535 765 et
2567 712 2762 767 cetera
2804 705 2960 767 talia.
3029 718 3174 768 sunt

586 812 859 879 nomina,
918 828 1071 891 quae
1114 809 1325 871 Graeci
1370 808 1654 886 epicoena
1703 807 2029 887 appellant,
2087 806 2144 867 id
2196 814 2284 867 est
2338 808 2702 887 promiscua,
2763 808 3049 887 siquidem
3095 826 3170 868 ex

536 938 560 977 5
589 930 696 972 suo
724 929 944 989 genere
990 918 1049 973 et
1078 911 1249 972 aliam
1294 911 1553 989 speciem
1600 909 1926 988 designant,
1971 918 2036 970 ut
2078 915 2216 987 puta
2262 910 2424 971 canis
2467 910 2636 971 simia
2677 927 2779 971 sus
2822 928 3024 989 passer
3059 908 3175 970 bos

588 1012 779 1093 aquila
832 1012 1006 1075 belua
1061 1022 1119 1075 et
1176 1020 1375 1075 cetera
1421 1011 1577 1073 talia.
1665 1020 1804 1072 sunt
1859 1012 2128 1080 nomina,
2190 1030 2343 1092 quae
2403 1011 2770 1090 appellantur
2825 1025 3172 1092 synonyma,

588 1116 705 1177 hoc
748 1124 837 1177 est
879 1135 1031 1197 quae
1076 1118 1249 1177 variis
1302 1113 1827 1192 significationibus
1869 1132 2058 1175 ‘unam
2113 1131 2240 1173 rem
2299 1114 2636 1193 designant,
2693 1124 2758 1175 ut
2800 1122 2940 1193 puta
2997 1113 3178 1175 tellus

589 1225 748 1279 terra
786 1218 1004 1279 humus
1049 1225 1107 1279 et
1150 1224 1349 1279 cetera
1390 1217 1557 1286 talia,
1606 1217 1744 1277 item
1792 1214 1953 1277 alvus
1995 1224 2200 1276 venter
2238 1222 2441 1277 uterus
2485 1223 2544 1277 et
2581 1222 2779 1279 cetera
2821 1216 2984 1286 talia,
3029 1216 3174 1276 item

590 1318 818 1397 gladius
863 1320 1017 1381 ensis
1056 1339 1263 1382 mucro
1304 1319 1485 1380 telum
1526 1326 1585 1379 et
1620 1326 1816 1395 cetera
1848 1317 2000 1389 talia,
2044 1321 2184 1379 item
2219 1326 2450 1413 scutum
2486 1318 2706 1397 clipeus
2743 1336 2950 1398 parma
2989 1318 3178 1380 umbo

516 1444 564 1485 ιο
593 1430 651 1483 et
702 1431 899 1484 cetera
950 1422 1116 1493 talia,
1182 1424 1323 1483 item
1374 1440 1537 1483 mare
1588 1429 1804 1500 pontus
1848 1428 2069 1499 aequor
2117 1428 2176 1481 et
2223 1427 2418 1482 cetera
2475 1419 2629 1482 talia.
2717 1431 2854 1483 sunt
2912 1422 3174 1487 nomina.

592 1542 745 1603 quae
797 1523 1165 1603 appellantur
1215 1524 1601 1603 homonyma,
1668 1524 1782 1583 hoc
1838 1531 1924 1585 est
1980 1540 2132 1600 quae
2183 1541 2302 1583 una
2353 1522 2777 1599 significatione
2834 1524 3021 1584 varias
3077 1540 3182 1583 res

592 1626 931 1704 designant,
1004 1634 1069 1687 ut
1127 1634 1271 1705 puta
1329 1644 1515 1705 nepos
1572 1624 1780 1686 foedus
1839 1631 2100 1686 scortum
2161 1641 2371 1702 agmen
2433 1626 2586 1686 aries
2651 1631 2709 1685 et
2761 1630 2956 1685 cetera
3015 1623 3178 1685 talia.

594 1746 779 1808 nepos
810 1730 967 1789 enim
1003 1728 1179 1789 modo
1216 1730 1445 1789 tertiam
1491 1728 1838 1806 progeniem
1883 1728 2206 1797 hominum,
2253 1726 2428 1788 modo
2470 1710 2834 1789 luxuriosum
2871 1728 3176 1803 designat:

590 1832 732 1891 item
788 1830 996 1891 foedus
1061 1830 1236 1891 modo
1273 1838 1556 1909 turpem,
1627 1829 1806 1890 modo
1869 1830 2272 1892 iusiurandum
2327 1830 2642 1908 significan
2705 1832 2846 1890 item
2907 1836 3178 1891 scortum

520 1952 567 1991 15
594 1932 770 1994 modo
809 1934 1065 2003 corium,
1104 1933 1281 1994 modo
1322 1934 1693 1994 meretricem
1732 1918 2123 2001 demonstran
2186 1933 2323 1993 item
2377 1950 2586 2010 agmen
2633 1933 2807 1992 modo
2855 1930 3180 1993 multitudi-

595 2053 730 2095 nem
762 2032 781 2117 ΙΙ
808 2036 987 2096 modo
1031 2036 1141 2095 iter
1184 2034 1501 2111 significat;
1568 2034 1721 2095 aries
1762 2053 1901 2095 vero
1944 2034 2119 2095 modo
2166 2033 2396 2102 animal,
2443 2034 2619 2095 modo
2659 2033 2990 2095 machinam
3036 2032 3184 2093 belli

595 2135 988 2198 demonstrat:
1028 2137 1113 2197 sic
1160 2143 1220 2197 et
1262 2143 1460 2197 cetera
1502 2136 1657 2197 talia.
1715 2143 1848 2197 sunt
1891 2138 2132 2197 nomina
2171 2136 2459 2215 positione
2496 2135 2833 2215 singularia,
2877 2134 3180 2197 intellectu

593 2238 873 2319 pluralia,
934 2247 997 2300 ut
1041 2246 1183 2318 puta
1238 2238 1488 2317 populus
1539 2238 1707 2317 plebs
1767 2240 1994 2299 contio:
2065 2239 2151 2299 sic
2189 2245 2248 2297 et
2283 2244 2478 2299 cetera
2517 2238 2676 2301 talia.
2765 2247 2904 2299 sunt
2939 2238 3183 2297 nomina

596 2342 885 2421 positione
942 2339 1218 2421 pluralia,
1274 2333 1579 2403 intellectu
1620 2338 1969 2418 singularia,
2021 2348 2088 2401 ut
2127 2347 2270 2420 puta
2327 2340 2504 2401 Baiae
2559 2347 2782 2401 castra:
2829 2341 2916 2401 sic
2965 2348 3026 2400 et
3081 2358 3184 2399 ce·

520 2464 571 2505 πο
598 2450 726 2505 tera
771 2442 924 2504 talia.
3067 2444 3074 2450 ’

768 2544 919 2606 Sunt
961 2545 1216 2615 nomina,
1258 2562 1409 2625 quae
1454 2550 1651 2625 aptota
1686 2541 2090 2628 aplpellantur,
2137 2544 2251 2606 hoc
2290 2552 2378 2605 est
2420 2562 2570 2625 quae
2614 2561 2724 2623 per
2765 2560 2972 2605 omnes
3007 2561 3188 2605 casus

598 2664 716 2709 uno
756 2646 1055 2707 schemate
1102 2646 1497 2718 declinantur,
1568 2654 1635 2708 ut
1671 2656 1815 2726 puta
1871 2638 2106 2708 numeri
2147 2646 2462 2725 singularis
2505 2648 2860 2707 nominativo
2905 2664 3186 2725 nequam,

598 2750 867 2828 genetivo
927 2767 1212 2828 nequam,
1276 2740 1466 2810 dativo
1518 2768 1804 2829 nequam,
1875 2751 2200 2811 accusativo
2238 2766 2522 2827 nequam,
2585 2750 2846 2809 vocativo
2903 2766 3187 2829 nequam,

598 2850 849 2913 ablativo
900 2869 1185 2931 nequam3
1253 2853 1487 2913 numeri
1529 2850 1776 2931 pluralis
1837 2851 2191 2912 nominativo
2241 2868 2524 2931 nequam,
2592 2853 2860 2930 genetivo
2907 2868 3187 2929 nequam,

522 2974 573 3015 25
601 2954 793 3015 dativo
852 2972 1135 3032 nequam,
1208 2956 1536 3016 accusativo
1582 2972 1870 3033 nequam,
1937 2956 2199 3016 vocativo
2241 2970 2526 3032 nequam,
2572 2953 2844 3014 ablativo
2903 2970 3186 3031 nequam.

598 3062 738 3118 sunt
777 3058 1031 3125 nomina,
1079 3074 1230 3135 quae
1260 3063 1601 3135 monoptota
1632 3055 2018 3135 appellantur,
2062 3055 2176 3115 hoc
2214 3063 2301 3116 est
2332 3074 2482 3134 quae
2514 3071 2697 3115 unum
2729 3072 2926 3117 casum
2957 3053 3192 3115 habere

599 3158 979 3239 reperiuntur
1017 3165 1265 3227 tantum.
1308 3165 1374 3218 ut
1412 3166 1550 3235 puta
1596 3158 1669 3218 ab
1710 3158 1824 3221 hac
1867 3165 2094 3237 sponte,
2137 3157 2390 3227 flamine,
2437 3158 2492 3218 id
2535 3164 2626 3219 est
2666 3156 2809 3219 flatu
2849 3165 3187 3227 ventorum,

602 3268 659 3321 et
702 3268 897 3323 cetera
943 3261 1096 3324 talia.
1159 3278 1317 3323 nunc
1360 3262 1533 3322 etiam
1579 3260 2062 3329 hoc-monemuS,
2105 3259 2261 3338 quod
2305 3261 2421 3319 sint
2461 3259 2660 3338 aliqui,
2707 3260 2808 3339 qui
2851 3267 2911 3321 et
2951 3257 3026 3321 ab
3069 3258 3192 3319 hoc

601 3362 853 3433 flamine,
901 3364 959 3425 id
1006 3372 1093 3425 est
1134 3364 1275 3423 flatu
1320 3370 1646 3433 ventorum,
1687 3369 1886 3442 aptote
1927 3361 2241 3423 voluerunt
2289 3360 2576 3439 singulari
2621 3380 2872 3423 numero
2915 3378 3190 3441 pronun-

524 3466 751 3535 aotiari,
798 3472 856 3524 at
896 3484 1036 3525 vero
1074 3464 1377 3544 pluraliter
1421 3466 1655 3539 flamina
1699 3463 1998 3526 declinari.
2065 3473 2200 3525 sunt
2245 3466 2497 3533 nomina,
2545 3482 2800 3543 quorum
2833 3466 2996 3543 prior
3042 3482 3192 3542 pars

604 3565 960 3638 declinatur,
1020 3584 1271 3647 sequens
1319 3586 1455 3629 vero
1504 3566 1826 3628 immobilis
1871 3568 2234 3637 continetur,
2293 3574 2358 3627 ut
2399 3575 2536 3644 puta
2592 3568 2824 3627 numeri
2869 3565 3192 3645 singularis

603 3669 701 3730 hic
746 3670 1081 3749 praefectus
1122 3672 1449 3748 praetorio,
1497 3670 1673 3730 huius
1716 3669 2002 3749 praelecti
2046 3670 2377 3747 praetorio,
2423 3669 2560 3729 huic
2603 3668 2902 3746 praefecto
2947 3676 3192 3746 praeto—

604 3772 728 3841 rio,
785 3770 943 3831 hunc
987 3773 1351 3850 praesectum
1396 3773 1728 3851 praetorio,
1785 3791 1820 3831 o
1867 3773 2163 3850 praefecte
2223 3773 2549 3849 praetorio,
2609 3770 2684 3831 ab
2725 3771 2838 3832 hoc
2883 3770 3192 3850 praelecto

605 3874 931 3951 praetorio;
976 3876 1210 3935 numeri
1246 3873 1494 3953 pluralis
1534 3874 1596 3934 hi
1625 3874 1908 3953 praefecti
1943 3874 2258 3952 praetorio,
2303 3874 2514 3934 horum
2547 3874 2981 3952 praefectorum
3011 3889 3190 3950 prae-

527 3992 578 4034 ³5
608 3976 779 4045 torio,
818 3975 910 4035 his
944 3976 1259 4055 praefectis
1303 3978 1618 4054 praetorio,
1662 3977 1773 4037 hos
1817 3977 2146 4055 praefectos
2185 3978 2502 4054 praetorio,
2549 3994 2584 4035 o
2627 3976 2910 4054 praefecti
2951 3982 3190 4054 praeto-

604 4079 714 4148 rio,
760 4076 835 4139 ab
880 4078 971 4140 his
1014 4078 1327 4157 praefectis
1362 4080 1679 4160 praetorio,
1729 4085 1787 4140 et
1827 4086 2022 4141 cetera
2067 4077 2220 4139 talia.
2309 4095 2450 4139 sane
2494 4079 2666 4139 etiam
2705 4077 2820 4138 hoc
2853 4094 3190 4146 monemus,

604 4180 765 4259 quod
808 4182 1088 4260 praefecti
1134 4189 1379 4262 excepto
1420 4183 1718 4261 praetorio
1764 4182 1822 4241 in
1865 4180 1991 4241 aliis
2048 4179 2230 4241 rebus
2275 4196 2392 4240 non
2425 4188 2654 4241 tantum
2703 4180 2930 4251 dativo,
2979 4180 3084 4241 sed
3129 4188 3195 4241 et

605 4284 873 4361 genetivo
908 4266 1245 4363 iungantur.
1312 4286 1396 4345 sic
1440 4292 1501 4345 et
1543 4283 1766 4344 tribuni
1811 4282 1966 4361 plebi
2004 4283 2470 4355 considerantur.
2561 4289 2701 4343 sunt
2741 4283 2996 4351 nomina,
3037 4300 3194 4361 quo-

604 4368 744 4447 rum'
783 4388 1076 4466 posterior
1118 4406 1257 4466 pars
1298 4386 1643 4455 declinatur,
1690 4387 1883 4464 prima
1928 4405 2068 4447 vero
2113 4385 2430 4447 immobilis
2474 4387 2841 4454 continetur,
2888 4393 2956 4447 ut
2997 4392 3140 4463 puta
3169 4389 3192 4469 11

530 4506 582 4547 ιο
606 4488 843 4551 numeri
888 4476 1211 4569 singularis
1251 4489 1346 4550 hic
1390 4491 1535 4550 iuris
1588 4490 1841 4569 perituS,
1899 4487 2072 4549 huius
2125 4488 2274 4548 iuris
2319 4488 2523 4567 periti,
2585 4487 2725 4549 huic
2773 4488 2919 4549 iuris
2971 4488 3190 4567 perito,

746 4736 780 4789 3
816 4752 975 4801 equus
1007 4736 1102 4788 BR
1138 4752 1262 4802 equs
1298 4753 1329 4787 r
1454 4738 1488 4789 4
1522 4738 1814 4803 promiscua
1845 4736 1899 4788 B
1935 4736 2230 4803 promisqna
2271 4736 2314 4787 R
2420 4736 2483 4786 19
2519 4736 2668 4785 baiae
2704 4736 2750 4786 R
2785 4734 2999 4785 balneae
3035 4736 3088 4787 B

612 4804 681 4859 36
714 4822 837 4859 sane
872 4836 931 4844 —
975 4808 1042 4860 38
1078 4808 1465 4859 considerantur
1497 4816 1616 4873 post
1646 4808 1714 4860 30
1753 4807 1993 4857 declinari
2027 4808 2180 4857 habet
2217 4808 2279 4871 R,
2313 4822 2402 4857 om.
2439 4807 2520 4859 B:
2563 4808 2874 4869 transposuit
2907 4824 2936 4857 v
