3434 5442
593 339 715 406 368
1753 331 2028 396 DONATI

695 457 738 498 p.
765 447 805 487 5.
835 445 858 484 ὓ
886 443 931 484 L.
2736 453 2783 492 p.
2814 439 2929 482 1⁷³6.
2956 441 3007 482 :37
3034 438 3087 480 P.

593 531 839 603 septem,
889 524 914 583 f
952 522 969 582 l
1015 541 1072 582 m
1119 541 1158 583 n
1203 541 1235 582 r
1278 541 1306 582 s
1351 541 1407 582 x.
1481 539 1550 580 ex
1597 519 1688 581 his
1734 539 1847 581 uua
1894 519 2107 598 duplex
2156 526 2258 590 est,
2306 539 2373 590 x,
2422 529 2480 580 et
2521 519 2775 600 liquidae
2820 527 3129 600 quattuor,
3182 518 3200 578 l

595 645 650 686 m
699 644 736 685 n
783 645 842 694 r,
904 644 974 686 ex
1035 624 1246 703 quibus
1293 621 1310 681 l
1357 631 1413 682 et
1469 641 1497 682 r
1545 622 1768 682 faciunt
1822 639 2193 682 communem
2253 620 2563 700 syllabam,
2624 631 2685 682 et
2726 639 2756 680 s
2797 620 3000 682 littera
3048 639 3201 681 suae

547 723 555 730 ’
595 725 895 788 cuiusdam
942 726 1246 805 potestatis
1292 733 1410 800 est,
1459 743 1608 802 quae
1652 725 1712 783 in
1760 733 1949 784 metro
1981 722 2331 803 plerumque
2379 725 2491 784 vim
2526 726 2903 784 consonantis
2950 725 3197 782 amittit.

594 831 734 889 item
783 847 854 888 ex
899 826 1014 888 illis
1059 826 1084 885 f
1123 825 1314 886 littera
1363 825 1782 904 superponitur
1828 824 2063 904 liquidis
2096 823 2143 904 [l
2176 823 2262 884 vel
2297 823 2384 904 r]‚
2432 843 2605 904 quem
2640 825 2711 886 ad
2746 825 2989 886 modum
3026 835 3198 885 muta

544 949 568 986 5
597 927 919 1008 quaelibet,
968 936 1026 988 et
1070 945 1442 988 communem
1491 925 1770 1004 syllabam
1804 925 1959 986 facit.
2022 933 2217 986 mutae
2264 932 2401 985 sunt
2444 945 2591 1005 quae
2638 945 2747 986 nec
2792 945 2903 1005 per
2948 944 3015 986 se
3046 947 3198 1005 pro-

595 1031 866 1091 feruntur
913 1048 1022 1091 uec
1066 1047 1174 1108 per
1220 1046 1282 1088 se
1329 1026 1609 1106 syllabam
1656 1026 1902 1086 faciunt?
1986 1016 2125 1087 sunt
2168 1034 2363 1088 autem
2410 1045 2658 1088 numero
2704 1046 2949 1100 novem,
3001 1027 3039 1086 b
3088 1047 3123 1086 c
3160 1027 3197 1085 d

595 1149 631 1208 g
675 1133 715 1191 h
763 1132 798 1191 k
854 1151 891 1210 p
948 1149 986 1210 p
1043 1139 1084 1190 t.
1175 1149 1246 1190 ex
1303 1129 1394 1189 his
1455 1146 1849 1208 supervacuae
1906 1128 2255 1207 quibusdam
2302 1124 2327 1211 ΙΙ
2366 1128 2635 1189 videntur
2688 1128 2725 1188 k
2786 1137 2845 1190 et
2902 1149 2971 1208 q:
3028 1133 3038 1205 Ι
3092 1131 3201 1208 qui

593 1236 893 1303 nesciunt,
941 1233 1212 1312 quotiens
1243 1249 1274 1291 a
1320 1230 1611 1310 sequitur,
1657 1229 1696 1288 k
1741 1229 1996 1290 litteram
2030 1231 2507 1309 praeponendam
2555 1249 2709 1300 esse,
2758 1248 2879 1290 non
2924 1249 2993 1298 c:
3042 1250 3194 1309 quo-

593 1337 745 1395 tiens
789 1354 824 1394 u
872 1337 1162 1413 sequitur,
1220 1351 1328 1410 pet·
1373 1352 1438 1411 q,
1497 1350 1616 1391 non
1673 1350 1781 1410 per
1826 1350 1857 1391 c
1903 1331 2304 1393 scribendum.
2384 1332 2434 1391 ·h
2490 1332 2785 1393 interdum
2845 1348 3201 1391 consonans

521 1451 570 1492 ιο
596 1435 890 1497 interdum
939 1434 1352 1514 adspirationis
1397 1433 1658 1493 creditur
1703 1442 1857 1492 nota.
1921 1453 1954 1511 y
1986 1441 2045 1493 ct
2074 1453 2101 1492 z
2136 1443 2471 1500 remanent.
2506 1451 2649 1512 quas
2676 1432 2905 1493 litteras
2934 1443 3199 1512 propter

599 1539 821 1599 Graeca
882 1538 1118 1597 nomina
1177 1535 1551 1595 admisimus:
1620 1534 1805 1594 altera
1862 1553 2113 1614 namque
2170 1533 2408 1604 vocaliS,
2466 1534 2646 1595 altera
2704 1541 2793 1594 est
2848 1553 3199 1595 consonans

597 1639 832 1718 duplex.
911 1638 1067 1699 unde
1111 1639 1200 1706 fit,
1248 1644 1311 1697 ut
1341 1636 1576 1716 quidam
1622 1643 1856 1714 putant,
1903 1637 2138 1696 Latinas
2184 1634 2405 1696 litteras
2449 1653 2567 1695 uon
2602 1636 2801 1714 plures
2831 1655 2965 1697 esse
3013 1657 3197 1717 quam

599 1742 805 1803 decem
851 1749 910 1801 et
953 1749 1206 1818 septem,
1257 1739 1306 1797 si
1351 1738 1587 1818 quidem
1635 1756 1706 1797 ex
1753 1737 1954 1814 viginti
2000 1745 2059 1796 et
2090 1737 2276 1796 tribus
2308 1755 2421 1797 una
2454 1737 2868 1814 adspirationis
2908 1747 3053 1798 nota
3085 1750 3195 1803 est,

597 1863 714 1904 una
759 1842 1000 1922 duplex,
1048 1842 1196 1901 duae
1242 1858 1663 1920 supervacuae,
1712 1838 1861 1900 duae
1894 1839 2171 1900 Graecae.
2234 1839 2509 1899 accidunt
2550 1841 2652 1898 uni
2696 1841 2911 1918 cuique
2960 1838 3198 1900 litterae

522 1961 571 2000 15
601 1946 740 2013 tria,
795 1962 1010 2004 nomen
1067 1944 1252 2020 figura
1309 1950 1588 2021 potestas.
1679 1942 1982 2021 quaeritur
2040 1942 2229 2012 euim,
2286 1942 2423 2020 quid
2486 1949 2723 2002 vocetur
2786 1940 3018 2013 littera,
3079 1961 3199 2021 qua

595 2047 782 2124 figura
827 2047 927 2117 sit,
975 2044 1114 2124 quid
1158 2045 1359 2122 possit.

1637 2213 1734 2276 DE
1779 2213 2127 2274 SYLLABA.

766 2350 994 2432 Syllaba
1042 2358 1132 2412 est
1177 2349 1608 2428 conprehensio
1653 2348 1983 2410 litterarum
2035 2349 2125 2410 vel
2172 2349 2345 2410 unius
2388 2349 2605 2410 vocalis
2663 2351 2993 2411 enuntiatio
3042 2359 3197 2412 tem-

599 2471 808 2531 porum
855 2472 1056 2532 capax.
1118 2451 1472 2531 syllabarum
1522 2451 1669 2512 aliae
1715 2461 1851 2512 sunt
1882 2451 2118 2521 breveS,
2166 2449 2313 2512 aliae
2344 2449 2587 2530 longae,
2636 2451 2785 2512 aliae
2817 2470 3197 2514 communes.

522 2554 810 2616 wbreves
852 2563 989 2615 suut
1031 2571 1180 2634 quae
1226 2561 1285 2614 et
1329 2561 1660 2633 correptam
1718 2553 1978 2614 vocalem
2033 2551 2255 2613 habent
2308 2561 2371 2636 et
2422 2571 2539 2612 non
2587 2553 2867 2614 desinunt
2924 2557 2985 2614 in
3050 2555 3202 2616 duas

600 2665 991 2717 consonantes
1035 2657 1223 2716 autin
1270 2673 1448 2717 unam
1496 2655 1789 2734 duplicem
1838 2664 1939 2715 ant
1980 2655 2040 2714 iu
2088 2653 2305 2734 aliquid
2351 2654 2506 2734 quod
2540 2656 2614 2714 sit
2642 2675 2753 2734 pro
2785 2655 3022 2716 duabus
3054 2675 3199 2716 con-

598 2757 960 2820 sonantibus
1049 2756 1262 2835 longae
1308 2763 1408 2817 aut
1452 2765 1658 2818 natura
1703 2763 1842 2817 sunt
1885 2762 1984 2817 aut
2025 2756 2317 2832 positione
2361 2757 2537 2817 liunt:
2572 2763 2834 2825 natura,
2894 2775 3037 2818 cum
3098 2769 3201 2820 aut

597 2859 813 2921 vocalis
857 2860 1228 2940 producitur,
1279 2865 1342 2920 ut
1386 2878 1416 2920 a
1463 2879 1528 2929 o,
1576 2866 1676 2919 aut
1721 2859 1869 2919 duae
1900 2855 2130 2918 vocales
2174 2858 2497 2934 iunguntur
2543 2867 2601 2919 et
2646 2859 3065 2938 diphthongon
3112 2861 3199 2919 sa-

599 2967 788 3032 ciunt,
839 2969 898 3021 ut
943 2981 1010 3022 ae
1054 2980 1125 3022 oe
1171 2979 1244 3022 au
1289 2979 1360 3022 eu
1409 2961 1490 3021 ei:
1537 2961 1856 3038 positione,
1905 2978 2037 3021 cum
2086 2968 2357 3039 correpta
2407 2959 2619 3021 vocalis
2676 2963 2735 3020 iu
2782 2960 2931 3022 duas
2976 2961 3203 3022 desinit

521 3083 570 3124 25
599 3072 1020 3132 consonantes,
1068 3071 1132 3123 ut
1177 3080 1338 3123 arma
1387 3060 1652 3143 [arcus],
1698 3069 1799 3122 aut
1840 3063 1901 3120 iu
1947 3079 2125 3121 unam
2172 3060 2495 3140 duplicem,
2544 3073 2607 3122 ut
2651 3064 2803 3134 axiS,
2852 3072 2955 3124 aut
2998 3064 3065 3124 in
3112 3064 3199 3124 al-

599 3173 786 3226 teram
845 3173 1263 3225 consonantem
1323 3171 1381 3224 et
1435 3163 1678 3224 alteram
1738 3163 1995 3224 vocalem
2053 3161 2183 3223 loco
2240 3165 2619 3225 consonantis
2676 3165 2955 3244 positam,
3013 3173 3085 3225 ut
3142 3175 3203 3225 at

598 3266 773 3337 luno,
821 3273 879 3327 at
922 3266 1147 3335 Venus,
1195 3273 1296 3327 aut
1336 3267 1398 3325 in
1443 3267 1462 3324 i
1506 3265 1761 3325 litteram
1820 3265 2001 3326 solam
2061 3265 2201 3352 loco·
2248 3267 2623 3327 consonantis
2678 3269 2930 3346 positam
2982 3265 3200 3346 [quam

739 3420 764 3470 1
800 3419 1023 3481 liquidae
1063 3420 1194 3468 dune
1233 3418 1247 3466 l
1278 3429 1326 3469 et
1363 3434 1389 3467 r
1423 3427 1476 3467 ut
1514 3416 1603 3468 alii
1643 3426 1879 3482 quattuor
1915 3435 2051 3472 corr.
2086 3419 2307 3482 liquidae
2342 3427 2576 3481 quattuor
2612 3421 2663 3468 P
2814 3419 2851 3468 2
2898 3433 2968 3468 ex
3004 3423 3201 3482 quihus

599 3515 663 3524 —
703 3489 946 3552 syllabam
983 3505 1074 3539 om.
1119 3491 1193 3548 L,
1251 3489 1372 3538 add.
1414 3492 1432 3536 1
1572 3498 1620 3537 et
1655 3505 1680 3538 s
1717 3515 1783 3524 —
1818 3489 1997 3538 amittit
2034 3489 2185 3539 Beda
2216 3503 2269 3550 p.
2299 3489 2439 3538 2354
2611 3487 2645 3538 3
2684 3489 2733 3536 in
2772 3497 2934 3538 metro
2965 3488 3044 3553 Sp
3078 3493 3201 3539 Dio-

597 3559 762 3608 medes
793 3573 848 3620 p.
885 3559 986 3608 417
1025 3561 1076 3606 in
1113 3559 1286 3608 metris
1331 3558 1579 3608 LPBeda
1736 3559 1954 3608 admittit
1990 3558 2031 3607 S
2066 3559 2299 3607 ammittit
2337 3575 2363 3606 s
2530 3559 2565 3608 4
2612 3575 2675 3607 ex
2716 3558 2816 3607 illis
2849 3558 2892 3607 S
2920 3561 3201 3610 Diomedes

599 3644 662 3678 ex
710 3628 808 3676 illis
855 3628 1244 3678 semiuocalibus
1295 3629 1386 3676 Vll
1440 3631 1482 3678 l,
1529 3645 1594 3678 ex
1656 3629 1755 3677 illis
1810 3638 2005 3694 septem
2069 3628 2460 3678 semiuocalibus
2513 3631 2588 3678 Ps
2770 3629 2787 3677 l
2826 3629 2905 3678 vel
2944 3645 2969 3677 r
3010 3645 3113 3680 om.
3152 3631 3199 3678 L

597 3697 890 3748 Diomedes.-
919 3697 988 3759 cf.
1029 3699 1249 3760 Pompei.
1285 3713 1337 3759 p.
1377 3697 1444 3748 30
1597 3699 1987 3769 qttt‘iammodum
2030 3699 2075 3747 L
2234 3699 2263 3747 7
2316 3713 2378 3746 ex
2418 3697 2495 3748 bis
2544 3699 2675 3748 dune
2723 3713 3082 3764 superuacuae
3118 3701 3195 3747 in·

598 3766 776 3833 peritis
815 3768 960 3830 (corr
995 3767 1300 3830 quibusdam
1331 3767 1392 3830 p)
1429 3768 1665 3818 uidentur
1702 3768 1736 3816 k
1774 3779 1822 3816 et
1857 3784 1887 3830 q
1924 3769 1975 3817 P
2144 3767 2178 3817 8
2219 3782 2320 3817 non
2358 3783 2384 3815 c
2420 3783 2511 3818 om.
2556 3770 2605 3818 L
2784 3771 2819 3818 9
2858 3769 3197 3818 scribendum

597 3851 713 3886 esse
740 3845 951 3904 excepto
989 3853 1077 3886 cur
1113 3844 1162 3886 et
1199 3851 1310 3886 cum
1349 3839 1466 3899 quia
1505 3853 1536 3886 u
1574 3839 1703 3886 inter
1743 3853 1773 3899 q
1812 3846 1860 3885 et
1896 3837 2104 3887 alteram
2138 3846 2499 3889 consonantem
2530 3839 2640 3888 siue
2681 3838 2837 3888 altera
2868 3839 3031 3888 uocati
3068 3843 3195 3904 poni

600 3921 700 3957 non
739 3915 921 3971 potest.
963 3906 996 3955 h
1034 3907 1284 3958 interdum
1325 3907 1398 3956 P.-
1433 3909 1500 3972 cf.
1542 3907 1683 3958 Serv.
1707 3909 1761 3956 in
1797 3909 1927 3956 Bon.
1962 3922 2014 3970 p.
2056 3906 2191 3957 1829
2371 3907 2430 3956 11
2486 3923 2771 3958 consonans
2803 3923 2961 3974 greca
2995 3909 3195 3974 duplex

599 3978 648 4026 L
793 3975 857 4026 12
893 3984 1070 4042 putent
1101 3989 1134 4032 ς
1275 3991 1374 4026 non
1411 3977 1526 4042 plus
1564 3979 1610 4026 L
1772 3977 1834 4026 13
1872 3991 2020 4039 quam
2058 3977 2232 4026 decem
2268 3987 2319 4026 et
2356 3987 2467 4027 octo
2505 3993 2537 4033 ς
2691 3993 2755 4026 ex
2794 3977 2878 4027 his
2916 3979 3107 4044 nigunti
3148 3993 3195 4027 rt

599 4047 760 4098 tribus
799 4046 960 4098 deleto
995 4046 1078 4097 his
1109 4047 1159 4095 P
1331 4056 1448 4096 nota
1488 4055 1562 4097 est
1600 4045 1630 4094 b
1671 4061 1771 4095 una
1802 4047 1993 4112 duplex
2028 4061 2061 4094 x
2096 4047 2226 4097 duae
2264 4062 2614 4113 superuacuae
2641 4049 2676 4098 k
2712 4056 2761 4096 et
2798 4065 2826 4110 q
2865 4049 2999 4098 duae
3036 4064 3195 4112 grae-

599 4133 687 4166 cae
721 4131 756 4179 y
791 4124 840 4166 et
876 4131 904 4165 z
939 4119 991 4166 P
1129 4114 1193 4166 16
1231 4116 1417 4179 quidue
1451 4117 1615 4183 possit
1651 4119 1702 4166 P
1865 4116 1926 4166 17
1966 4131 2029 4166 nn
2059 4114 2300 4180 sumna]
2342 4118 2502 4169 Diam.
2540 4131 2595 4179 p.
2631 4119 2733 4168 422
2890 4119 2958 4167 21
3010 4130 3103 4166 aut
3145 4122 3193 4165 ἰιι

600 4201 751 4237 unam
788 4185 1040 4250 duplicem
1079 4201 1172 4236 om.
1209 4187 1506 4236 Diomedes:
1541 4185 1611 4247 ef.
1649 4188 1798 4237 Serv.
1840 4189 1889 4236 in
1928 4187 2058 4236 Don.
2091 4187 2137 4250 f.
2178 4185 2278 4236 168
2314 4189 2536 4251 Pompei.
2571 4204 2624 4252 p.
2651 4188 2720 4237 40
2840 4188 2909 4236 23
2948 4197 2998 4234 et
3034 4187 3195 4250 diph—

599 4257 824 4320 thongon
864 4255 1056 4306 faciunt
1089 4271 1180 4304 om.
1217 4257 1508 4306 Diomedes:
1547 4255 1614 4316 cf.
1643 4255 1795 4305 Beda
1826 4272 1883 4320 p.
1908 4255 2039 4306 2351
2179 4257 2247 4304 24
2282 4257 2331 4304 iu
2371 4257 2499 4305 duas
2530 4257 2714 4306 desinit
2752 4269 3101 4306 consonantes
3140 4269 3195 4304 na

599 4342 739 4374 arma
784 4326 894 4382 LS,
947 4325 1228 4391 quibuscum
1263 4326 1460 4375 videtur
1502 4327 1616 4377 olim
1661 4329 1976 4375 consensisse
2011 4325 2077 4388 P,
2125 4325 2175 4374 in
2226 4326 2354 4374 duas
2392 4327 2581 4375 desiuit
2636 4337 2980 4376 consonantes
3018 4337 3071 4375 ut
3114 4339 3195 4374 ast

599 4402 686 4446 aut
725 4411 838 4444 eum
876 4396 1066 4446 desiuit
1101 4397 1148 4443 iu
1203 4410 1352 4444 uuam
1399 4405 1761 4446 consonantem
1814 4405 1863 4444 et
1910 4394 2161 4458 excipitur
2211 4395 2273 4444 ab
2320 4395 2420 4444 alia
2464 4404 2779 4445 consonante
2826 4405 2883 4444 ut
2920 4411 3071 4445 arma
3108 4413 3191 4460 ps.

597 4473 780 4528 septem
809 4466 979 4516 modos
1005 4464 1316 4530 syllabarum
1347 4468 1594 4528 positione
1622 4466 1882 4530 longlar-um
1897 4501 1912 4524 ‚
1947 4467 2033 4530 qui
2058 4473 2175 4514 sunt
2208 4466 2349 4527 apud
2382 4465 2665 4515 Diomedem
2680 4503 2693 4524 ‚
2724 4469 2775 4515 in
2812 4475 3059 4530 quattuor
3094 4481 3195 4514 mo·

598 4537 691 4585 dos
719 4536 916 4599 redegit
951 4538 1177 4586 Donatus
1215 4535 1383 4586 Servii
1406 4551 1461 4598 p.
1507 4534 1640 4586 1830
1677 4542 1726 4585 ee
1759 4535 1986 4597 Pompeii
2024 4549 2077 4596 p.
2117 4534 2211 4586 41:
2249 4535 2318 4597 cf.
2357 4535 2497 4585 Mar.
2547 4537 2741 4588 Victor.
2781 4551 2837 4598 p.
2876 4537 3044 4587 2473:
3094 4551 3199 4585 sea·

594 4607 762 4666 posuit
791 4606 941 4654 Beda
973 4623 1028 4670 p.
1068 4605 1204 4656 2352
1362 4609 1429 4656 25
1469 4619 1616 4655 arcus
1649 4621 1741 4654 om.
1782 4606 1828 4655 L
1991 4613 2076 4653 aut
2129 4607 2174 4652 in
2214 4619 2363 4654 unam
2404 4605 2657 4670 duplicem
2700 4615 2755 4654 ut
2796 4607 2915 4654 axis
2950 4608 3047 4656 hoc
3082 4608 3197 4656 Ioco

598 4689 690 4725 om.
729 4689 764 4731 3
904 4675 968 4724 27
1007 4683 1059 4723 at
1097 4675 1289 4727 Venus.
1329 4683 1416 4725 ant
1449 4675 1498 4724 in
1536 4691 1686 4724 uuam
1726 4676 2008 4740 duplicem,
2042 4684 2094 4723 ut
2126 4676 2249 4727 dux.
2282 4684 2367 4724 aut
2397 4675 2649 4740 excipitur
2682 4675 2744 4724 ab
2774 4691 2807 4723 x
2838 4676 3035 4742 duplici
3070 4691 3193 4725 con-

599 4755 836 4808 sonante,
873 4755 928 4794 ut
966 4746 1077 4793 axis
1115 4752 1198 4793 aut
1237 4745 1286 4792 iu
1327 4745 1340 4793 i
1380 4759 1415 4801 3
1567 4747 1727 4795 solam
1764 4747 1893 4794 inter
1942 4745 2070 4794 duos
2107 4746 2313 4796 uocales
2360 4745 2469 4794 loco
2506 4745 2558 4793 P
2713 4759 2865 4807 quam
2922 4761 3029 4796 non
3068 4746 3195 4794 nulli

597 4815 860 4878 geminant
896 4830 988 4865 om.
1029 4815 1076 4862 L
