3434 5442
860 406 871 419 ⁸
916 333 1309 397 INSTITVTA
1353 334 1635 397 ARTIVM
1679 333 2014 399 510—523
2633 332 2750 397 125

326 449 507 493 ‚aaut
532 449 588 492 u.
1058 487 1063 491 .
2367 448 2566 491 ,sauss
2593 449 2649 491 v.

303 464 323 505 p
353 520 660 593 Quaeritur
678 569 695 591 ,
744 521 821 583 ab
866 541 937 583 eo
980 522 1138 601 quod
1185 522 1329 583 dixit
1372 521 1663 600 Vergilius
1725 528 1742 557 ‘
1764 530 1838 583 et
1877 524 2166 584 viscera
2209 540 2246 582 n
2263 462 2522 582 utl’ant’
2561 522 2750 582 nomi·

218 625 371 685 nativo
416 639 557 685 casu
622 627 865 685 numeri
924 624 1237 702 singularis
1300 625 1415 686 hoc
1459 628 1684 685 viscum
1745 642 1818 685 an
1869 624 1982 685 hoc
2025 626 2215 685 viscus
2268 623 2464 685 facere
2517 622 2746 683 debeat.

218 726 305 787 sed
341 743 743 805 quaecumque
784 728 1023 787 nomina
1058 728 1295 804 generis
1340 728 1535 789 neutri
1570 728 1925 793 nominativo
1971 744 2108 787 casu
2167 726 2402 787 numeri
2439 723 2751 802 singularis

216 846 299 889 um
338 826 530 889 litteris
572 828 968 899 definiuntur,
1023 829 1173 891 haec
1208 846 1531 908 numquam
1569 829 1924 890 nominativo
1970 846 2109 890 casu
2153 829 2386 889 numeri
2427 825 2674 907 pluralis
2717 844 2748 887 a

220 931 532 990 nonunativo
595 948 738 992 casu
794 932 1025 993 numeri
1079 931 1393 1009 singularis
1450 946 1559 1009 per
1612 929 1863 1009 syllabas
1923 937 2225 998 crescunt;
2301 935 2361 989 et
2417 928 2549 989 ideo
2605 928 2752 989 haec
2802 956 2826 994 ε,

216 1033 402 1092 viscera
440 1032 557 1093 hoc
595 1034 809 1103 viscus,
854 1050 973 1094 non
1016 1032 1130 1093 hoc
1170 1035 1390 1094 viscum
1435 1032 1631 1094 facere
1674 1032 2130 1100 demonstratur.
2483 1106 2488 1109 Ι

356 1132 681 1205 Quaeritur,
730 1154 843 1215 qua
892 1135 967 1197 de
1001 1153 1176 1195 causa
1219 1135 1433 1195 horum
1466 1134 1728 1200 dentium
1773 1142 1832 1194 et
1863 1150 1982 1193 non
2023 1133 2238 1194 horum
2273 1132 2514 1193 dentum
2557 1132 2752 1194 facere

211 1234 409 1296 debeat.
497 1235 613 1297 hac
658 1238 733 1299 de
778 1255 972 1306 causa,
1014 1238 1291 1315 quoniam
1338 1254 1744 1316 quaecumque
1783 1238 2018 1297 nomina
2063 1236 2417 1296 nominativo
2461 1252 2602 1295 casu
2641 1253 2750 1295 nu-

210 1339 337 1397 meri
382 1337 699 1415 singularis
754 1358 861 1401 ens
911 1338 1119 1399 litteris
1172 1339 1533 1403 deliniuntur
1586 1343 1645 1399 et
1702 1336 2102 1419 monosyllaba
2167 1356 2296 1399 esse
2351 1339 2748 1415 reperiuntur,

210 1439 337 1499 haec
372 1442 643 1517 genetivo
682 1456 827 1519 casu
870 1442 1101 1502 numeri
1138 1439 1379 1519 pluralis
1421 1442 1544 1501 ium
1581 1440 1791 1502 litteris
1835 1439 2288 1501 concluduntur.
2775 1464 2828 1505 ιο

356 1539 698 1611 Quaeritur,
740 1542 815 1602 ab
872 1562 943 1603 eo
989 1543 1147 1623 quod
1190 1544 1333 1604 dixit
1384 1541 1670 1621 Vergilius
1727 1542 2252 1622 ‘lapidosaque
2306 1558 2533 1603 corna
2569 1541 2754 1601 Dant
2793 1597 2798 1607 ,

206 1662 267 1703 ra
284 1645 404 1705 mi'
450 1644 807 1705 nominativo
838 1662 977 1705 casu
1010 1646 1241 1705 numeri
1270 1644 1583 1723 singularis
1626 1644 1742 1706 hoc
1779 1663 1968 1705 cornu
2011 1662 2085 1707 an
2115 1645 2230 1706 hoc
2265 1662 2514 1706 cornum
2555 1644 2752 1705 facere

204 1745 413 1807 debeat.
502 1746 607 1807 sed
654 1764 1061 1826 quaecumque
1118 1749 1355 1830 nomina
1409 1749 1642 1826 generis
1688 1750 1888 1809 neutri
1935 1747 2289 1807 nominativo
2327 1762 2468 1806 casu
2521 1746 2754 1807 numeri

202 1846 429 1926 pluralis
476 1866 509 1907 a
554 1847 747 1908 littera
794 1854 929 1926 post
968 1836 1390 1910 consonantem
1435 1848 1898 1919 concluduntur,
1945 1849 2094 1909 haec
2134 1866 2452 1927 numquam
2489 1849 2752 1909 nomina-

202 1952 303 2010 tivo
346 1968 485 2010 casu
533 1951 766 2011 numeri
798 1948 1109 2028 singularis
1153 1969 1192 2012 u
1233 1949 1425 2012 littera
1464 1953 1885 2020 terminantur;
1941 1959 2000 2013 et
2035 1949 2168 2011 ideo
2223 1950 2370 2011 haec
2413 1968 2593 2011 corna
2643 1949 2756 2010 hoc
2777 1973 2832 2015 15

200 2070 453 2121 cornum,
492 2069 613 2113 non
655 2051 771 2111 hoc
816 2069 1003 2113 cornu
1044 2053 1237 2113 facere
1277 2055 1707 2131 pronuntiatur.
2203 2044 2210 2065 ¹

356 2152 691 2224 Quaeritur,
736 2170 851 2233 qua
897 2154 971 2215 de
1014 2142 1185 2215 causa
1232 2154 1405 2215 huius
1446 2157 1693 2234 pectinis
1729 2162 1788 2215 et
1829 2173 1946 2215 non
1993 2154 2167 2215 huius
2210 2155 2482 2233 pectenis
2510 2154 2754 2215 dicatur.

198 2256 299 2316 hac
344 2256 419 2317 de
448 2272 645 2323 causa,
690 2258 967 2334 quoniam
1011 2274 1417 2336 quaecumque
1458 2258 1693 2318 nomina
1734 2258 1970 2336 generis
1996 2254 2022 2341 ΙΙ
2053 2257 2356 2319 masculini
2399 2258 2756 2316 nominativo
2797 2288 2803 2296 -

197 2377 325 2419 casu
368 2359 599 2419 numeri
642 2356 955 2435 singularis
1002 2376 1075 2422 eu
1114 2356 1321 2419 litteris
1366 2359 1722 2420 definiuntur
1773 2365 1832 2420 et
1877 2358 2276 2439 monosyllaba
2322 2378 2450 2420 esse
2497 2376 2617 2419 non
2663 2376 2758 2419 re-

194 2464 527 2538 periuntur,
582 2460 741 2521 'haec
806 2460 1051 2522 eandem
1096 2480 1129 2521 e
1174 2458 1456 2529 litteram,
1520 2480 1691 2541 quam
1749 2461 1970 2522 habent
2027 2464 2086 2521 in
2143 2461 2350 2522 eodem
2405 2462 2756 2521 nominativo
2782 2482 2836 2525 2⁰

194 2581 323 2624 casu
370 2564 602 2625 numeri
662 2562 975 2640 singularis
1024 2569 1159 2623 ante
1204 2580 1243 2622 n
1285 2562 1585 2633 ultimum,
1643 2581 1752 2643 per
1803 2562 2052 2645 celteros
2097 2580 2288 2625 casus‘
2321 2565 2380 2623 in
2435 2564 2456 2623 i
2505 2562 2760 2624 litteram

194 2672 566 2734 convertunt3
637 2671 697 2725 et
736 2666 869 2726 ideo
915 2665 1011 2726 hic
1049 2672 1257 2742 pecten
1306 2664 1481 2726 huius
1522 2668 1801 2744 pectinis,
1861 2684 1980 2727 non
2023 2666 2198 2728 huius
2241 2667 2508 2745 pectenis
2564 2666 2762 2727 facere

192 2767 640 2828 demonstratur.

352 2867 703 2938 Quaeritur,
760 2887 875 2948 qua
926 2869 998 2931 de
1038 2887 1210 2929 causa
1266 2870 1438 2947 inops
1480 2886 1587 2947 per
1632 2887 1699 2947 p,
1755 2888 1872 2930 non
1929 2888 2036 2949 per
2076 2869 2112 2930 b
2155 2868 2406 2931 litteram
2447 2868 2758 2929 scribatur.

190 2970 293 3031 hac
342 2970 419 3032 de
473 2990 677 3039 causa,
745 2973 1017 3050 quoniam
1076 2988 1480 3051 quaecumque
1530 2974 1766 3033 nomina
1825 2974 1882 3033 in
1938 2970 2200 3051 quolibet
2251 2989 2391 3033 casu
2439 2973 2501 3032 in
2557 2969 2758 3030 ultima
2785 2990 2836 3031 25

191 3072 273 3133 vel
318 3091 511 3152 prope
558 3071 825 3134 ultimam
864 3071 1147 3153 syllabam
1190 3092 1229 3153 p
1276 3071 1531 3135 litteram
1574 3073 1796 3137 habent
1837 3076 2238 3143 constitutam,
2285 3073 2434 3134 haec
2476 3074 2534 3132 in
2573 3074 2774 3134 nomi-.

188 3178 371 3236 nativo
418 3194 567 3237 casu
628 3176 862 3236 numeri
902 3174 1219 3254 singularis
1278 3194 1385 3255 per
1430 3196 1501 3257 p,
1558 3194 1677 3239 non
1721 3194 1830 3255 per
1878 3177 1917 3238 b
1961 3176 2212 3241 litteram
2267 3174 2636 3242 scribuntur;
2705 3182 2764 3235 et

186 3276 309 3337 ideo
360 3280 557 3355 inopS,
604 3294 723 3337 non
770 3276 938 3337 inobs
980 3279 1177 3339 facere
1220 3282 1650 3355 pronuntiatur.
1706 3340 1716 3350 ,

344 3378 695 3451 Quaeritur,
742 3378 815 3439 ab
854 3398 925 3439 eo
970 3380 1126 3459 quod
1174 3381 1317 3443 dixit
1347 3379 1654 3443 Sallustius
1690 3381 1849 3442 ‘vas
1893 3388 2016 3443 aut
2059 3378 2579 3442 vestimentum
2624 3378 2762 3440 ali-

178 3484 386 3543 cuius
438 3482 1032 3560 concupiverat’
1079 3500 1177 3543 vas
1212 3484 1285 3543 ad
1331 3500 1505 3563 quam
1556 3484 1806 3545 sormam
1852 3486 2160 3561 pertineat.
2252 3483 2452 3563 utique
2495 3482 2566 3542 ad
2613 3498 2760 3550 eam,
2789 3500 2840 3542 ao

174 3604 281 3664 qua
340 3586 603 3646 nomina
658 3586 893 3660 generis
945 3586 1139 3646 neutri
1188 3586 1541 3646 nominativo
1596 3604 1736 3647 casu
1792 3586 2024 3647 numeri
2079 3584 2390 3664 singularis
2439 3604 2504 3646 as
2559 3583 2764 3645 litteris

172 3688 565 3757 definiuntur,
610 3694 677 3747 ut
704 3692 844 3764 puta
890 3687 1007 3755 sas:
1051 3696 1110 3749 et
1154 3688 1284 3749 ideo
1316 3705 1415 3747 vas
1452 3694 1511 3748 et
1542 3697 1738 3749 cetera
1781 3688 1916 3749 talia
1959 3688 2280 3750 secundum
2313 3689 2563 3748 formam
2599 3703 2764 3749 suam

168 3798 363 3869 aptote
413 3796 569 3851 suut
612 3787 975 3850 declinanda.

330 3892 697 3965 Quaeritur,
744 3910 857 3971 qua
894 3891 967 3951 de
1002 3910 1177 3952 causa
1218 3891 1391 3953 huius
1420 3891 1658 3953 Achatis
1690 3892 1939 3953 dicatur.
2000 3892 2111 3953 hac
2149 3894 2222 3953 de
2252 3910 2446 3960 causa,
2491 3893 2768 3971 quoniam

168 4011 602 4073 quaecumque
665 3994 899 4053 nomina
966 3993 1215 4055 ablativo
1282 4012 1421 4055 casu
1487 3996 1715 4055 numeri
1785 3994 2102 4072 singularis
2157 4014 2190 4055 e
2243 3993 2434 4059 littera
2495 4000 2767 4071 correpta
2793 4006 2845 4048 35

168 4098 583 4158 terminantur
636 4102 697 4156 et
745 4104 943 4174 aptota
998 4115 1127 4157 esse
1182 4114 1299 4157 non
1356 4100 1765 4175 reperiuntur,
1825 4098 1971 4158 haec
2019 4097 2286 4173 genetivo
2343 4112 2482 4156 casu
2535 4096 2770 4156 numeri

168 4200 492 4279 singularis
548 4200 599 4260 is
646 4198 859 4261 litteris
915 4198 1269 4260 definiuntur
1324 4206 1383 4259 et
1436 4199 1509 4260 ad
1564 4196 1900 4277 exemplum
1953 4218 1984 4258 e
2029 4196 2255 4260 litterae
2301 4204 2611 4278 correptae
2661 4212 2770 4274 per

172 4312 407 4363 ceteros
458 4319 641 4363 casus
694 4300 1083 4363 declinantur.
1144 4318 1333 4369 nunc
1383 4319 1518 4361 cum
1561 4302 1717 4362 dicat
1764 4299 2050 4379 Vergilius
2115 4302 2308 4370 ‘uno
2363 4301 2770 4373 comitatus

176 4406 509 4474 Achate’,
560 4406 769 4483 utique
813 4404 929 4464 iam
972 4402 1149 4463 huius
1188 4402 1424 4465 Achatis
1470 4404 1665 4464 facere
1702 4404 2118 4483 pronuntiavit.

310 4542 337 4591 1
378 4538 675 4607 Vergilius]
713 4541 852 4591 Aen.
892 4539 911 4587 1
948 4538 1045 4590 211
1241 4540 1276 4591 6
1310 4540 1685 4591 demonstratur
1721 4540 1770 4590 B
1806 4541 2154 4591 demonstrant
2188 4540 2233 4591 R
2441 4538 2476 4590 8
2505 4540 2685 4590 debeat
2723 4539 2773 4589 B

180 4608 393 4661 debeam
430 4610 478 4661 R
606 4610 675 4662 10
706 4608 1084 4660 concluduntur
1120 4608 1171 4659 B
1206 4620 1437 4661 crescunt
1470 4611 1517 4660 R
1628 4610 1690 4660 11
1735 4608 2012 4678 Vergilius]
2053 4612 2185 4660 Aen.
2225 4610 2296 4660 111
2331 4610 2436 4661 649
2541 4609 2612 4661 20
2647 4609 2774 4659 haec

184 4680 397 4731 eandem
432 4682 477 4732 R
510 4680 641 4734 haec
678 4680 868 4732 eadem
903 4680 954 4729 B
1093 4679 1159 4731 23
1195 4682 1543 4731 demonstrant
1578 4682 1677 4731 RB
1817 4684 1886 4734 26
1917 4682 2002 4732 uel
2035 4696 2194 4748 prope
2227 4682 2457 4731 ultimum
2488 4682 2556 4743 R,
2593 4696 2686 4733 om.
2726 4679 2776 4730 B

318 4752 391 4803 29
424 4750 726 4819 Sallustius]
770 4751 920 4801 Catil.
960 4749 1026 4800 51
1168 4750 1235 4803 32
1272 4752 1487 4802 formam
1524 4764 1667 4801 suam
1706 4752 1754 4803 R
1787 4752 1976 4803 formas
2015 4767 2137 4804 suas
2173 4750 2226 4802 B
2383 4751 2450 4803 38
2487 4748 2773 4817 Vergilius]

206 4817 325 4873 Aa,
356 4821 376 4869 1
408 4822 505 4875 312
