3434 5442
903 332 1296 395 INS'rlTvTA
1332 334 1615 397 ARTIVM
1660 332 1992 397 547-564
2619 336 2726 396 13⁸

296 466 329 505 ρ.
350 450 424 490 m.
442 450 493 492 ιι
522 448 575 493 ιι.
2319 462 2365 505 p.
2393 448 2551 491 :ussa
2581 448 2636 489 v.

1147 590 1243 651 DE
1286 590 1750 653 PRONOMINE.

345 725 661 785 Pronomen
706 732 796 786 est
835 743 971 803 pars
1010 727 1319 796 orationis,
1380 746 1529 805 quae
1576 728 1762 805 posita
1813 744 1924 807 pro
1969 726 2206 787 nomine
2245 727 2440 787 minus
2497 725 2736 804 quidem

218 828 363 909 uene,
401 826 551 887 idem
601 835 793 888 tamen
839 829 1141 905 significat,
1186 837 1251 889 ιιι
1287 836 1428 907 puta
1466 846 1577 906 ego
1624 830 1749 906 ipse
1792 831 1922 908 quis
1967 836 2026 888 et
2061 836 2254 889 cetera
2293 826 2459 895 talia:
2505 836 2565 888 ct
2606 828 2738 888 ideo

218 932 364 992 minus
400 929 599 1006 plene,
647 931 925 1009 quoniam
970 938 1151 991 restat
1190 938 1255 991 ιιι
1295 931 1635 999 definiatur,
1682 939 1750 991 ut
1791 938 1930 1009 puta
1977 946 2087 1007 ego
2124 930 2296 1000 Cato,
2343 930 2468 1010 ipse
2511 929 2736 998 Cicero,

216 1035 315 1113 quis
346 1030 667 1093 Terentius.
741 1032 827 1091 sic
869 1034 951 1093 uti
990 1032 1243 1093 diximus
1284 1041 1347 1095 et
1388 1042 1585 1094 cetera
1631 1032 1980 1111 pronomina
2023 1031 2242 1093 habent
2283 1032 2738 1111 significationes
2789 1056 2816 1095 τ»

212 1152 331 1195 suas.
408 1134 743 1211 pronomini
801 1133 1077 1195 accidunt
1132 1152 1317 1212 genus
1378 1134 1567 1213 figura
1622 1151 1908 1196 numerus
1963 1152 2136 1195 casus
2188 1152 2444 1215 persona
2494 1132 2740 1213 qualitas

214 1244 453 1297 accentus.

344 1337 417 1398 De
455 1356 695 1415 genere.
786 1354 1007 1416 genera
1061 1340 1119 1400 in
1176 1338 1626 1419 pronominibus
1676 1339 1764 1399 sio
1819 1340 1906 1399 uti
1963 1340 2022 1399 in
2075 1337 2414 1399 nominibus
2471 1338 2740 1399 conside·

212 1441 353 1503 nuda
386 1448 541 1507 sunt,
586 1448 653 1500 ut
693 1448 833 1520 puta
880 1436 1269 1503 masculinum
1312 1442 1427 1510 bic,
1473 1441 1822 1501 femininum
1866 1440 2031 1508 haec,
2077 1446 2356 1501 neutrum
2397 1439 2530 1509 hoc,
2579 1458 2740 1501 com·

210 1562 347 1605 mune
384 1541 593 1622 qualis,
638 1560 815 1603 omne
856 1542 987 1621 ego.
1076 1562 1217 1604 sane
1254 1562 1429 1623 quem
1475 1544 1547 1605 ad
1592 1544 1832 1607 modum
1878 1560 1986 1621 per
2029 1560 2200 1604 casus
2237 1544 2596 1605 misceantur
2639 1558 2740 1620 ge·
2771 1563 2818 1604 w

213 1664 339 1713 nera,
373 1646 427 1705 in
464 1647 707 1705 nomine
744 1646 859 1705 iam
904 1649 1045 1707 satis
1086 1648 1480 1707 tractavimus,

344 1748 417 1808 De
470 1747 681 1825 figura.
778 1746 963 1824 figura
1034 1747 1485 1825 pronominibus
1540 1749 1750 1810 accidit
1813 1748 1900 1810 sic
1953 1750 2038 1808 uti
2107 1755 2164 1808 et
2215 1748 2426 1808 ceteris
2477 1746 2742 1825 partibus

210 1851 463 1917 orationis,
510 1848 765 1925 simplex
802 1856 859 1910 et
900 1851 1243 1929 composita.
1332 1849 1579 1929 simplex
1618 1852 1808 1928 figura
1857 1852 2274 1928 pronominum
2319 1854 2435 1917 est,
2495 1856 2560 1909 ιιι
2602 1858 2740 1929 puta

207 1954 331 2029 quis;
370 1951 689 2029 composita
730 1952 917 2029 figura
962 1954 1381 2029 pronominum
1424 1960 1528 2021 est,
1576 1960 1643 2013 ut
1680 1952 1962 2033 quisquis.
2053 1952 2156 2014 sed
2197 1953 2515 2029 composita
2555 1952 2740 2030 figura

210 2052 379 2132 quibus
416 2051 505 2111 vel
550 2060 699 2131 quot
742 2054 935 2114 modis
976 2053 1097 2123 fiat,
1142 2055 1203 2115 in
1240 2056 1481 2116 nomine
1528 2055 1642 2115 iam
1688 2057 1830 2116 satis
1873 2055 2264 2116 tractavimus.
2775 2075 2822 2115 ιι»

337 2154 415 2215 De
464 2172 740 2217 numero.
828 2173 1111 2217 numerus
1178 2155 1627 2235 pronominibus
1692 2155 1902 2217 accidit
1973 2158 2058 2215 sic
2123 2158 2208 2217 uti
2261 2164 2320 2217 et
2371 2152 2742 2239 nossminibus

206 2256 469 2335 singularis
533 2256 781 2337 pluralis
836 2265 895 2319 et
954 2260 1333 2319 communim-
1380 2256 1695 2334 singularis
1762 2259 1888 2327 hic,
1956 2257 2200 2336 pluralis
2257 2257 2349 2327 hi,
2417 2258 2746 2319 eommunis

204 2358 417 2437 quidam.
504 2359 597 2418 sic
642 2366 703 2419 et
750 2376 857 2438 per
898 2358 1010 2420 alia
1062 2361 1483 2437 pronominum
1538 2379 1754 2440 genera
1811 2362 1870 2419 in
1925 2360 2314 2421 declinatione
2369 2376 2614 2422 neeesse
2657 2366 2748 2421 est

204 2462 247 2519 hi
280 2461 495 2523 numeri
538 2478 714 2521 suum
764 2461 1019 2521 officium
1066 2461 1417 2541 compleant.

334 2564 411 2624 De
458 2580 623 2623 casu.
710 2580 881 2624 casus
944 2538 1399 2643 pronominibus·
1454 2566 1728 2627 accidunt
1789 2565 1860 2626 ad
1931 2562 2344 2625 declinandum
2409 2564 2496 2625 sic
2549 2566 2632 2627 uti
2689 2572 2747 2625 et
2770 2584 2822 2625 πο

204 2665 511 2727 nominibus.

334 2767 413 2828 De
454 2784 735 2845 persona.
798 2786 1087 2846 personae
1126 2770 1545 2848 pronominum
1590 2777 1731 2831 sunt
1769 2777 1911 2840 treS,
1957 2771 2146 2847 prima
2189 2786 2318 2847 ego,
2365 2767 2622 2829 secunda
2659 2776 2744 2838 tu,
2837 2841 2844 2849 Ι

200 2870 333 2929 tertia
370 2868 487 2931 ille.
558 2870 677 2931 hae
720 2870 899 2930 finitis
934 2871 1385 2950 pronominibus
1426 2871 1703 2933 accidunt
1745 2878 2003 2940 tantum;
2051 2872 2206 2939 item,
2253 2878 2322 2931 ιιι
2359 2869 2484 2931 vult
2525 2857 2768 2931 Plinius

200 2970 481 3041 Secundus
530 2982 595 3033 et
640 2974 999 3051 possessivis,

332 3074 407 3135 De
478 3072 787 3154 qualitate.
877 3073 1123 3153 qualitas
1189 3078 1607 3155 pronominum
1675 3077 1734 3135 in
1797 3081 2076 3155 quattuor
2145 3075 2366 3136 formas
2436 3074 2742 3135 dividitur:
2771 3093 2824 3133 ιι»

200 3176 339 3244 linita,
382 3178 581 3237 minus
631 3194 807 3255 quam
854 3177 1035 3245 finita,
1072 3178 1323 3247 infinita,
1370 3180 1717 3257 possessiva.

328 3280 407 3341 De
449 3280 639 3339 finita.
728 3278 889 3339 finita
934 3282 1284 3357 pronomina
1326 3288 1479 3351 sunt,
1522 3298 1677 3359 quae
1718 3286 1924 3339 notant
1961 3285 2188 3340 certum
2235 3294 2576 3349 nnmerum,
2617 3296 2746 3339 cer-

202 3386 289 3439 um
322 3378 333 3459 Ι
362 3398 709 3458 personam.
800 3379 949 3441 baec
982 3383 1095 3441 tria
1138 3392 1275 3443 sunt
1314 3390 1571 3451 tantum,
1628 3400 1742 3461 ego
1785 3388 1848 3443 tu
1893 3382 2005 3442 ille.
2095 3400 2254 3443 nunc
2297 3398 2502 3442 eorum
2545 3382 2746 3458 singu-

111 3506 114 3515 *
152 3492 155 3499 '
202 3478 351 3542 lorum
394 3500 693 3561 generum
743 3480 1193 3544 declinationem
1246 3484 1585 3547 subicimus.
1676 3502 1786 3563 ego
1836 3501 2170 3564 pronomen
2229 3484 2456 3544 finitum
2513 3484 2750 3560 generis

204 3585 353 3643 onais
378 3585 611 3662 figurae
641 3584 927 3663 simplicis
968 3586 1199 3649 numeri
1238 3584 1549 3664 singu-laris
1594 3604 1886 3665 personae
1913 3587 2138 3665 primae
2185 3604 2358 3659 casus
2385 3586 2744 3657 nominativi,
2773 3604 2826 3645 so

202 3686 321 3761 quod
367 3686 770 3748 declinabitur
828 3690 943 3748 sic:
1002 3690 1235 3749 numeri
1290 3687 1605 3765 singularis
1660 3706 1772 3765 ego
1827 3690 1944 3749 mei
1993 3689 2136 3749 mibi
2181 3706 2276 3750 me
2331 3686 2502 3769 [ego]
2558 3707 2590 3749 a
2633 3704 2748 3755 me.

204 3792 389 3849 numeri
424 3788 681 3868 pluralis
724 3806 833 3849 nos
872 3798 1137 3851 nostrum
1176 3789 1349 3851 nobis
1389 3808 1499 3849 nos
1535 3788 1701 3871 [nos]
1743 3810 1774 3851 a
1813 3790 2002 3851 nobis
2057 3798 2122 3851 ιιι
2159 3806 2488 3871 pronomen
2521 3790 2748 3851 finitum

206 3892 389 3961 generis
430 3894 637 3953 omnis
678 3892 905 3969 figurae
950 3891 1233 3971 simplicis
1276 3894 1509 3953 numeri
1547 3891 1864 3970 singularis
1909 3910 2199 3972 personae
2242 3892 2536 3955 secundae
2579 3909 2751 3953 casus

209 3994 491 4056 nominativi
536 4002 603 4054 et
650 3976 924 4063 rocativi,
984 3994 1141 4074 quod
1188 3992 1576 4055 declinabitur
1621 3997 1737 4055 sic:
1796 3996 2028 4060 numeri
2069 3994 2384 4073 singularis
2437 4001 2500 4055 tu
2545 3996 2617 4055 tis
2661 3993 2750 4055 vel

210 4096 263 4151 tui
291 4096 383 4155 tibi
424 4103 483 4157 te
526 4108 595 4158 tu
638 4116 677 4157 a
722 4104 805 4167 te,
864 4098 1097 4157 numeri
1136 4096 1381 4175 pluralis
1434 4114 1537 4157 vos
1583 4103 1842 4157 vestrum
1889 4103 1949 4157 et
1993 4104 2253 4157 vostrum
2295 4094 2462 4155 vobis
2506 4114 2610 4156 vos
2645 4112 2750 4156 vos
2773 4109 2824 4151 35

213 4197 417 4261 ambis.
506 4198 611 4261 ille
656 4215 987 4277 pronomen
1031 4198 1263 4259 finitum
1308 4200 1541 4277 generis
1581 4198 1886 4261 masculini
1928 4200 2153 4275 figurae
2190 4196 2473 4277 simplicis
2517 4199 2750 4257 numeri

212 4300 465 4375 §figularis
500 4318 808 4381 personae
850 4304 1059 4363 tertiae
1090 4318 1260 4362 casus
1290 4302 1649 4371 nominativi,
1688 4302 1846 4382 quod
1879 4300 2270 4362 declinabitur
2311 4300 2426 4361 sic:
2460 4296 2488 4381 ΙΙ
2515 4301 2750 4361 numeri

308 4472 331 4520 1
367 4488 425 4522 ns
462 4487 773 4540 Pannonius
816 4489 845 4521 r
881 4487 1067 4524 mcnur
1104 4489 1169 4522 ns
1203 4487 1498 4524 mosomus
1527 4472 1605 4537 B,
1642 4486 1734 4521 om.
1769 4471 1812 4521 lt
1987 4474 2020 4523 4
2067 4481 2120 4519 ιιι
2155 4470 2423 4521 definiatur
2453 4480 2576 4537 puta
2611 4472 2659 4521 R
2696 4479 2751 4521 ut

216 4534 368 4591 definiat
390 4552 444 4593 ut
482 4552 609 4609 puta
647 4558 715 4592 νυ
882 4540 915 4591 5
950 4544 1096 4592 sicuti
1141 4542 1187 4592 R
1223 4544 1354 4592 sicut
1388 4544 1439 4593 B
1576 4548 1627 4591 et
1660 4550 1828 4591 cetera
1865 4541 1915 4591 B
1953 4550 2003 4590 ut
2042 4549 2208 4591 cetera
2246 4540 2292 4591 R
2460 4544 2528 4591 22
2561 4556 2747 4607 prono-

216 4612 353 4661 minum
384 4630 414 4661 r
446 4613 851 4679 pronominibus
884 4612 977 4661 RB
1186 4613 1253 4663 25
1304 4613 1375 4661 De
1414 4609 1676 4676 qualitate]
1714 4611 1862 4663 Serv.
1903 4615 1952 4661 in
1989 4612 2120 4662 Bon.
2153 4626 2209 4673 p.
2255 4611 2384 4660 1847
2433 4612 2653 4675 Pompei.
2689 4626 2746 4675 p.

216 4678 300 4727 ²35-
330 4683 443 4737 236:
478 4684 552 4746 cf.
592 4683 750 4733 Serv.
786 4698 843 4744 p.
884 4682 1017 4733 1848
1056 4683 1273 4746 Pompei.
1293 4698 1348 4745 p.
1374 4684 1479 4733 260
1516 4683 1717 4732 Cledon.
1757 4698 1816 4747 p.
1847 4681 1979 4731 1900
2118 4680 2187 4731 26
2217 4680 2360 4730 finita
2397 4683 2565 4732 minus
2598 4696 2760 4744 quam.

219 4744 319 4799 inita
344 4752 527 4803 infinita
562 4753 877 4820 possessiua
917 4752 1015 4802 RB
1058 4752 1247 4802 finitam
1288 4754 1457 4803 minus
1488 4767 1641 4814 quam
1681 4752 1876 4801 fluitem
1913 4752 2161 4801 infinitam
2201 4753 2548 4816 possessiuam
2581 4769 2612 4803 r

218 4812 261 4866 31
292 4840 369 4886 rgo
400 4833 445 4873 et
474 4826 589 4873 item
624 4827 678 4874 in
712 4824 908 4887 plurali
938 4838 1139 4873 numero
1175 4837 1267 4873 nos
1302 4825 1527 4873 vocativo
1560 4838 1684 4872 casu
1716 4840 1812 4875 om.
1853 4822 1920 4887 B,
1957 4823 2080 4871 add.
2114 4822 2160 4872 R

2261 4906 2350 4967 9*
