3434 5442
677 334 794 399 124
1844 334 2072 397 raom
2136 293 2145 301 ⁸
2180 362 2191 373 -

775 466 820 507 p.
847 452 938 497 ²⁸4.
957 453 1008 495 45
1036 452 1092 493 R.
2802 463 2844 503 p.
2870 448 3051 491 ³35-ae
3078 451 3128 489 V.

673 522 886 585 larisa
927 542 1044 585 non
1085 526 1104 585 i
1146 523 1332 585 littera
1379 524 1769 592 definiuntur;
1816 532 1877 583 et
1916 524 2047 585 ideo
2092 522 2285 584 vultur
2328 523 2501 585 huius
2546 522 2813 591 vulturiS,
2863 539 2979 582 non
3022 520 3223 583 vulturi

674 627 868 689 facere
903 628 1355 687 demonstratur.

843 729 1170 800 Quaeritur,
1215 727 1288 789 ab
1335 747 1406 789 eo
1449 729 1605 808 quod
1651 729 1795 790 dixit
1816 726 2101 805 Vergilius
2146 728 2425 790 ‘umida
2470 726 2843 789 solstitia’
2883 728 3225 787 nominativo

675 850 814 893 casu
856 832 1087 891 numeri
1121 829 1434 909 singularis
1488 830 1602 891 boc
1643 829 1891 891 solstitiu
1938 846 2011 890 an
2058 830 2170 890 hoc
2214 827 2539 911 solsti}[tium
2586 830 2779 891 facere
2816 827 3047 891 debeat.
3104 814 3225 889 'sed

621 958 648 997 5
675 950 1080 1013 quaecumque
1121 934 1358 993 nomina
1401 932 1634 1009 generis
1678 933 1875 993 neutri
1916 934 2267 993 nominativo
2310 950 2449 992 casu
2498 933 2731 995 numeri
2774 929 3018 1010 pluralis
3060 932 3112 991 ia
3146 929 3229 990 lit-

675 1037 816 1096 teris
854 1034 1226 1105 deliniuntur,
1267 1035 1416 1096 haec
1453 1051 1775 1112 numquam
1811 1036 2163 1095 nominativo
2194 1052 2332 1094 casu
2374 1034 2603 1095 numeri
2637 1032 2950 1110 singularis
2976 1050 3019 1093 u
3048 1028 3227 1093 littera

673 1134 1092 1205 terminantur;
1145 1144 1202 1197 et
1245 1136 1377 1199 ideo
1411 1136 1526 1196 boc
1569 1134 1897 1206 solstitium,
1944 1154 2061 1195 non
2109 1135 2221 1195 boc
2264 1134 2510 1196 solstitiu
2563 1135 2758 1196 facere
2801 1136 3225 1213 pronuntiatur.

845 1236 1174 1309 Quaeritur,
1221 1238 1294 1299 ab
1341 1257 1410 1299 eo
1455 1238 1610 1318 quod
1659 1238 1802 1298 dixit
1846 1236 2156 1298 Sallustius
2202 1238 2363 1297 ‘sed
2408 1236 2853 1314 Allobroges
2896 1254 2983 1297 ex
3028 1254 3229 1315 prae·

676 1347 896 1419 cepto
939 1340 1357 1401 Ciceronis’
1403 1340 1757 1400 nominativo
1798 1357 1937 1400 casu
1984 1340 2215 1400 numeri
2258 1338 2567 1417 singularis
2595 1338 2947 1417 Allobrogus
2982 1356 3059 1399 an
3088 1336 3229 1398 Allo-

603 1466 650 1506 m
677 1443 895 1522 broges
958 1443 1150 1504 facere
1205 1442 1434 1521 debeat.
1523 1442 1626 1502 sed
1691 1458 2097 1520 quaecumque
2156 1439 2437 1501 vocabula
2498 1440 2821 1502 masculina
2884 1440 3230 1500 nominativo

674 1564 814 1607 casu
875 1547 1108 1606 numeri
1165 1543 1406 1623 pluralis
1445 1562 1509 1605 es
1551 1543 1760 1604 litteris
1820 1543 2176 1605 definiuntur
2238 1550 2297 1603 et
2336 1560 2367 1603 a
2413 1544 2767 1603 nominativo
2812 1560 2953 1603 casu
3014 1542 3231 1603 numeri

674 1646 986 1724 singularis
1049 1649 1108 1707 in
1165 1646 1372 1708 eodem
1431 1647 1787 1707 nominativo
1842 1664 1983 1705 casu
2048 1646 2277 1706 numeri
2342 1644 2584 1724 pluralis
2642 1660 2751 1722 per
2809 1642 3067 1724 syllabas
3124 1659 3229 1701 non

676 1755 980 1817 crescunt,
1033 1742 1188 1810 'baec
1227 1750 1290 1809 in
1335 1749 1687 1809 nominativo
1735 1766 1873 1809 casu
1930 1749 2161 1809 numeri
2204 1746 2515 1825 singularis
2561 1764 2877 1825 numquam
2922 1766 2997 1807 us
3040 1744 3231 1805 litteris

675 1850 1060 1920 definiuntur;
1137 1858 1196 1911 et
1247 1850 1382 1912 ideo
1447 1850 1544 1911 bic
1601 1847 1977 1928 Auchi-agea,
2052 1868 2169 1909 non
2216 1849 2343 1930 ‚bic
2403 1847 2758 1927 Allobrogus
2831 1848 3034 1909 facere
3106 1863 3231 1925 pro·

603 1973 650 2014 ιι
676 1954 993 2013 nuntiatur.

847 2052 1196 2124 Quaeritur,
1267 2072 1380 2135 qua
1425 2054 1500 2115 (le
1545 2072 1721 2115 causa
1764 2052 2049 2129 Vergilius
2111 2053 2320 2114 ‘haec
2364 2053 2389 2111 f
2396 2054 2547 2114 inis
2588 2052 2901 2114 Priami'
2966 2050 3231 2112 feminino

677 2174 896 2235 genere
937 2157 1347 2234 pronuntiarit,
1397 2156 1686 2234 siquidem
1724 2150 2131 2236 quaecumque
2174 2156 2410 2215 nomina
2454 2153 2781 2216 inanimalia
2824 2154 3031 2215 Latina
3077 2152 3230 2213 dum·

679 2266 835 2319 taxat
883 2260 1239 2319 nominativo
1284 2276 1422 2319 casu
1470 2259 1701 2319 numeri
1752 2256 2063 2333 singularis
2112 2255 2389 2335 disyllaba
2444 2275 2573 2318 csse
2626 2256 3007 2335 reperiuntur
3058 2262 3115 2315 et
3138 2255 3231 2313 'nis

676 2359 894 2439 syllaba
944 2361 1365 2429 terminantur,
1431 2360 1578 2422 haec
1617 2360 1941 2421 secundum
1984 2358 2341 2437 analogicam
2385 2357 2747 2436 disciplinam
2798 2356 3105 2419 masculini
3144 2372 3231 2433 ge-

600 2482 652 2524 2⁰
677 2464 836 2523 neris
878 2480 1012 2523 esse
1055 2461 1395 2539 probantur.
1486 2461 1590 2521 sed
1633 2460 1747 2521 hoc
1785 2460 1844 2520 in
1880 2462 2085 2521 metris
2127 2468 2511 2538 conpetenter
2552 2460 2969 2530 tractabimuS,
3028 2457 3234 2521 scilicet

677 2565 952 2645 quoniam
993 2570 1238 2643 propter
1279 2570 1531 2624 metrum
1575 2563 1690 2623 hoc
1728 2562 1937 2623 fecisse
1981 2560 2299 2641 Vergilium
2337 2562 2785 2624 declarabimus».

845 2663 1178 2735 Quaeritur,
1221 2664 1294 2725 ab
1339 2684 1410 2725 eo
1455 2664 1612 2742 quod
1655 2664 1800 2725 dixit
1822 2664 2027 2726 Cicero
2077 2666 2206 2724 ‘ex
2242 2666 2529 2742 agresti
2575 2664 2907 2725 luxuria'
2952 2664 3055 2725 hic
3078 2678 3233 2740 agre-

677 2778 798 2829 ster
837 2786 912 2829 an
956 2768 1206 2845 agrestis
1263 2768 1458 2827 facere
1511 2765 1741 2829 debeat.
1830 2766 1933 2827 sed
1977 2784 2387 2846 quaecumque
2429 2766 2663 2827 nomina
2711 2767 2773 2827 in
2814 2765 3068 2828 ablativo
3110 2780 3235 2824 casu

679 2871 911 2931 numeri
965 2868 1278 2946 singularis
1330 2887 1364 2929 a
1407 2870 1763 2930 nominativo
1807 2886 1947 2930 casu
2002 2869 2233 2929 numeri
2288 2868 2599 2945 singularis
2657 2886 2763 2946 per
2820 2866 3077 2947 syllabas
3130 2882 3231 2925 non

600 2990 652 3031 aa
681 2979 956 3034 crescunt
999 2978 1056 3033 et
1095 2971 1152 3031 iu
1195 2971 1400 3033 eodem
1447 2970 1696 3031 ablativo
1742 2988 1881 3031 casu
1934 2970 2163 3031 numeri
2205 2968 2519 3048 singularis
2574 2978 2707 3029 ante
2752 2967 3038 3051 ultiimam
3080 2986 3232 3027 voca·

677 3074 792 3135 lem
837 3090 1014 3135 unam
1061 3080 1480 3133 consonantem
1523 3072 1747 3133 habent
1786 3072 2129 3149 oppositam,
2175 3072 2322 3133 haec
2358 3088 2677 3149 numquam
2722 3072 3079 3133 nominativo
3110 3086 3230 3130 casu

679 3178 910 3239 numeri
953 3174 1268 3255 singularis
1301 3194 1367 3237 er
1400 3174 1610 3236 litteris
1647 3173 2035 3242 deliniuntur3
2078 3180 2135 3235 et
2178 3173 2309 3235 ideo
2354 3172 2451 3233 hic
2478 3174 2740 3252 agrestis,
2786 3190 2905 3233 non
2951 3173 3053 3235 hic
3082 3189 3233 3250 agre·

675 3286 799 3340 ster
849 3278 1044 3339 facere
1089 3279 1522 3356 pronuntiatur.
2128 3330 2137 3339 .

846 3379 1187 3451 Quaeritur,
1243 3380 1358 3441 hoc
1401 3378 1661 3441 torcular
1717 3397 1793 3440 an
1846 3378 1961 3439 boc
2020 3376 2315 3439 torculare
2358 3378 2555 3439 facere
2603 3376 2831 3439 debeat.
2918 3378 3028 3437 sed
3072 3366 3232 3455 quae-

601 3499 654 3539 so
681 3500 933 3561 cumque
961 3483 1198 3542 nomina
1241 3482 1473 3558 generis
1506 3481 1698 3543 neutri
1744 3482 2011 3557 genetivo
2048 3498 2183 3541 casu
2212 3481 2443 3540 numeri
2471 3478 2783 3557 singularis
2822 3486 2956 3539 ante
2986 3479 3230 3540 ultimam

677 3583 956 3664 syllabam
1002 3602 1034 3643 a
1086 3583 1342 3643 litteram
1408 3582 1628 3644 habent
1681 3586 2083 3651 constitutam,
2147 3583 2194 3643 si
2260 3580 2505 3643 eandem
2560 3600 2593 3641 a
2645 3580 2901 3643 litteram
2959 3580 3233 3659 producto

677 3693 926 3747 accentu
983 3693 1293 3752 resonant,
1361 3684 1508 3745 baec
1549 3701 1871 3763 numquam
1902 3680 1929 3767 ΙΙ
1962 3685 2313 3745 nominativo
2358 3700 2499 3744 casu
2552 3686 2785 3745 numeri
2826 3683 3139 3761 singularis
3176 3697 3233 3741 ar

677 3788 888 3847 litteris
940 3786 1331 3855 definiuntur;
1388 3792 1447 3847 et
1487 3787 1618 3869 ideo
1673 3786 1789 3847 hoc
1845 3784 2171 3857 torculare,
2227 3804 2345 3845 non
2400 3785 2515 3845 boc
2556 3784 2818 3847 torcular
2872 3788 3071 3847 facere
3110 3802 3229 3864 pro·

677 3890 996 3951 nuntiatur.
1087 3906 1230 3949 sane
1265 3889 1437 3949 etiam
1477 3889 1592 3949 hoc
1636 3905 1973 3959 monemuS,
2026 3888 2179 3969 quod
2224 3888 2372 3949 haec
2416 3888 2619 3949 eadem
2660 3890 2895 3949 nomina
2940 3890 3001 3949 in
3048 3887 3229 3949 eodem

601 4006 652 4048 aa
677 3992 1035 4053 nominativo
1073 4007 1212 4051 casu
1253 3993 1481 4051 numeri
1525 3990 1837 4070 singularis
1883 3998 2041 4052 certa
2084 3992 2430 4051 necessitate
2474 3990 2645 4050 metri
2684 3990 2777 4051 vel
2820 3998 3145 4052 structurae
3182 3994 3231 4047 et

677 4109 745 4155 ar
785 4092 993 4155 litteris
1047 4094 1330 4171 permissa
1381 4095 1499 4153 sint
1547 4091 1849 4155 declinari.
1936 4093 2039 4156 sed
2074 4086 2205 4172 'qua
2259 4093 2333 4154 de
2380 4110 2554 4171 causa
2610 4092 2756 4153 baec
2810 4093 3017 4154 eadem
3074 4106 3229 4169 supra

676 4195 829 4257 dicta
871 4196 1104 4257 nomina
1151 4196 1506 4255 nominativo
1553 4212 1691 4258 casu
1735 4196 1966 4257 numeri
1992 4194 2305 4271 singularis
2351 4201 2409 4255 et
2448 4212 2515 4255 ar
2558 4193 2767 4255 litteris
2808 4195 3094 4273 permissa
3132 4190 3229 4252 sint

677 4299 1064 4377 pronuntiari,
1111 4297 1227 4358 hoc
1273 4298 1332 4357 in
1377 4298 1582 4357 metris
1624 4297 1716 4357 vel
1760 4298 2071 4358 structuris
2108 4304 2491 4375 conpetenter
2535 4295 2937 4357 tractabimus

814 4468 846 4520 3
881 4464 1164 4535 Vergilius]
1200 4482 1376 4533 qaory.
1417 4468 1438 4516 l
1477 4466 1578 4519 100
1783 4469 1819 4517 4
1854 4482 1917 4517 an
1956 4466 2052 4517 hoc
2089 4468 2361 4519 solstitium
2398 4466 2479 4517 rB
2514 4482 2579 4517 an
2616 4466 2713 4517 hoc
2744 4467 3031 4517 solistitium
3070 4466 3109 4515 R

678 4540 708 4586 7
745 4551 846 4587 non
883 4536 984 4588 boc
1021 4539 1244 4589 solstitia
1273 4538 1356 4588 rB
1389 4550 1487 4586 non
1527 4536 1623 4587 hoc
1658 4536 1899 4588 solistitiu
1938 4536 1983 4587 R
2108 4536 2141 4588 8
2179 4535 2473 4603 Sallustius]
2516 4534 2766 4587 cattam}
2876 4536 2941 4589 16
2979 4528 3227 4602 Vergilius]

679 4608 811 4657 Aen.
851 4608 894 4656 ll
927 4609 1032 4659 554
1176 4607 1240 4659 18
1277 4606 1528 4673 disyllaba
1562 4609 1645 4660 Br
1679 4607 1960 4671 dissyllaba
1999 4608 2044 4659 R
2186 4608 2249 4659 19
2284 4608 2599 4673 analogicum
2638 4608 2720 4659 Br
2752 4607 3057 4675 inalogicam
3088 4605 3131 4655 R

678 4677 746 4729 20
783 4678 1107 4728 tractabimus
1141 4694 1172 4727 r
1208 4680 1534 4728 tractauimus
1565 4677 1668 4729 RB
1772 4679 1834 4727 21
1878 4676 2250 4729 declarabimus
2282 4694 2314 4726 r
2344 4678 2717 4729 declat-animus
2740 4677 2842 4729 RB
2944 4680 3012 4729 22
3050 4666 3223 4733 Cicero]

677 4748 728 4797 in
765 4747 917 4800 Catil.
955 4749 996 4797 11
1033 4748 1084 4809 3,
1119 4748 1152 4798 ὖ
1278 4748 1480 4799 luxuria
1516 4747 1563 4798 R
1600 4748 1835 4799 luxuriae
1870 4748 1921 4799 B
1952 4747 2151 4799 luxurie
2186 4764 2215 4797 υ
2352 4747 2416 4801 31
2458 4749 2503 4798 ai
2540 4762 2630 4797 om.
2670 4746 2735 4813 R,
2773 4748 2895 4797 add.
2934 4764 2965 4797 r
3063 4744 3125 4797 38
3159 4742 3225 4791 uel

677 4817 731 4867 in
762 4819 1028 4869 structuris
1057 4818 1131 4868 R.-
1164 4819 1216 4867 in
1253 4833 1344 4871 om.
1381 4818 1460 4868 Br
1597 4819 1924 4868 tractabimus
1958 4834 1989 4867 r
2024 4818 2349 4869 tractauimns
2380 4818 2478 4868 RB
