3434 5442
595 330 673 389 24
1775 327 2003 391 PROBI

700 458 742 499 p.
774 447 887 489 κστ.
908 446 959 485 es
988 446 1034 486 r.
2485 495 2488 498 ,
2757 462 2802 502 p.
2833 450 2922 489 125.
2944 448 2994 489 26
3023 448 3070 488 1..

596 519 1069 599 frequentissime
1112 518 1313 588 docui,
1370 519 1452 577 ris
1498 519 1715 579 faciunt
1767 520 2064 596 genetivo,
2119 516 2304 578 vellus
2351 518 2608 589 velleris,
2667 522 2895 581 ratione
2939 528 3174 581 neutro-

596 638 727 682 rum
774 640 843 681 us
889 620 1365 689 terminatorum,
1410 626 1469 681 et
1511 638 1627 681 uno
1673 621 1950 681 feminino
1991 622 2070 680 ris
2111 622 2358 681 faciente
2399 624 2664 697 genetivo
2711 640 2746 683 ιι
2789 629 2848 683 et
2890 624 2946 683 in
2985 624 3186 683 nomi:

596 724 791 783 nativo
848 728 906 783 et
960 724 1017 781 in
1078 722 1345 797 genetivo
1402 722 1705 801 producta.
1796 741 1834 782 u
1895 729 2030 783 ante
2093 724 2464 783 novissimam
2520 723 2798 804 syllabam
2858 724 3176 786 habentem

597 831 1013 885 consonantem
1058 825 1413 885 continentia
1454 825 1882 903 producuntur,
1925 831 1992 885 ut
2033 823 2203 886 tellus
2245 824 2486 894 telluris,
2530 828 2799 887 iuventus
2843 830 3174 898 iuventutiS,

544 950 569 989 5
594 933 869 987 senectus
912 927 1245 987 senectutis,
1310 945 1456 988 anus
1499 928 1682 997 anuiS,
1729 944 1828 987 sus
1869 928 1990 987 suis
2035 927 2167 988 ideo
2211 928 2626 1007 corripiuntur,
2674 932 2950 1009 quoniam
2983 932 3176 991 novis-

596 1032 739 1090 sima
786 1027 1004 1109 syllaba
1050 1028 1177 1089 sine
1223 1036 1583 1091 consonante
1628 1036 1734 1090 est.
1821 1028 1967 1089 haec
2011 1027 2174 1089 colus
2219 1029 2510 1091 secundae
2555 1038 2642 1091 est
2684 1031 3092 1093 declinationis
3135 1032 3176 1093 li

596 1132 815 1192 faciens
860 1132 1147 1207 geneum,
1192 1130 1365 1192 huius
1402 1130 1545 1191 coli:
1608 1148 1742 1191 nam
1783 1128 2070 1209 Vergilius
2117 1132 2272 1191 ‘cui
2317 1130 2647 1193 tolerare
2691 1132 2856 1195 colo
2897 1135 3175 1202 vitam’,

596 1236 697 1312 qui
742 1233 967 1293 dativus
1006 1252 1037 1293 a
1089 1235 1357 1311 genetIvo
1396 1235 1413 1292 i
1460 1236 1775 1293 terminato
1837 1234 2025 1293 venit:
2087 1240 2144 1293 et
2199 1242 2442 1313 quartae
2487 1234 2890 1296 declinationis
2943 1254 3014 1296 us
3057 1242 3178 1297 ter·

598 1337 826 1395 minans
865 1336 1226 1413 genetivum,
1282 1336 1433 1395 sicut
1482 1336 1699 1395 Statius
1744 1334 2274 1396 Thebaidoslibro
2319 1336 2397 1398 ΙΙΙ
2455 1338 2908 1418 ‘nigraeque
2966 1357 3180 1399 soro-

522 1460 570 1499 10
598 1456 751 1497 rum
796 1438 1153 1497 iuravere
1210 1436 1479 1507 colus’‚
1527 1438 1627 1517 qui
1670 1439 2060 1497 nominativus
2105 1437 2348 1517 pluralis
2393 1460 2424 1500 a
2470 1440 2736 1517 genetivo
2781 1439 3064 1519 singulari
3109 1460 3180 1502 us

598 1541 910 1600 terminato
955 1538 1283 1600 deducitur.

766 1641 887 1702 Mas
942 1642 1210 1703 Latinum
1272 1659 1454 1702 unum
1522 1641 1988 1722 monosyllabum
2056 1642 2294 1721 repperi
2360 1646 2565 1705 tertiae
2627 1644 3030 1706 declinationis
3094 1646 3180 1705 ris

597 1744 815 1805 faciens
846 1745 1129 1821 genetivo,
1156 1762 1282 1804 mas
1308 1746 1519 1805 maris:
1553 1745 1841 1823 Vergilius
1872 1745 2264 1805 accusativum
2296 1744 2582 1823 pluralem
2613 1745 2850 1807 ‘solve
2883 1750 3178 1809 mares’.

599 1850 821 1909 Graeca
866 1846 1269 1909 indifferenter
1309 1847 1789 1917 declinabuntur,
1848 1852 1905 1907 et
1946 1846 2172 1923 primae
2231 1844 2632 1909 declinationis
2687 1866 2756 1908 ae
2812 1847 3180 1928 diphthongo

523 1968 569 2009 15
598 1950 909 2009 terminato
954 1950 1223 2033 genetivo
1269 1956 1327 2009 et
1367 1949 1573 2010 tertiae
1614 1950 1688 2009 tis
1736 1950 2044 2009 terminato
2090 1950 2392 2025 genetivo,
2441 1950 2643 2010 Mimas
2687 1951 2896 2011 Mimae
2941 1950 3028 2011 vel
3073 1950 3180 2012 Mi-

600 2052 827 2119 mantis,
872 2050 1025 2130 Gyas
1062 2052 1219 2131 Gyae
1266 2050 1353 2111 vel
1389 2053 1645 2131 GyantiS,
1693 2051 1970 2111 Athamas
2007 2050 2285 2112 Athamae
2333 2049 2418 2111 vel
2451 2052 2843 2121 Athamantis:
2888 2054 2944 2112 in
2990 2056 3182 2114 nomi-

600 2154 793 2213 nativo
828 2154 953 2213 sine
994 2171 1031 2211 n
1075 2152 1281 2221 littera,
1330 2155 1387 2213 in
1434 2155 1644 2213 ceteris
1690 2152 1924 2214 casibus
1969 2170 2102 2213 cum
2151 2172 2251 2213 ea:
2295 2155 2380 2213 sic
2421 2152 2608 2213 Pallas
2658 2154 2950 2215 Pallantis,
3043 2174 3182 2216 nam

602 2257 808 2316 mimas
842 2257 897 2315 in
930 2273 1055 2315 mas
1086 2265 1319 2316 acutum
1363 2255 1453 2315 dis
1482 2257 1619 2316 facit
1655 2256 1940 2333 genetivo,
1985 2256 2194 2314 mimas
2223 2254 2508 2325 mimadiS,
2545 2266 2603 2315 et
2647 2255 2853 2316 melius
2893 2266 3186 2335 pereunte

601 2376 629 2417 s
658 2356 850 2417 littera
886 2356 957 2417 de
990 2359 1342 2418 nominativo
1374 2358 1437 2417 tit
1480 2375 1693 2417 nomen
1733 2356 2002 2418 Latinum
2049 2358 2274 2435 primae
2307 2357 2707 2418 declinationis
2749 2378 2818 2419 ae
2849 2360 3184 2435 genetivum

524 2461 953 2527 aoterminanS,
1014 2459 1158 2519 haec
1204 2461 1379 2521 mima
1436 2460 1611 2521 huius
1666 2460 1898 2519 mimae.
1927 2454 1953 2542 Η
1985 2476 2112 2518 mes
2167 2464 2436 2536 correpta
2497 2458 2714 2520 faciunt
2763 2463 3035 2537 genetivo
3087 2464 3184 2533 tis,

600 2559 768 2621 limes
810 2566 1059 2631 trameS,
1118 2560 1313 2621 limitis
1354 2563 1629 2630 tramitis;
1689 2562 1974 2640 producta
2019 2578 2254 2638 semper
2293 2562 2432 2630 mis,
2481 2559 2664 2622 sames
2705 2563 2890 2623 samis,
2957 2564 3184 2625 Graeca

600 2681 835 2741 semper
900 2663 1309 2741 producuntur
1378 2662 1435 2723 et
1503 2671 1603 2723 aut
1652 2665 1764 2723 mis
1829 2662 2052 2723 faciunt
2116 2664 2382 2740 genetivo
2441 2671 2543 2724 aut
2598 2665 2699 2733 tis,
2763 2665 2858 2725 hic
2901 2664 3187 2727 Chremes

602 2763 873 2827 Chremis
918 2772 976 2825 et
1014 2764 1369 2825 Chremetis:
1414 2765 1724 2826 Terentius

906 2870 1120 2928 etiam
1165 2868 1335 2929 inde
1380 2868 1638 2928 abiens
1682 2884 2002 2946 puerum
2049 2868 2358 2928 conveni
2405 2866 2738 2928 Chromis

524 2986 575 3028 25
604 2975 661 3030 et
698 2968 959 3030 ‘iubeo
1003 2970 1529 3031 Chremetem’.
1594 2971 1786 3030 omnia
1833 2971 2010 3047 igitur
2045 2971 2247 3031 tertiae
2279 2980 2410 3031 sunt
2445 2970 2865 3040 declinationis
2905 2974 3186 3050 quoniam

602 3072 649 3132 is
694 3072 919 3133 iaciunt
962 3073 1246 3151 genetivo.
1300 3082 1358 3133 et
1400 3074 1591 3133 inveni
1636 3073 1904 3150 genetivo
1949 3071 2202 3142 Chremi,
2243 3068 2253 3154 1
2295 3078 2351 3132 et
2397 3073 2631 3149 antiqua
2679 3080 2765 3132 est
2807 3075 2956 3134 ratio
3003 3072 3189 3134 decli-

602 3175 853 3235 nationis
896 3174 1085 3235 dativo
1130 3177 1215 3235 uti
1258 3194 1369 3255 pro
1415 3177 1699 3253 genetivo,
1745 3174 2124 3235 ‘infelicis
2170 3174 2404 3235 Vlixi'
2451 3192 2560 3253 pro
2592 3172 2794 3245 Vlixis,
2832 3174 3038 3235 Achilli
3076 3194 3188 3254 pro

601 3275 854 3338 Achillis.
948 3277 1065 3337 ‘ad
1128 3276 1405 3347 bellum
1467 3277 1679 3338 Persi
1733 3278 2336 3339 Macedonicum’
2403 3294 2514 3359 pro
2555 3276 2766 3338 Persis,
2859 3278 2967 3337 mis
3023 3296 3188 3337 com-

604 3380 799 3440 munia
842 3379 1078 3457 quidem
1138 3378 1317 3440 duum
1378 3396 1661 3456 generum
1725 3380 1834 3439 mis
1895 3380 2114 3439 faciunt
2173 3380 2471 3456 genetivo,
2541 3381 2831 3439 unanimis
2881 3378 3186 3451 exanimis,

526 3496 577 3538 ao
604 3481 776 3541 huius
820 3482 1109 3541 unanimis
1167 3483 1468 3541 exanimis.
1559 3478 1808 3540 dicimus
1860 3486 1918 3540 et
1971 3480 2068 3539 hic
2125 3482 2426 3541 exanimus
2483 3488 2538 3541 et
2596 3483 2922 3541 unanimus.
3013 3484 3188 3543 unius

602 3598 745 3657 ergo
790 3584 1024 3658 generis
1062 3582 1297 3643 nomina
1338 3584 1448 3642 mis
1491 3581 1708 3662 syllaba
1749 3583 2057 3643 terminata
2099 3584 2181 3642 ris
2225 3582 2446 3641 faciunt
2501 3584 2798 3660 genetivo,
2859 3582 2952 3643 hic
3005 3586 3188 3645 vomis

600 3683 696 3743 hic
741 3685 1033 3752 cucumiS,
1080 3682 1252 3743 huius
1290 3686 1545 3745 vomeris
1590 3690 1646 3743 et
1692 3684 2044 3744 cucumeris,
2133 3683 2411 3744 Martialis
2467 3702 2598 3743 cum
2647 3702 2862 3762 genere
2921 3688 3187 3748 ‘cucu-

604 3802 871 3845 merem
918 3788 1260 3846 rectum'.
1351 3803 1493 3863 ergo
1538 3787 1733 3847 omnia
1779 3788 1888 3846 mis
1939 3788 2246 3848 terminata
2305 3786 2512 3846 tertiae
2568 3794 2703 3845 sunt
2761 3786 3182 3850 declinationis,

604 3904 730 3947 mos
786 3888 1075 3966 producta
1138 3906 1319 3949 unum
1388 3888 1856 3969 monosyllabum
1925 3890 2129 3950 tertiae
2199 3888 2602 3950 declinationis
2658 3888 2772 3967 legi
2832 3890 2914 3951 ris
2969 3892 3188 3953 faciens

2894 4074 2908 4114 i
2975 4073 3070 4115 suis

742 4128 773 4179 3
811 4130 863 4177 ιΤι
901 4136 1018 4175 ante
1049 4127 1100 4176 B
1132 4142 1162 4174 n
1201 4128 1332 4177 enirn
1361 4140 1475 4177 aute
1518 4130 1889 4179 Lindemanmaes
2031 4130 2063 4179 5
2101 4142 2228 4177 antts
2267 4127 2413 4175 antiis
2453 4142 2539 4175 sus
2577 4128 2685 4175 suis
2723 4140 2756 4183 ς
2793 4142 2921 4179 antis
2957 4144 3110 4179 anum
3145 4132 3188 4178 is

604 4197 807 4259 (deletis
838 4199 1017 4249 litteris
1045 4197 1111 4259 is)
1150 4212 1236 4246 sus
1268 4200 1377 4248 suis
1418 4199 1467 4247 B
1548 4256 1555 4265 .
1607 4202 1635 4249 7
1672 4196 1957 4265 Vergilius]
1999 4198 2129 4247 Aen.
2167 4198 2279 4246 Vlll
2317 4198 2420 4248 409
2519 4196 2552 4247 9
2600 4196 2887 4249 'I'hebaidos
2925 4198 3052 4249 libro
3093 4196 3184 4265 ΙΙΙ]

601 4286 649 4317 v.
686 4270 785 4321 241
934 4267 997 4318 13
1031 4266 1312 4333 Vergilius]
1354 4284 1523 4335 qeorq.
1567 4270 1632 4317 lli
1669 4268 1736 4319 64
1883 4269 1978 4321 «16
2013 4266 2138 4317 Grus
2177 4267 2305 4317 Grae
2344 4267 2420 4315 vel
2453 4266 2654 4317 Grentis
2691 4281 2725 4323 ς
2899 4272 2966 4319 24
3007 4268 3182 4334 etiam]

611 4338 726 4389 Ter.
757 4339 924 4387 Andr.
961 4338 1002 4387 11
1037 4341 1088 4391 2.
1122 4336 1185 4389 31
1330 4340 1397 4389 25
1438 4337 1606 4402 iubeo]
1655 4339 1770 4390 Ter.
1811 4338 1976 4387 Andr.
2018 4339 2085 4386 ΙΙΙ
2121 4334 2172 4401 3,
2213 4337 2228 4385 l
2377 4339 2444 4386 27
2485 4336 2705 4386 infelicis
2743 4338 2871 4387 ulixi
2907 4354 2999 4403 pro
3036 4340 3186 4388 ulicis

604 4408 653 4457 B
690 4410 763 4457 iut
802 4408 964 4458 t'elicis
996 4407 1122 4457 ulixi
1162 4423 1251 4473 pro
1290 4409 1448 4459 ulixis
1478 4424 1557 4471 p:
1596 4409 1752 4473 Ver-9.
1789 4412 1915 4459 Aen.
1956 4409 2018 4457 111
2052 4406 2170 4459 613.
2209 4404 2306 4455 691
2450 4409 2517 4458 28
2554 4408 2616 4455 ad
2649 4407 2859 4474 bellum]
2900 4410 3036 4473 apud
3079 4408 3186 4459 Sal-

604 4477 809 4527 lustium
846 4478 895 4526 in
934 4480 1097 4543 prima
1131 4477 1348 4529 historia
1400 4478 1658 4529 Charisius
1687 4494 1742 4542 p.
1783 4480 1848 4530 52
1879 4496 1892 4525 ε
1925 4478 1992 4539 cf·
2034 4478 2172 4531 1’11sm
2207 4491 2261 4538 Ρ.
2302 4476 2434 4527 1472
2607 4478 2671 4528 31
2721 4476 2804 4527 hic
2837 4481 2999 4528 uomis
3034 4478 3186 4528 huius

601 4549 766 4597 uomis
814 4546 965 4598 huius
1000 4550 1221 4598 uomeris
1271 4550 1516 4600 martialis
1564 4566 1677 4599 cum
1724 4564 1913 4615 genere
1951 4562 2268 4597 cucumerem
2313 4544 2386 4609 (in
2422 4564 2580 4612 maro.
2621 4548 2744 4600 add.
2797 4559 2846 4599 et
2878 4550 3185 4614 cucumeris)

604 4626 791 4665 rectum
832 4616 881 4665 B
933 4617 1012 4666 hic
1052 4619 1213 4668 uomis
1257 4616 1410 4671 huius
1448 4622 1615 4669 uomls
1666 4619 1821 4669 huius
1875 4618 2113 4668 numeris.
2174 4616 2420 4667 Martialis
2471 4633 2584 4666 cum
2631 4634 2816 4682 genere
2863 4630 2910 4666 et
2955 4620 3186 4669 cucumis

603 4696 794 4737 rectum
822 4700 856 4742 ς
892 4684 975 4734 hic
1017 4689 1199 4749 uomis,
1236 4688 1385 4739 huius
1422 4690 1607 4741 uomis.
1647 4688 1799 4739 huius
1837 4688 2080 4741 uomeris‚
2119 4689 2361 4747 cucumis,
2395 4686 2544 4737 huius
2578 4689 2878 4749 cucumeris,
2915 4691 2998 4739 uel
3037 4705 3186 4737 cucu-

604 4757 717 4805 mis,
758 4754 1003 4807 Martialis
1042 4758 1319 4807 masculino
1356 4776 1542 4825 genere
1580 4760 1755 4823 inquo
1784 4774 1875 4809 nec
1906 4759 2134 4808 cucumis
2173 4758 2338 4807 iacere
2376 4768 2541 4807 rectus
2579 4756 2845 4809 Putat-hius
2949 4760 3018 4810 32
3051 4756 3186 4809 Mar·

604 4823 761 4892 tialis]
804 4828 966 4891 epigr.
1006 4826 1072 4875 Xl
1109 4826 1190 4891 18,
1230 4826 1293 4877 10
