3434 5442
655 349 779 410 516
1788 341 2094 425 [senen]

2800 466 2849 507 p.
2878 453 3061 496 sas-so
3086 452 3134 494 1..

639 529 757 590 sed
803 529 1116 612 conpendii
1161 547 1334 592 causa
1378 531 1746 592 institutores
1798 531 1973 592 huius
2029 533 2172 592 artis
2214 534 2275 592 in
2320 531 2561 595 brevem
2607 533 3013 595 definitionem
3057 531 3221 593 colle-

653 641 868 711 gerunt
933 633 1393 695 coniunctiones,
1483 651 1620 695 nam
1687 652 1822 694 cum
1888 641 2267 695 enumeratae
2330 635 2451 695 sint
2510 633 2831 713 plurimae,
2900 634 3052 695 adeo
3116 653 3223 694 non

653 752 858 796 omnes
915 733 1196 797 collectae
1254 743 1417 806 sunt,
1475 743 1542 796 ut
1592 737 1658 797 in
1713 755 1825 798 usu
1881 737 2255 815 reperiantur
2308 753 2458 816 quae
2514 737 2578 796 in
2634 745 2760 798 arte
2816 740 3077 817 scriptae
3120 755 3223 796 non

653 844 816 908 sunt,
873 844 939 898 ut
993 845 1082 899 est
1135 837 1407 899 huiusce:
1465 840 1801 914 coniunctio
1860 846 1949 899 est
2000 856 2150 918 quae
2205 839 2266 898 in
2312 847 2437 900 arte
2482 857 2771 919 nusquam
2816 847 2907 900 est
2952 839 3223 900 adnume-

597 947 802 1000 5.rata.
893 941 1152 1020 quinque
1209 947 1344 1000 sunt
1400 941 1881 1002 coniunctionum
1942 940 2425 1019 significationes:
2488 949 2628 1002 sunt
2668 943 2827 1003 enim
2872 940 3223 1022 copulativae

649 1041 1037 1103 disiunctivae
1083 1039 1407 1121 expletivae
1453 1041 1718 1105 causales
1761 1040 2093 1104 rationales,

818 1142 1190 1224 Copulativae
1244 1144 1433 1206 dictae
1487 1153 1626 1206 sunt
1681 1164 1782 1216 eo,
1840 1145 1995 1226 quod
2054 1163 2292 1206 sensum
2350 1147 2725 1224 coniungant.
2818 1145 3061 1226 quando
3104 1144 3223 1206 dico

538 1263 552 1276 ·
645 1247 790 1325 ‘ego
847 1255 908 1308 et
959 1255 1024 1308 tu
1081 1252 1339 1318 eamus’‚
1399 1247 1561 1308 vides
1614 1248 1770 1326 quod
1829 1249 2165 1309 coniunctio
2224 1265 2463 1309 sensum
2510 1249 2841 1327 coniungit:
2914 1256 3223 1327 utrumque

646 1353 806 1409 enim
849 1350 938 1410 ire
983 1348 1204 1410 debere
1249 1349 1524 1410 ostendit.
1581 1347 1981 1429 disliunctivae
2025 1349 2215 1411 dictae
2260 1357 2423 1423 sunt,
2470 1367 2589 1411 non
2634 1350 2791 1430 quod
2836 1347 3223 1410 elocutionem

569 1468 619 1508 πο
647 1449 1010 1530 disiungant,
1074 1451 1180 1512 sed
1223 1452 1380 1532 quod
1437 1469 1704 1521 sensum,
1762 1457 1828 1512 ut
1881 1468 2015 1512 curn
2059 1451 2308 1514 dicimus
2354 1457 2503 1533 ‘ego
2550 1460 2650 1514 aut
2692 1461 2757 1514 tu
2800 1454 3068 1522 eamus’,
3116 1469 3223 1512 non

645 1559 964 1633 utrumque
995 1553 1102 1614 sed
1146 1553 1396 1615 alterum
1430 1555 1652 1616 iturum
1685 1552 1971 1623 ostendit;
2010 1553 2261 1615 elocutio
2290 1563 2486 1616 tamen
2516 1555 2918 1633 coniungitur.
2968 1559 3223 1612 ceterum

641 1656 692 1716 si
724 1653 1116 1716 elocutionem
1146 1673 1380 1736 quoque
1411 1655 1843 1736 disiungerent,
1886 1674 1983 1716 res
2025 1658 2323 1717 contraria
2362 1657 2689 1728 accideret,
2732 1663 2796 1717 ut
2825 1656 3223 1715 coniunctioni

642 1756 954 1819 disiunctio
980 1757 1346 1820 cohaereret.
1382 1758 1701 1839 expletivae
1726 1757 2001 1820 dicuntur
2030 1760 2495 1830 coniunctiones,
2520 1777 2671 1840 quae
2696 1777 2937 1820 sensum
2972 1755 3221 1837 explent,

641 1878 792 1940 quae
823 1859 980 1940 apud
1005 1861 1262 1922 Graecos
1292 1860 1985 1942 παραπληρωματικοί
2010 1860 2305 1923 dicuntur.
2354 1861 2457 1922 sed
2494 1860 2649 1942 apud
2676 1879 2779 1922 eos
2801 1880 2873 1921 ex
2903 1858 3223 1920 abundanti

567 1981 614 2021 ιε,
641 1969 943 2041 ponuntur
989 1969 1048 2023 et
1090 1971 1364 2024 ornatum
1409 1970 1632 2024 tantum
1679 1961 1928 2034 habent,
1977 1962 2131 2044 apud
2176 1981 2285 2024 nos
2344 1973 2405 2024 et
2446 1964 2755 2024 rationem.
2846 1963 2931 2022 vis
2978 1979 3219 2040 arguere

640 2063 894 2148 aliquem
939 2062 1380 2144 neglegentem,
1429 2071 1488 2126 et
1532 2065 1678 2125 dicis
1733 2062 1820 2125 illi
1865 2062 2033 2144 ‘lege
2058 2067 2107 2124 ’:
2168 2065 2492 2145 obiurgasti
2548 2064 2787 2146 quidem
2842 2083 2985 2124 eum
3030 2062 3219 2140 negle-

639 2175 909 2246 gentem,
955 2165 1112 2248 quod
1143 2183 1262 2228 non
1309 2166 1497 2246 legat,
1545 2166 1651 2228 sed
1696 2184 1819 2227 non
1864 2166 2171 2228 ostendisti
2215 2168 2371 2247 quod
2414 2169 2685 2248 paenitus
2728 2164 2873 2227 nihil
2920 2174 3091 2245 agat;
3135 2166 3221 2225 dic

643 2268 872 2330 ‘saltim
917 2269 1051 2349 lege
1062 2272 1104 2340 ⁹,
1151 2268 1461 2331 ostendisti
1503 2269 1808 2330 hominem
1851 2270 1915 2329 in
1960 2267 2235 2330 omnibus
2278 2268 2709 2349 neglegentem,
2756 2272 2908 2330 ‘nec
2938 2266 3089 2329 illud
3118 2285 3219 2328 nec

635 2370 782 2433 illud
827 2373 980 2450 agiS,
1040 2368 1234 2434 saltim
1279 2371 1394 2432 hoc
1439 2389 1577 2450 age,
1636 2369 1827 2432 saltim
1884 2369 2013 2449 lege
2034 2377 2072 2432 ’.
2160 2370 2356 2433 addita
2400 2371 2548 2432 haec
2592 2371 2933 2432 coniunctio
2979 2369 3221 2449 explevit

559 2463 611 2532 26
636 2472 782 2535 illud
849 2472 1007 2555 quod
1073 2475 1270 2534 minus
1337 2482 1482 2536 erat.
1569 2475 1729 2534 inter
1795 2473 2057 2534 causales
2124 2481 2184 2534 et
2246 2473 2567 2536 rationales
2640 2471 2890 2534 multum
2956 2475 3217 2533 interest.

637 2577 830 2656 primo
877 2577 1033 2637 scire
1077 2574 1362 2638 dehemus
1407 2575 1567 2638 aliud
1612 2593 1743 2636 esse
1787 2593 2042 2648 causam,
2091 2575 2247 2636 aliud
2290 2578 2601 2637 rationem.
2688 2593 2864 2636 causa
2918 2583 3013 2636 est
3076 2594 3217 2655 quae

637 2679 798 2757 cogit
841 2677 913 2738 ad
969 2677 1187 2757 aliquid
1233 2678 1599 2750 faciendum,
1645 2679 1797 2739 ratio
1843 2697 1958 2758 qua
2002 2679 2223 2739 utimur
2264 2679 2323 2738 in
2368 2677 2667 2739 faciendo:
2712 2685 2779 2738 ut
2809 2683 2953 2757 puta
2984 2678 3036 2737 si
3065 2677 3217 2738 dicas

643 2785 662 2812 ‘
681 2780 888 2840 occido
933 2779 1234 2842 hominem
1281 2789 1340 2842 et
1381 2779 1524 2842 tollo
1571 2783 1694 2842 eius
1739 2780 2129 2841 hereditatem
2144 2783 2187 2852 ⁹,
2236 2799 2409 2842 causa
2440 2788 2547 2842 est.
2606 2781 2755 2841 ratio
2798 2787 2891 2840 est
2932 2798 3051 2860 qua
3094 2781 3215 2859 quis

635 2883 816 2943 utitur
870 2884 934 2942 in
993 2882 1293 2944 faciendo:
1370 2901 1487 2964 quo
1543 2883 1720 2944 modo
1776 2901 1914 2945 eum
1970 2882 2157 2944 debeo
2203 2884 2514 2945 occidere?
2573 2901 2826 2952 veneno,
2872 2881 3069 2952 ferro,
3114 2899 3213 2961 per

559 3003 610 3046 25
640 2984 893 3046 mediam
953 2991 1216 3055 noctem,
1273 3003 1382 3065 per
1426 2985 1623 3062 diemss
1665 3004 1783 3067 quo
1826 2987 1885 3046 in
1931 2983 2098 3046 loco?
2157 2987 2430 3066 quotiens
2474 3003 2619 3065 ergo
2676 2984 2751 3046 de
2796 3001 2973 3058 causa
3018 2983 3211 3064 loque-

634 3089 748 3158 riS,
815 3085 1033 3148 causali
1088 3095 1290 3157 utere;
1349 3090 1618 3167 quotiens
1677 3087 1751 3148 de
1805 3091 2060 3159 ratione,
2117 3086 2389 3150 rationali
2444 3096 2634 3149 utere.
2724 3088 2810 3146 ‘si
2852 3084 3021 3147 illum
3065 3089 3211 3146 occi·

633 3189 798 3259 dam,
865 3186 1008 3250 tollo
1075 3190 1204 3251 eius
1267 3189 1657 3252 hereditatem
1678 3192 1728 3250 ἰ
1800 3192 1849 3252 si
1908 3189 2154 3251 causalis
2210 3197 2326 3262 est,
2384 3189 2537 3250 bene
2582 3189 2780 3250 dixisti
2834 3191 2903 3249 si.
2998 3187 3209 3248 ‘debeo

633 3308 858 3352 veneno
903 3291 1210 3363 occidere,
1260 3291 1448 3353 debeo
1495 3291 1680 3363 clam,
1730 3310 1876 3373 ergo
1921 3292 2183 3354 latebo':
2231 3293 2507 3370 quoniam
2554 3309 2695 3370 ergo
2741 3291 3081 3352 coniunctio
3124 3309 3207 3350 ra·

630 3393 866 3455 tionalis
911 3400 1029 3464 est,
1075 3393 1228 3454 bene
1274 3393 1490 3456 dixisti.
1581 3393 1725 3455 illud
1772 3402 1968 3455 tamen
2024 3396 2177 3455 scire
2221 3393 2536 3465 debemus„
2595 3393 2750 3473 quod
2796 3391 2901 3453 uhi
2946 3401 3085 3456 sunt
3124 3411 3207 3453 ra-

553 3515 605 3556 so
634 3493 909 3566 tionaleS,
959 3497 1134 3558 etiam
1181 3495 1444 3559 causales
1489 3515 1619 3558 esse
1661 3503 1941 3577 possunt;
1998 3496 2103 3557 ubi
2146 3504 2341 3558 autem
2392 3498 2401 3575 Ι
2440 3493 2704 3556 causales
2747 3501 2915 3566 sunt,
2961 3497 3208 3556 rationa-

629 3597 716 3658 les
771 3617 900 3659 esse
957 3616 1077 3659 non
1131 3607 1395 3678 possunt.
1488 3608 1547 3660 et
1599 3601 1751 3660 ratio
1807 3599 2113 3660 manifesta
2170 3605 2286 3670 est,
2346 3599 2480 3678 quia
2538 3596 2640 3659 ubi
2696 3605 2786 3658 est
2840 3615 3052 3670 causa,
3098 3616 3210 3658 non

629 3701 825 3762 statim
867 3702 1022 3761 inest
1064 3701 1246 3772 ratio;
1291 3700 1396 3763 ubi
1439 3709 1634 3764 autem
1681 3709 1771 3763 est
1811 3703 1993 3772 ratio,
2041 3702 2157 3762 iam
2203 3701 2314 3761 suit
2356 3719 2549 3763 causa.

793 3801 1058 3864 Diximus
1125 3801 1282 3882 quod
1340 3805 1453 3865 tria
1509 3803 1787 3865 accidunt
1843 3805 2274 3874 coniunctioni,
2321 3809 2581 3883 potestas
2634 3803 2821 3880 figura
2883 3802 3056 3864 ordo.
3144 3803 3209 3864 de

631 3911 919 3986 potestate
965 3907 1363 3968 tractavimus.
1425 3907 1612 3984 figura
1659 3905 1874 3968 accidit
1917 3903 2200 3984 simplex,
2245 3912 2313 3966 ut
2354 3922 2520 3975 nam,
2570 3907 2892 3983 conposita,
2940 3914 3009 3967 ut
3052 3923 3208 3966 nam-

553 4031 604 4072 35
633 4026 768 4088 que.
858 4006 1004 4068 ordo
1061 4009 1539 4070 coniunctionum
1613 4009 2067 4070 sollicitudinem
2121 4008 2370 4088 quaerit.
2456 4014 2597 4067 sunt
2652 4025 2910 4087 namque
2968 4012 3210 4069 coniun-

630 4110 858 4170 ctiones
901 4128 1051 4188 quae
1095 4127 1332 4190 semper
1377 4119 1855 4191 praeponuntur,
1914 4118 2050 4172 sunt
2092 4129 2243 4189 quae
2286 4127 2523 4189 semper
2566 4117 3035 4190 postponuntur,
3082 4118 3210 4171 sunt

627 4229 776 4292 quae
822 4218 880 4272 et
921 4214 1210 4291 praeponi
1253 4220 1314 4272 et
1353 4215 1629 4293 postponi
1671 4220 1947 4293 possunt:
2010 4219 2068 4273 et
2112 4219 2285 4293 atque
2330 4219 2418 4274 ast
2462 4229 2699 4292 semper
2742 4219 3206 4291 praeponuntur,

625 4332 740 4394 que
796 4321 856 4374 et
909 4322 1105 4375 autem
1166 4333 1403 4395 semper
1455 4324 1919 4396 postponuntur:
1998 4323 2137 4376 sunt
2191 4333 2341 4396 quae
2397 4312 2675 4396 mediam·
2718 4314 3204 4393 significationem

624 4414 877 4488 habent,
926 4425 991 4478 ut
1033 4418 1232 4496 igitur.

764 4589 797 4638 4
829 4588 1038 4639 huiusce
1073 4587 1177 4637 LF
1199 4588 1354 4639 husee
1389 4591 1433 4642 S
1570 4590 1901 4641 adnumerata
1936 4590 1981 4640 S
2014 4597 2345 4639 annumerata
2374 4587 2426 4638 F
2452 4597 2747 4639 enumerata
2778 4589 2827 4638 L
2968 4588 3007 4640 9
3042 4589 3201 4639 elocu-

625 4656 812 4707 tionem
849 4657 936 4708 FS
965 4659 1270 4709 locutionem
1310 4659 1357 4708 L
1525 4659 1587 4711 12
1625 4675 1826 4724 quoque
1860 4675 1951 4711 om.
1995 4657 2071 4720 L,
2114 4660 2237 4710 add.
2268 4659 2362 4710 ΕΒ
2532 4659 2597 4708 14
2642 4659 3128 4725 parapleromaticoe
3154 4658 3201 4708 L

624 4724 1063 4791 parapleromatici
1095 4728 1144 4776 F
1279 4729 1373 4779 sed
1402 4729 1541 4792 apud
1571 4745 1658 4780 eos
1683 4732 1727 4782 S
1754 4731 1846 4780 sed
1874 4729 2012 4796 apud
2045 4743 2137 4778 nos
2176 4729 2335 4792 (corr.
2365 4744 2454 4780 eos
2486 4731 2527 4792 1)
2563 4729 2668 4779 LF
2803 4729 2873 4781 19
2908 4731 3071 4780 saltim
3104 4728 3197 4778 hoc

623 4809 721 4861 age
764 4795 933 4845 saltim
977 4795 1094 4862 lege
1128 4795 1222 4847 FS
1250 4798 1430 4848 saltem
1467 4797 1564 4848 hoc
1609 4815 1708 4868 age
1747 4800 1907 4851 salem
1946 4799 2061 4866 lege
2092 4799 2142 4849 L
2308 4801 2377 4850 24
2412 4815 2505 4866 per
2534 4798 2756 4849 mediam
2798 4809 2999 4850 noctem
3034 4801 3075 4852 S
3100 4813 3193 4865 per

623 4880 706 4914 me
739 4873 893 4914 noctu
917 4865 968 4914 L
1003 4881 1095 4931 per
1127 4875 1278 4916 noctu
1303 4867 1352 4914 F
