3434 5442
1139 372 1557 435 CATHOLICA
1601 374 1628 435 Ι
1665 372 1915 437 38-40
2740 374 2817 437 19

332 498 377 538 ρ.
411 484 612 528 taso-az
641 487 692 528 P.
2321 484 2333 503 ‘
2406 502 2452 545 p.
2486 490 2643 532 ωηο
2668 490 2717 535 1..

225 558 462 618 eundae
507 565 680 619 erunt
725 558 1146 627 declinationis,
1193 558 1392 638 lageos
1435 558 1618 638 lagei:
1695 561 1987 637 Vergilius
2036 563 2467 641 ‘tenuisque
2512 561 2816 640 lageos’,

225 658 528 736 Vergilius
569 660 913 740 Androgeos
955 662 1268 736 Androgei.
1359 664 1472 724 hoc
1537 661 1916 743 producitur:
1992 678 2126 723 nam
2194 662 2290 724 illa
2353 654 2823 747 corripiuntur]

227 762 446 821 omnia·
475 761 622 823 haec
673 765 735 822 in
789 764 1056 842 genetivo
1088 780 1122 825 ο
1167 770 1301 825 ante
1344 766 1716 826 novissimam
1762 764 2014 825 litteram
2060 772 2160 825 aut
2190 766 2514 844 corripient
2556 772 2655 827 aut
2690 784 2817 828 eam

227 864 286 923 in
329 862 352 923 i
396 862 726 925 mutabunt.
793 882 866 925 us
909 882 1056 944 pura
1102 868 1431 935 terminata,
1479 868 1526 927 si
1570 866 1588 926 i
1631 872 1767 927 ante
1806 884 1871 927 se
1914 865 2246 935 habuerint,
2295 870 2563 943 genetivo
2607 868 2821 929 facient

227 964 378 1025 duas
418 965 458 1035 i,
496 947 798 1027 'secundae
841 966 1062 1029 scilicet
1099 967 1529 1037 declinationis,
1577 968 1865 1046 Vergilius
1896 967 2152 1046 Vergilii,
2187 968 2495 1029 Terentius
2524 968 2815 1037 Terentii:
2870 999 2895 1036 5

226 1067 318 1127 sin
367 1064 614 1132 alteram
657 1067 939 1137 vocalem,
985 1088 1100 1131 una
1145 1071 1181 1137 i,
1229 1078 1294 1131 ut
1335 1070 1556 1131 arduus
1599 1070 1786 1138 ardui,
1834 1069 2091 1131 carduus
2136 1071 2355 1131 cardui.
2434 1072 2449 1130 i
2496 1088 2639 1149 ergo
2684 1079 2819 1132 ante

227 1186 298 1227 us
347 1168 657 1239 habentia,
717 1172 766 1232 si
820 1173 1062 1250 propria
1123 1172 1370 1241 fuerint,
1429 1174 1686 1233 vocativo
1746 1173 1766 1231 i
1821 1172 2321 1251 terminabuntur,
2382 1179 2449 1233 ut
2502 1190 2539 1231 o
2584 1172 2817 1250 Vergili,

227 1288 266 1329 o
309 1270 586 1341 Terenti:
650 1275 739 1334 sin
784 1272 1158 1351 appellativa,
1209 1294 1240 1334 e
1285 1281 1591 1353 correpto,
1653 1294 1689 1334 o
1734 1276 2002 1352 egregie3
2072 1275 2333 1353 exceptis
2388 1274 2819 1353 comparativis,

226 1390 384 1452 quae
425 1374 640 1435 tertiae
683 1382 819 1435 sunt
866 1374 1266 1438 declinationis
1319 1377 1404 1437 ris
1451 1377 1718 1454 genetivo
1778 1377 2074 1446 facientia,
2130 1381 2197 1437 ut
2250 1376 2363 1437 hoo
2398 1378 2595 1437 carius
2648 1377 2823 1437 huius

227 1476 511 1545 carioris,
559 1478 670 1537 hoc
708 1480 918 1538 melius
952 1480 1130 1539 huius
1171 1476 1447 1539 melioris
1535 1479 1733 1539 omnia
1790 1486 1985 1539 tamen
2039 1478 2431 1557 comparativa
2478 1496 2547 1537 us
2598 1475 2897 1558 syllabam

223 1578 548 1638 terminata
613 1580 848 1656 generis
917 1580 1033 1640 sint
1093 1580 1288 1640 neutri
1351 1596 1594 1640 necesse
1647 1587 1755 1642 est.
1844 1596 1951 1641 aus
2002 1581 2312 1641 terminata
2372 1580 2583 1641 tertiae
2648 1586 2823 1642 erunt

227 1678 656 1750 declinationis,
705 1678 794 1740 dis
838 1681 1056 1741 faciunt
1097 1683 1382 1757 genetivo,
1431 1680 1557 1741 laus
1601 1680 1809 1750 laudis,
1858 1681 2023 1742 fraus
2066 1680 2305 1743 fraudis.
2382 1698 2486 1741 eus
2528 1682 2823 1743 secundae

225 1788 370 1841 sunt
413 1780 836 1851 declinationis,
888 1783 907 1842 i
951 1782 1171 1843 faciunt
1213 1784 1499 1861 genetivo,
1548 1783 1785 1863 Tydeus
1834 1782 2033 1863 Tydei,
2080 1781 2295 1844 Peleus
2336 1782 2513 1844 Pelei.
2590 1801 2691 1845 vos
2732 1782 2821 1845 vel

227 1900 338 1941 vus
381 1883 680 1944 secundae
723 1890 862 1944 sunt
913 1883 1346 1954 declinationis,
1395 1885 1412 1944 i
1455 1882 1678 1945 faciunt
1729 1886 2027 1961 genetivo,
2082 1885 2431 1962 hie-cervos
2476 1883 2567 1947 vel
2614 1902 2822 1947 cervus

227 1983 408 2045 huius
451 1988 630 2054 cervi,
671 2002 882 2046 nervos
923 1985 1014 2046 vel
1059 2002 1276 2047 nervus
1318 1985 1495 2047 huius
1539 1988 1722 2057 nervi,
1772 1994 1829 2047 et
1869 1988 2033 2067 siqua
2076 1988 2232 2048 talia.
2848 2012 2896 2052 ιε

401 2087 516 2147 Vas
557 2088 864 2161 terminata
907 2089 1114 2148 tertiae
1167 2094 1306 2149 sunt
1358 2086 1791 2158 declinationis,
1852 2090 1931 2149 sis
1982 2088 2073 2149 vel
2114 2088 2205 2149 dis
2254 2089 2477 2149 faciunt
2532 2090 2817 2166 genetivo,

225 2204 327 2247 vas
361 2190 550 2283 rasis:
607 2188 920 2251 Terentius
983 2190 1150 2251 ‘nec
1210 2208 1331 2265 vas
1391 2207 1524 2251 nec
1591 2192 2163 2259 vestimentum’;
2225 2208 2327 2251 vas
2364 2190 2552 2251 vadis:
2612 2192 2818 2253 Cicero

221 2293 602 2370 ‘tanquam
649 2292 874 2361 vade',
921 2298 982 2353 et
1025 2294 1192 2373 siqua
1235 2292 1389 2355 talia.
1481 2310 1580 2353 ves
1633 2294 1829 2353 omnia
1873 2294 2273 2370 corripiuntur
2330 2299 2389 2353 et
2430 2300 2569 2354 sunt
2610 2294 2818 2355 tertiae

223 2391 638 2453 declinationis
669 2394 739 2452 tis
775 2394 1044 2461 facientia
1089 2396 1375 2473 genetivo,
1425 2400 1490 2456 ut
1525 2392 1685 2455 dives
1715 2395 1923 2463 divitis,
1968 2402 2025 2455 et
2062 2395 2227 2475 siqua
2268 2394 2423 2456 talia.
2488 2396 2573 2457 vis
2610 2398 2817 2457 tertiae

221 2501 364 2555 sunt
405 2492 812 2556 declinationis
851 2497 900 2556 is
942 2498 1208 2573 genetivo
1253 2497 1557 2566 facientia,
1601 2497 1751 2559 haec
1795 2498 1954 2557 navis
1998 2496 2179 2557 huius.
2214 2498 2405 2565 navis:
2460 2482 2815 2559 nominativo
2840 2519 2893 2561 ao

223 2594 442 2675 plurali
474 2612 574 2656 ves
613 2596 906 2675 producto
947 2598 1186 2667 faciunt,
1229 2598 1340 2660 hae
1375 2618 1568 2669 naves,
1609 2605 1857 2677 excepto
1886 2616 2026 2668 uno,
2064 2598 2222 2679 quod
2256 2599 2392 2660 facit
2420 2618 2517 2660 res
2550 2602 2816 2661 nomina·

221 2698 338 2758 tivo
367 2697 600 2776 plurali,
632 2698 778 2760 haec
806 2700 891 2759 vis
919 2698 1094 2761 huius
1121 2702 1210 2761 vis
1239 2700 1350 2764 hae
1381 2702 1552 2763 vires,
1613 2700 1923 2761 Lucretius
1959 2708 2151 2761 tamen
2180 2718 2431 2762 numero
2460 2702 2674 2781 plurali
2702 2700 2815 2762 hae

218 2802 306 2861 vis
340 2806 400 2861 et
420 2800 528 2862 bas
548 2803 655 2871 vis,
687 2808 751 2861 ut
779 2802 852 2861 sit
877 2818 1094 2863 nomen
1117 2804 1272 2864 vires
1299 2821 1550 2866 numero
1579 2821 1821 2882 semper
1845 2800 2057 2882 plurali
2086 2808 2145 2863 et
2164 2801 2277 2863 hae
2296 2804 2385 2863 vis
2412 2802 2517 2864 lias
2538 2805 2623 2865 vis
2652 2821 2687 2863 o
2710 2806 2811 2875 vis,

219 2920 394 2963 casus
427 2902 656 2965 habens
697 2904 754 2963 in
797 2921 1048 2965 numero
1094 2904 1302 2983 plurali
1339 2913 1482 2969 tres.
1555 2906 1843 2984 excipitur
1880 2922 2085 2974 unum,
2132 2904 2290 2983 quod
2334 2905 2417 2966 ris
2452 2904 2592 2965 facit
2630 2924 2810 2983 gene·

219 3007 367 3076 tivo,
415 3004 517 3066 hic
561 3002 756 3085 pulvis
799 3005 972 3066 huius
1015 3005 1304 3086 pulveris»,
1365 3026 1614 3070 numero
1659 3024 1897 3086 semper
1948 3005 2246 3084 singulari.
2336 3004 2443 3067 bas
2495 3007 2803 3067 terminata
2832 3028 2884 3069 κ

217 3108 446 3169 Graeca
483 3114 637 3177 sunt,
683 3108 838 3169 unde
871 3110 919 3169 si
961 3109 1118 3186 apud
1161 3108 1296 3170 illos
1332 3112 1598 3188 genetivo
1635 3131 1735 3181 τος
1774 3110 1785 3191 Ι
1822 3110 2088 3177 fecerint,
2131 3108 2286 3187 apud
2330 3125 2439 3169 nos
2480 3109 2553 3168 tis
2596 3110 2804 3171 tertiae

215 3208 652 3281 declinationiS,
705 3208 800 3270 hie
837 3209 993 3271 Abas
1037 3210 1219 3272 huius
1262 3211 1534 3281 Abantis:
1605 3230 1742 3272 nam
1796 3210 1949 3289 apud
2006 3208 2137 3271 illos
2164 3204 2485 3288 ’Ἀβαντοςε
2547 3210 2595 3270 si
2648 3211 2803 3291 apud

215 3310 350 3371 illos
385 3310 516 3389 βου,
563 3311 720 3391 apud
751 3330 860 3372 nos
901 3312 1030 3380 bae,
1075 3315 1304 3392 primae
1345 3312 1568 3375 scilicet
1595 3312 2023 3382 declinationi&
2066 3311 2269 3373 Iarbas
2302 3310 2537 3373 larbae:
2578 3300 2810 3390 Ἰἇρβου

215 3414 374 3475 enim
421 3412 577 3474 facit.
649 3412 754 3474 bes
797 3419 1106 3475 terminata
1148 3415 1434 3493 producta
1479 3422 1616 3477 sunt
1658 3432 1896 3493 semper
1941 3414 2147 3475 tertiae
2190 3413 2631 3475 declinationis:
2674 3432 2807 3475 nam

215 3516 308 3575 bis
349 3514 575 3577 faciunt
607 3516 892 3595 genetivo,
925 3516 1073 3578 haec
1103 3512 1131 3601 ΙΙ
1159 3516 1321 3578 labes
1355 3516 1530 3580 huius
1559 3516 1725 3587 tabis,
1765 3518 1917 3577 haec
1946 3516 2127 3577 nubes
2163 3517 2339 3576 huius
2376 3516 2566 3577 nubis.
2624 3534 2807 3579 unum
2834 3536 2888 3579 ao

215 3625 562 3697 correptum
631 3620 870 3697 repperi
928 3625 987 3679 et
1041 3620 1234 3697 ipsum
1291 3620 1498 3679 tertiae
1543 3618 1949 3681 declinationis
2004 3624 2063 3679 et
2106 3619 2189 3679 ris
2255 3618 2477 3679 faciens
2520 3621 2805 3705 genetivo,

211 3719 308 3781 hic
353 3726 414 3779 et
441 3719 592 3779 baec
631 3726 688 3781 et
721 3720 836 3781 hoc
876 3720 1066 3800 pubes
1109 3719 1282 3781 huius
1323 3718 1584 3797 puberis.
1651 3722 1740 3783 sic
1770 3717 1975 3801 Aquila
2022 3717 2244 3781 rettulit
2268 3717 2527 3781 Tullium
2566 3720 2802 3789 dixisse,

211 3838 395 3903 quam
443 3819 894 3883 declinationem
937 3830 1174 3883 secutus
1208 3820 1522 3883 Sallustius
1547 3824 1610 3882 in
1642 3822 1925 3903 Iugurtha
1968 3822 2321 3900 ‘puberes
2367 3824 2807 3885 interfecit’.

357 4016 384 4068 1
426 4017 608 4083 lagena
643 4016 778 4084 lagei
813 4018 867 4069 B
970 4018 1310 4085 Vergilius—
1341 4019 1374 4069 4
1413 4018 1676 4071 mutabunt
1709 4019 2065 4082 superscripta
2098 4026 2213 4069 sune
2248 4022 2299 4068 in
2328 4016 2381 4067 B
2512 4016 2805 4085 tenuisque]

202 4089 380 4154 'Ver-q.
413 4102 594 4153 aeora.
637 4089 676 4137 lt
716 4088 785 4139 93
947 4088 978 4137 2
1015 4088 1304 4155 androgeus
1341 4090 1588 4155 androgei
1622 4089 1673 4140 B
1838 4088 1872 4141 3
1908 4103 1939 4139 ο
1973 4104 2064 4139 om.
2104 4088 2169 4137 B.
2224 4090 2529 4154 Androgeos
2563 4098 2805 4152 correpta

207 4162 380 4210 ultima
413 4158 617 4224 syllaba
641 4158 939 4220 probavisse
973 4158 1169 4209 videtur
1201 4161 1245 4210 is
1270 4160 1356 4225 qui
1385 4159 1512 4211 haec
1544 4159 1831 4221 adacm'psit,
1865 4162 1995 4209 sicut
2030 4166 2105 4209 eat
2140 4160 2188 4209 in
2213 4160 2384 4209 codice
2412 4158 2629 4209 Char-tait·
2654 4174 2708 4223 p.
2738 4158 2799 4209 71

353 4228 420 4279 to
465 4228 564 4277 hoc
597 4229 779 4278 melius
811 4226 965 4277 huius
1015 4244 1108 4281 om.
1148 4228 1200 4278 B
1373 4229 1439 4281 14
1487 4228 1572 4279 hic
1606 4244 1788 4280 ceruus
1826 4228 1905 4277 nel
1943 4242 2124 4277 ceruos
2174 4230 2225 4279 B
2401 4228 2461 4279 17
2508 4226 2799 4293 Terentius]

207 4300 450 4349 Heauton
489 4300 586 4348 eim.
631 4299 648 4347 t
691 4299 737 4357 1,
769 4296 838 4348 89
945 4304 956 4312 ”
1013 4299 1272 4351 ciceronis
1315 4299 1471 4350 verba
1517 4299 1590 4348 ad
1632 4306 1769 4348 orat.
1814 4314 1870 4362 p.
1915 4298 2048 4349 Sest.
2084 4298 2134 4359 8,
2184 4298 2243 4349 19
2292 4306 2347 4347 ut
2392 4298 2479 4347 illo
2528 4298 2802 4363 supercilio

207 4384 374 4421 annus
413 4367 504 4418 ille
541 4368 630 4417 niti
667 4376 926 4432 tamquam
973 4368 1104 4418 vade
1141 4370 1398 4419 videretur
1438 4372 1696 4433 pertinere
1742 4369 1911 4419 docuit
1947 4368 2236 4433 Madvigius
2284 4382 2455 4431 opusc.
2502 4368 2652 4418 acad.
2694 4370 2711 4417 l
2744 4382 2799 4431 p.

205 4440 301 4489 451
333 4455 346 4487 :
388 4439 460 4503 cf.
499 4438 641 4504 infr-a
671 4452 725 4503 p.
769 4438 904 4489 1475
1049 4439 1114 4489 18
1149 4450 1402 4503 tamquam
1441 4454 1577 4492 corr.
1619 4448 1857 4503 tanquam
1896 4440 1946 4489 B
2114 4438 2182 4488 22
2220 4437 2432 4487 lucetius
2468 4438 2549 4489 B:
2586 4439 2797 4489 Luc-ree.

209 4511 246 4559 tt
283 4508 408 4569 586.
447 4508 512 4557 ttt
545 4508 646 4559 265
676 4523 689 4556 :
719 4508 788 4571 ef.
829 4510 1083 4563 Pn'sm'an.
1121 4524 1174 4573 p.
1217 4508 1316 4561 707
1494 4510 1562 4561 23
1607 4509 1705 4559 hae
1744 4511 1879 4559 uires
1921 4513 2083 4571 (corr,
2124 4507 2235 4571 uis)
2284 4517 2332 4557 et
2376 4507 2468 4557 has
2502 4510 2584 4559 uis
2613 4510 2667 4559 B

206 4580 268 4629 24
305 4590 413 4629 tres
451 4592 488 4635 ς
538 4588 669 4631 etres
705 4578 754 4627 B
927 4578 995 4630 28
1049 4581 1220 4630 iarbas
1263 4580 1476 4630 hiarbae
1511 4580 1566 4629 B
1738 4577 1807 4628 30
1854 4577 1980 4628 haec
2018 4578 2178 4627 nubes
2214 4577 2367 4627 huius
2410 4592 2502 4632 om,
2542 4579 2595 4631 B
2732 4576 2799 4629 32

210 4647 382 4715 pubes]
433 4650 694 4699 Priscian.
729 4663 786 4711 p.
827 4648 926 4698 707
1066 4649 1134 4702 33
1172 4651 1220 4699 in
1259 4648 1520 4716 Iugurtha]
1561 4648 1626 4699 54
1665 4650 1884 4715 puberes
1926 4648 2135 4697 interfici
2174 4648 2329 4703 iubet,
2368 4664 2497 4713 quae
2532 4649 2597 4699 de
2630 4650 2801 4699 eodem

207 4720 444 4769 vocabulo
480 4720 746 4782 disputans
775 4719 1054 4782 adscripsit
1087 4720 1294 4769 Servius
1322 4724 1372 4770 in
1417 4722 1573 4784 Ver-9.
1613 4724 1744 4772 Aen.
1786 4719 1829 4767 V
1867 4719 1987 4770 546.
2026 4719 2145 4768 ibid.
2186 4733 2229 4768 c.
2262 4718 2330 4769 26
2368 4734 2542 4769 onmes
2580 4720 2798 4785 puberes

210 4790 456 4839 Numidas
511 4814 574 4825 —
637 4788 872 4841 interficit
1047 4789 1268 4854 puberes
1339 4799 1426 4839 aut
1489 4790 1741 4839 interfecit
1802 4803 1837 4846 ς
1908 4790 2129 4855 puberes
2192 4791 2262 4837 ait
2328 4788 2577 4839 interfecit
2646 4790 2800 4839 editio

211 4862 542 4911 Arcen-dana.
851 4874 866 4886 ’
1685 4860 1694 4866 ’

2301 4944 2395 5004 2*
