3434 5442
37 5360 325 5408 ss—hr

610 299 691 360 74
1790 297 2018 360 PROBt

656 437 663 442 .
714 427 759 468 p.
796 415 887 456 184.
909 414 959 456 ss
986 414 1039 454 ιι.
2766 427 2810 467 p.
2844 413 3013 456 26¹..oe
3041 411 3095 453 v.

610 487 931 550 deminutio
978 486 1281 548 nominum
1324 492 1441 554 est,
1489 485 1726 565 quando
1783 505 1854 546 ex
1897 487 2024 566 ipsa
2069 487 2358 564 positione
2403 486 2706 548 nominum
2763 504 2878 546 una
2928 503 3202 566 quaeque

610 607 709 650 res
750 588 1067 658 breviatur,
1104 596 1169 648 ut
1194 593 1337 667 puta
1380 607 1411 648 a
1444 598 1641 648 monte
1684 587 2058 656 monticulus,
2108 606 2140 647 a
2179 587 2338 648 fonte
2382 587 2716 648 fonticulus,
2777 587 2863 652 sic
2907 595 2968 648 et
3005 593 3203 647 cetera

612 691 1025 754 deminutionis
1070 689 1481 758 dinoscuntur,
1540 707 1675 750 cum
1721 709 1754 750 a
1809 708 1913 752 sua
1972 691 2262 768 positione
2307 689 2665 752 breviantur.
2756 707 2916 751 nunc
2971 695 3030 750 et
3085 688 3201 758 hic,

610 795 696 856 sic
738 794 822 854 uti
866 799 921 853 et
958 793 1019 854 in
1064 791 1349 872 gradibus
1390 791 1755 861 conlationis,
1807 792 2300 854 considerandum
2338 799 2441 862 est,
2491 791 2652 872 quod
2695 809 2812 853 non
2859 791 3056 851 omnia
3097 808 3204 850 no-

558 920 584 960 5
612 896 770 958 mina
812 912 920 974 per
963 911 1169 956 omnes
1214 895 1453 954 ordines
1494 911 1732 972 semper
1776 900 2174 974 perseverant,
2265 895 2560 956 interdum
2608 896 2767 956 enim
2822 894 3205 954 inveniuntur

609 997 879 1066 nomina,
934 1015 1085 1078 quae
1127 995 1184 1080 iq
1228 997 1519 1075 positione
1571 1002 1631 1057 et
1684 996 2044 1058 derivatione
2101 1003 2326 1057 tantum
2383 997 2498 1058 sint
2545 997 2888 1066 constituta,
2947 1003 3014 1055 ut
3060 1001 3204 1073 puta

608 1108 807 1183 pater,
872 1104 1155 1177 paternus
1215 1107 1273 1158 et
1328 1098 1584 1177 patrius;
1658 1117 1776 1179 qua
1832 1099 2059 1160 ratione
2109 1097 2403 1176 Vergilius
2461 1100 2791 1184 ‘patrius
2847 1101 3089 1158 amor'
3147 1104 3208 1158 et

609 1201 922 1262 Terentius
964 1201 1328 1279 ‘patrium
1368 1203 1968 1264 monumentum?
2027 1200 2342 1262 dicendum
2387 1217 2517 1262 esse
2561 1206 2954 1262 censuerunt:
3017 1201 3204 1260 inter-

609 1303 749 1364 dum
797 1304 855 1364 in
886 1301 1177 1381 positione
1207 1307 1266 1362 et
1298 1302 1696 1363 deminutione
1740 1308 1986 1370 tantum,
2035 1310 2098 1362 ut
2133 1309 2274 1381 puta
2317 1302 2496 1372 caniS,
2543 1301 2792 1363 catulus.
2857 1301 3206 1383 frequenter

534 1427 585 1472 ιιι
612 1422 751 1468 vero
794 1424 904 1486 per
947 1421 1153 1465 omnes
1198 1404 1436 1483 ordines
1479 1411 1878 1483 perseverant,
1928 1409 1990 1464 ut
2031 1411 2172 1483 puta
2216 1421 2407 1474 mons,
2455 1404 2712 1465 montius
2754 1401 2846 1464 vel
2889 1409 3206 1464 montanus

610 1514 669 1568 et
710 1502 1098 1589 monticullus.
1190 1523 1347 1568 nunc
1390 1513 1450 1566 et
1493 1505 1587 1566 hic
1632 1507 1967 1586 quaeritur,
2031 1525 2146 1587 qua
2202 1506 2276 1567 de
2320 1525 2494 1568 causa
2551 1523 2670 1566 non
2715 1507 2906 1566 omnia
2964 1506 3205 1566 nomina

609 1627 717 1688 per
762 1626 968 1670 omnes
1014 1607 1251 1668 ordines
1291 1625 1525 1686 semper
1568 1614 1968 1686 perseverant,
2049 1625 2232 1687 quare
2269 1608 2383 1669 hoc
2423 1625 2752 1676 monemus,
2797 1608 2884 1668 sic
2927 1609 3013 1668 uti
3049 1613 3107 1667 et
3146 1608 3204 1666 in

612 1711 1051 1790 comparatione
1098 1709 1451 1778 monuimus,
1502 1709 1657 1788 quod
1704 1709 2034 1770 eorundem
2079 1726 2257 1771 sonos
2299 1728 2432 1771 cum
2471 1708 2712 1794 syllabis
2757 1716 2816 1770 et
2857 1708 3204 1770 accentibus

608 1815 669 1873 in
716 1813 919 1874 metris
963 1818 1351 1892 conpetenter
1396 1817 1649 1871 tractare
1692 1809 2052 1886 debeamus,
2109 1810 2335 1874 scilicet
2379 1820 2442 1872 ut
2483 1812 2722 1892 quando
2777 1811 2926 1874 haec
2963 1811 3204 1870 nomina

536 1935 585 1976 ιι
612 1913 1031 1976 derivationem
1096 1913 1185 1974 vel
1249 1913 1707 1978 deminutionem
1773 1913 2066 1976 sustinere
2129 1915 2358 1992 possint
2426 1914 2760 1976 doceamus.
2851 1914 2926 1975 de
2995 1913 3206 1974 ordine

612 2017 937 2086 nominum,
984 2022 1271 2097 quantum
1314 2015 1461 2076 ratio
1502 2013 1800 2097 poscebat,
1847 2017 2240 2079 tractavimus,

1725 2195 1797 2238 DE
1828 2196 2086 2239 CASIBVS,

782 2305 964 2366 Casus
1024 2310 1162 2364 sunt
1222 2323 1354 2374 sex,
1422 2304 1814 2366 nominativus
1857 2305 2159 2382 genetivus
2217 2305 2444 2364 dativus
2499 2305 2862 2364 accusativus
2910 2305 3210 2364 vocativus

615 2405 917 2467 ablativus,
1008 2424 1179 2468 casus
1223 2412 1417 2466 autem
1464 2405 1603 2466 dicti
1648 2413 1815 2475 sunt,
1865 2403 2021 2484 quod
2071 2425 2180 2486 per
2231 2424 2334 2467 eos
2388 2412 2586 2484 partes
2637 2404 2865 2482 aliquae
2921 2405 3213 2464 orationis

524 2495 589 2570 ἰο
617 2510 676 2569 in
721 2507 1109 2569 declinatione
1148 2507 1376 2568 cadant.

1724 2623 1795 2664 DE
1825 2621 2093 2664 NVMERlS.

784 2727 1027 2790 Numeri
1074 2728 1379 2790 nominum
1420 2735 1557 2791 sunt
1598 2735 1738 2799 tres,
1785 2727 2099 2806 singularis
2147 2727 2394 2808 pluralis
2437 2735 2496 2790 et
2537 2729 2898 2790 communis:
2946 2727 3214 2806 singula-

612 2831 725 2900 riS,
777 2837 843 2891 ut
893 2849 1075 2899 unus3
1134 2828 1408 2907 pluralis,
1470 2838 1536 2892 ut
1578 2831 1695 2892 duo
1743 2829 1834 2894 vel
1877 2849 1950 2893 eo
1988 2828 2209 2910 plures.
2239 2827 2266 2913 ss
2299 2831 2629 2892 communis
2671 2839 2866 2892 autem
2921 2847 3216 2892 numerus

615 2933 862 3000 dicitur,
914 2933 1015 3013 qui
1058 2910 1357 3009 singulare
1414 2940 1471 2994 et
1510 2931 1741 3012 plurale
1785 2950 2000 2994 nomen
2053 2933 2357 2994 continere
2407 2933 2732 3001 invenitur,
2785 2939 2853 2993 ut
2896 2939 3034 3010 puta
3081 2932 3218 2992 dies

538 3053 591 3094 25
616 3033 809 3096 nubes
852 3035 1005 3096 acies
1046 3042 1104 3096 et
1151 3042 1345 3096 cetera
1390 3034 1525 3096 talia
1540 3083 1569 3115 ‚·
1604 3055 1756 3115 quae
1801 3035 2024 3096 scilicet
2069 3041 2127 3094 et
2167 3034 2243 3096 ad
2285 3032 2644 3112 singularem
2699 3041 2758 3095 et
2797 3033 2874 3094 ad
2916 3033 3215 3112 pluralem

618 3153 931 3198 nnmerum
976 3136 1341 3216 respondere
1375 3137 1776 3214 reperiuntur,
1821 3137 1968 3198 haec
2011 3137 2340 3198 communis
2383 3138 2617 3198 numeri
2656 3153 2786 3198 esse
2819 3137 3215 3214 pronuntian-

616 3245 733 3299 tur.
822 3256 967 3300 sane
1010 3241 1181 3300 etiam
1230 3237 1345 3300 hoc
1386 3255 1728 3310 monemus,
1786 3239 1944 3319 quod
1991 3239 2140 3300 haec
2189 3239 2428 3301 nomina
2486 3256 2604 3299 non
2661 3237 2988 3300 secundum
3045 3256 3216 3299 com·

616 3357 859 3402 munem
894 3357 1211 3402 numerum
1248 3358 1357 3417 per
1387 3359 1593 3402 omnes
1624 3359 1794 3402 casus
1836 3350 2245 3419 perseverant;
2291 3339 2515 3402 scilicet
2551 3342 2829 3419 quoniam
2875 3341 2925 3400 si
2955 3348 3046 3400 est
3083 3339 3219 3402 dies

618 3443 953 3504 communis
990 3443 1245 3512 numeri,
1294 3441 1409 3502 diei
1452 3448 1650 3504 autem
1695 3441 2032 3520 singularis,
2078 3443 2308 3504 dierum
2353 3460 2492 3504 vero
2536 3440 2798 3522 pluralis,
2847 3451 2906 3502 et
2949 3441 3099 3510 ideo,
3149 3449 3222 3502 ut

540 3561 592 3603 ιο
619 3543 904 3612 diximnS,
958 3543 1105 3604 haec
1146 3545 1381 3604 nomina
1430 3562 1538 3624 per
1584 3563 1756 3606 casus
1798 3545 2126 3609 secundum
2169 3563 2341 3606 suum
2389 3563 2701 3607 numerum
2751 3551 2889 3606 suut
2941 3561 3218 3623 pronun-

618 3645 837 3706 tianda.
1789 3645 1798 3654 ‘

1725 3743 1794 3785 ota:
1825 3745 2108 3788 ,tccsurw

789 3847 873 3910 De
906 3847 1247 3909 accentibus
1289 3855 1504 3918 autem,
1547 3851 1683 3928 quia
1727 3869 1846 3910 non
1877 3850 2074 3913 brevis
2115 3852 2266 3912 ratio
2314 3858 2419 3921 est,
2461 3853 2520 3912 in
2553 3853 2756 3912 metris
2803 3869 2936 3912 cum
2973 3848 3222 3930 syllabis

620 3957 1005 4030 conpetenter
1050 3949 1451 4013 tractabimus,
2249 4029 2278 4046 l

540 4067 593 4110 as
790 4051 960 4114 Nunc
1004 4054 1282 4132 quoniam
1339 4071 1489 4132 quae
1531 4053 1806 4116 accidunt
1845 4057 2070 4116 nomini
2129 4073 2202 4117 ex
2247 4055 2456 4116 ordine
2499 4055 2769 4117 universa
2811 4056 3214 4124 tractavimus,

620 4163 679 4218 et
715 4155 852 4217 ideo
894 4155 1011 4216 iam
1050 4153 1339 4215 ablativus
1378 4175 1550 4218 casus
1594 4157 1828 4218 numeri
1864 4155 2179 4235 singularis
2227 4157 2444 4236 quibus
2489 4156 2580 4218 vel
2623 4164 2770 4237 quot
2811 4158 3022 4219 litteris
3069 4157 3215 4220 deti-

620 4258 815 4320 uiatur
857 4256 1194 4318 doceamus,

758 4427 791 4477 5
840 4441 931 4493 per
967 4441 1145 4478 omnes
1184 4427 1390 4478 ordines
1425 4427 1477 4478 B
1521 4443 1615 4493 per
1649 4427 1856 4479 ordines
1893 4443 2070 4478 omnes
2109 4429 2155 4480 R
2329 4430 2362 4480 7
2405 4427 2694 4496 Vergilius]
2742 4428 2872 4479 Aen.
2913 4429 2935 4478 Ι
2970 4429 3075 4482 643

620 4496 656 4546 8
692 4494 985 4562 Terentius]
1024 4497 1252 4549 Eunueh.
1286 4503 1421 4564 prol.
1460 4496 1523 4548 13
1625 4497 1691 4550 14
1728 4505 1944 4548 tractare
1981 4499 2257 4548 debeamus
2292 4499 2346 4549 B
2374 4500 2702 4550 tractabimus
2737 4516 2767 4548 r
2802 4501 3134 4550 tractauimus
3173 4499 3218 4549 R

761 4575 816 4616 ιιι
850 4583 945 4620 om,
982 4567 1046 4628 R,
1085 4569 1207 4617 add.
1240 4568 1294 4618 B
1396 4568 1464 4620 20
1500 4569 1553 4618 in
1590 4568 1934 4620 declinatione
1963 4568 2012 4618 B
2053 4568 2106 4618 iu
2138 4569 2530 4620 declinationem
2563 4570 2610 4620 R
2715 4571 2778 4621 21
2821 4585 2887 4620 ns
2921 4582 3156 4622 :cvnis-‚ms
3189 4587 3218 4619 v

622 4635 688 4685 de
720 4649 929 4686 nurnero
966 4636 1042 4686 R.-
1093 4637 1147 4688 t’n
1181 4639 1405 4703 maraine
1450 4639 1639 4690 codicis
1681 4638 1946 4702 adscripta
1994 4653 2104 4690 esse
2147 4639 2297 4700 haec,
2347 4639 2412 4690 de
2447 4641 2671 4690 numeris
2715 4639 2879 4690 tribus
2921 4639 3221 4690 necessaria

622 4705 771 4769 ratio,
813 4705 1105 4758 adnotatum
1144 4715 1222 4758 est
1256 4709 1307 4758 t'n
1341 4710 1638 4774 apoqraplw
1811 4708 1878 4759 34
1917 4709 2248 4759 tractabimus
2283 4725 2314 4757 r
2345 4710 2680 4760 tractauimus
2711 4709 2808 4761 RB
2969 4709 3040 4762 36
3077 4709 3220 4759 abta-

624 4775 759 4824 tiuus
796 4774 846 4826 B
880 4775 1135 4826 ablatiuos
1172 4777 1215 4827 R
1356 4777 1628 4829 definiatur
1659 4778 1708 4828 B
1747 4777 2052 4829 definiantur
2086 4779 2132 4828 R
