3434 5442
875 1227 1191 1325 mnu
1243 1225 1589 1323 snnvll
1639 1225 2161 1322 flowonffl
2216 1227 2883 1324 GRAMMATICI
2930 1226 3049 1323 llll

1540 1381 1938 1477 GENTVM
1995 1380 2401 1478 ME'rms·

805 1766 816 1776 .
847 1735 960 1778 1815.
991 1735 1038 1778 ιο
1066 1735 1115 1778 P.
2968 1767 2981 1780 .
3002 1737 3075 1780 aaa
3097 1736 3144 1779 c.

773 1747 800 1788 p
1112 1824 1556 1888 CLARISSIMO
1601 1824 1878 1887 ALBINO
1922 1825 2235 1888 SERVIVS
2280 1825 2829 1890 GRAMMATICVS.
2934 1750 2962 1791 Ρ

849 1960 981 2020 Tibi
1027 1961 1187 2021 hunc
1228 1960 1520 2032 libellum,
1567 1968 2069 2040 praetextatorum
2115 1962 2295 2024 decus
2338 1961 2582 2034 Albine,
2629 1961 2855 2024 devovi.
2944 1981 3072 2023 nam
3110 1961 3225 2024 licet

628 2079 652 2118 5
683 2065 866 2140 patris
911 2065 1150 2141 avique,
1207 2063 1422 2143 quihus
1466 2065 1782 2126 maximam
1839 2067 2235 2126 reverentiam
2292 2064 2523 2126 litterae
2579 2064 2831 2134 debent,
2878 2063 3107 2127 cottidie
3144 2085 3221 2126 ur-

681 2165 872 2242 gearis
929 2164 1200 2243 exemplo
1255 2165 1454 2245 ibique
1507 2165 1827 2247 pubescas‚
1888 2184 2005 2247 quo
2050 2165 2206 2227 velut
2249 2167 2321 2228 ad
2364 2168 2665 2229 Musarum
2708 2168 2966 2229 sacraria
3010 2169 3219 2237 venitur,

681 2285 799 2326 non
847 2279 1044 2327 tamen
1090 2265 1253 2328 caelo
1297 2285 1404 2329 suo
1449 2274 1679 2328 tantum
1725 2269 1966 2329 numina
2008 2269 2426 2347 perfruuntur,
2473 2287 2651 2348 saepe
2693 2268 2944 2330 humiles
2983 2267 3133 2331 lucos
3166 2287 3217 2330 ac

680 2367 810 2428 vilia
856 2386 1185 2449 pauperum
1229 2375 1384 2430 tecta
1429 2367 1760 2431 subierunt.
1850 2387 2035 2449 quare
2077 2368 2299 2432 laboris
2342 2373 2459 2432 mei
2503 2369 2675 2433 velim
2721 2371 2921 2432 faveas
2962 2380 3110 2442 voto,
3149 2373 3217 2432 in·

683 2468 926 2549 dulgeas
970 2469 1268 2531 audaciae.
1357 2471 1515 2550 quod
1560 2471 1610 2531 si
1653 2489 1828 2533 secus
1872 2473 2143 2543 cesserit,
2187 2475 2251 2534 in
2297 2473 2677 2554 cupiditatem
2710 2473 3029 2536 devotionis
3067 2475 3216 2534 inter·

607 2585 653 2625 ιο
678 2571 960 2649 pretabor
1005 2579 1279 2633 eventum
1321 2571 1613 2651 placendi.
1702 2572 1847 2634 vale.

679 2831 735 2886 P
772 2833 959 2888 codex
990 2831 1298 2888 Parisinus
1326 2835 1484 2900 7530,
1515 2833 1679 2889 cuius
1704 2835 1933 2906 integra
1964 2833 2216 2890 exhibita
2246 2839 2332 2891 est
2359 2836 2656 2907 scriptura

681 2918 740 2972 Ν
777 2918 962 2973 codex
993 2917 1409 2989 Neapolitanus
1437 2917 1688 2974 Borbon.
1714 2917 1819 2974 IV
1837 2919 1887 2974 Α
1914 2925 1967 2987 8,
1997 2921 2056 2974 in
2084 2937 2192 2991 quo
2213 2921 2410 2992 prima
2440 2921 2575 2976 libri
2596 2937 2746 2994 pars
2772 2927 3009 2992 praeter
3032 2935 3219 2991 paucas

848 3004 1312 3058 membranarum
1363 3004 1604 3059 lacinias
1635 3004 1834 3074 periit.
1896 3007 2119 3078 inteyra
2149 3007 2444 3076 scriptura
2474 3023 2511 3062 a
2540 3007 2865 3078 definitione
2895 3003 3222 3078 anponaceit

846 3089 1044 3144 claudi
1065 3105 1127 3158 p.
1160 3093 1283 3159 460,
1319 3095 1354 3146 4
1382 3103 1564 3160 usque
1593 3090 1673 3144 ad
1695 3089 1870 3160 finem
1900 3089 2030 3145 libri
2056 3090 2313 3146 exhibita
2341 3095 2441 3147 est.

680 3172 724 3227 S
764 3173 949 3229 codex
979 3172 1386 3242 Santenianus‚
1417 3189 1574 3230 nunc
1605 3174 1997 3230 Berolinensis
2022 3174 2183 3230 Sanc.
2198 3179 2285 3234 66.
2316 3181 2367 3242 4,
2398 3177 2458 3230 in
2488 3192 2599 3248 quo
2628 3177 2832 3232 ultima
2860 3177 2991 3233 libri
3012 3191 3143 3249 pars
3164 3175 3219 3232 de

847 3258 1121 3330 dispersis
1150 3260 1357 3314 omissa
1388 3263 1492 3314 est.
1551 3273 1582 3314 s
1609 3261 1860 3315 eiusdem
1890 3261 2101 3317 codicis
2130 3275 2335 3316 manus
2364 3263 2666 3317 recentior.

683 3361 717 3409 ς
755 3344 1116 3414 exemplaria
1148 3344 1276 3398 olim
1305 3345 1591 3415 inpressa,
1622 3359 1702 3400 ex
1733 3345 1941 3416 quibus
1972 3344 2226 3402 adhibita
2254 3352 2390 3402 sunt
2416 3345 2589 3411 haec,

845 3429 1014 3484 editio
1047 3427 1346 3484 Galliensis
1372 3428 1646 3484 Abstemii
1665 3447 1717 3485 a.
1761 3433 1891 3490 1475
1921 3448 1957 3486 a
1990 3429 2321 3503 Gaisfordio
2351 3432 2579 3488 conlata

844 3514 1011 3569 editio
1057 3512 1270 3569 Veneta
1301 3529 1356 3568 a.
1394 3519 1529 3574 1493
1589 3513 1596 3520 ’

845 3599 1013 3654 editio
1059 3597 1270 3653 Veneta
1301 3615 1354 3652 a.
1393 3603 1529 3657 1502

846 3684 1012 3739 editio
1041 3683 1380 3755 Auyustana
1409 3701 1465 3738 a.
1501 3677 1636 3744 1520

675 3775 987 3838 praeterea
1035 3769 1317 3840 quaedam
1366 3771 1665 3842 adscripta
1705 3776 1843 3826 sunt
1882 3786 1961 3826 ex
1999 3773 2190 3828 codice
2224 3771 2683 3829 Dat-mstadiensi
2729 3777 2895 3840 1283,
2944 3775 3067 3828 olim
3098 3771 3229 3828 Colo·

679 3855 882 3918 niensi,
915 3860 971 3910 et
1001 3869 1080 3909 ea·
1110 3855 1305 3910 codice
1335 3854 1730 3911 Laurentiano
1760 3861 1846 3923 47,
1877 3861 1929 3916 8.

819 4056 843 4106 1
888 4070 938 4106 tn
981 4055 1142 4106 Νοιιιῖἐ7
1168 4054 1220 4106 ιῖι
1258 4056 1378 4106 afim
1415 4071 1604 4108 mama·
1642 4071 1737 4106 ns
1767 4070 1925 4108 iuuat
1964 4071 2133 4107 sanun
2168 4060 2307 4108 onix
2345 4072 2412 4107 nu
2445 4071 2769 4109 caua-nuruis
2794 4057 3087 4110 Clarissimo
3104 4059 3231 4109 ahino

677 4127 878 4176 seruius
929 4127 1242 4192 gramaticus
1289 4127 1452 4177 salute
1506 4127 1672 4178 codem
1708 4127 2143 4178 Darmstadae‘ensis
2197 4143 2345 4178 mem·
2400 4141 2557 4180 urm
2611 4141 2920 4184 ctu-rinna,
2969 4128 3232 4181 Clarissimo

677 4195 850 4246 albino
885 4197 1084 4246 seruius
1139 4198 1454 4263 gramaticus
1486 4197 1530 4248 S
1584 4197 1767 4246 Albino
1821 4197 1967 4245 euius
2014 4199 2375 4263 grammaticus
2411 4197 2463 4246 N
2506 4196 2799 4248 Clarissimo
2848 4198 3021 4250 albino
3059 4201 3235 4251 neruiue

677 4267 1037 4332 grammaticus
1071 4265 1122 4314 P
1165 4267 1308 4316 Marii
1345 4265 1510 4316 Seruii
1547 4265 1783 4316 honorati
1815 4268 2136 4333 grammatici
2180 4265 2557 4320 Gentimetrum.
2606 4266 2903 4320 Clarissimo
2930 4271 3043 4320 uiro
3076 4269 3235 4320 Albino

677 4335 864 4386 Marius
904 4335 1116 4386 Seruius
1155 4338 1519 4403 grammaticus
1555 4336 1769 4386 salutem
1804 4351 1837 4392 ς
1883 4336 2030 4386 Marii
2066 4335 2235 4388 Servii
2282 4339 2527 4390 Honorati
2571 4353 2655 4388 are
2702 4338 2769 4389 de
2828 4349 3029 4390 centum
3066 4340 3232 4389 metris.

679 4405 862 4456 Albino
901 4405 1185 4456 clarissimo
1218 4405 1425 4458 Servius
1472 4407 1835 4473 grammaticus
1870 4404 1906 4456 S
1944 4404 2215 4460 Pandantes
2382 4409 2416 4458 4
2460 4407 2646 4458 devovi
2680 4423 2774 4465 om.
2810 4410 2855 4462 S
3020 4409 3053 4460 5
3086 4417 3234 4475 patres

678 4476 860 4539 abique
892 4477 934 4526 S
1115 4479 1384 4543 urguearis
1422 4478 1464 4528 S
1632 4477 1666 4527 6
1691 4475 1935 4543 pubertas
1970 4476 2021 4526 P
2184 4493 2285 4544 quo
2320 4477 2462 4529 uelut
2489 4478 2557 4528 ad
2593 4493 2627 4536 3
2662 4493 2762 4544 quo
2802 4478 2961 4530 ueluti
2994 4480 3059 4530 ud
3090 4480 3233 4530 codex

678 4547 1110 4597 Darnestadiensis
1141 4547 1278 4610 quod
1311 4548 1394 4597 uel
1433 4547 1498 4596 ad
1537 4547 1582 4596 P
1607 4547 1745 4612 quod
1780 4547 1913 4597 uelle
1942 4548 2005 4597 ad
2044 4549 2089 4600 S
2260 4551 2484 4600 sacraria
2522 4549 2576 4598 P
2624 4563 2770 4600 sacra
2804 4552 2891 4606 Ss-
3060 4551 3089 4600 7
3136 4563 3231 4614 per-

681 4615 914 4665 fruuntur
949 4615 990 4665 S
1031 4616 1358 4683 proferuntur
1391 4618 1476 4674 P3
1541 4615 1777 4666 fruuntur
1822 4616 2116 4684 Fauonius,
2180 4619 2332 4686 idque
2390 4619 2591 4670 videtur
2632 4619 2796 4684 fuisse
2846 4621 2900 4670 in
2958 4620 3029 4684 N,
3072 4618 3151 4669 ιὸἰ
3188 4618 3229 4666 ix

675 4689 873 4736 laciniis
903 4687 1296 4738 membranarum
1329 4686 1573 4750 adparuit
1606 4687 1707 4738 ιιῶ,
1744 4686 1769 4737 f
1904 4687 1993 4740 sed
2027 4703 2183 4756 saepe
2214 4703 2249 4746 3
2284 4696 2334 4740 et
2362 4689 2528 4741 codex
2551 4687 2983 4742 Dum-stadiae&
3109 4687 3227 4737 lucos

680 4755 728 4802 P
761 4755 901 4804 lucus
937 4755 979 4804 S
1011 4757 1152 4805 uicos
1191 4773 1223 4813 3
1340 4757 1373 4807 8
1404 4755 1670 4806 subierunt
1707 4755 1850 4814 NS3
1884 4759 2113 4809 uicerunt
2150 4759 2201 4808 P
2302 4758 2496 4810 laboth
2531 4773 2567 4816 3
2605 4757 2804 4809 labores
2835 4759 2926 4810 PS
3054 4759 3085 4810 9
3112 4757 3223 4822 quod

677 4824 721 4872 si
753 4825 870 4874 NS:
908 4827 954 4875 si
988 4841 1081 4878 om.
1121 4825 1172 4874 P
1271 4828 1508 4876 cessei-inu
1540 4827 1583 4876 S
1695 4829 2009 4894 interpratat.
2051 4830 2204 4880 abore
2235 4839 2441 4879 uentum
2480 4829 2531 4879 P
2624 4830 2690 4880 10
2728 4830 2860 4881 ualc.
2898 4845 2961 4881 ne
2991 4842 3159 4880 urnis
3190 4823 3227 4874 P
