3434 5442
590 272 709 338 168
1771 268 2004 333 PROBI

688 405 733 445 p.
762 392 854 434 298.
874 390 926 431 99
954 388 1007 428 a.
2779 400 2827 440 p.
2855 386 2998 428 wia
3027 386 3084 427 ν.

586 464 977 542 scripserant:
1054 457 1261 519 eodem
1315 459 1493 519 modo
1554 466 1826 538 tempore
1880 459 2079 520 futuro
2149 460 2268 519 sive
2312 458 2664 539 promissivo
2707 459 2885 521 modo
2953 460 3194 521 numeri

588 563 903 644 singularis
946 561 1203 624 scribam
1242 560 1471 623 scribes
1516 561 1756 630 scribet,
1801 563 2033 622 numeri
2062 559 2308 639 pluralis
2355 559 2688 623 scribemus
2731 560 3006 622 scribetis
3041 563 3192 622 scri-

586 666 767 727 bent·
840 664 1017 725 modo
1074 665 1417 742 imperativo
1473 670 1743 743 tempore
1801 664 2099 742 praesenti
2155 663 2274 723 sive
2329 664 2570 725 instanti
2625 664 2698 725 ad
2755 663 3080 725 secundam
3133 674 3194 725 et

588 770 823 829 tertiam
868 784 1186 845 personam
1232 772 1462 827 tantum
1504 767 1740 827 numeri
1777 763 2095 843 singularis
2135 763 2332 827 scribe
2373 765 2612 835 scribat,
2661 767 2898 827 numeri
2939 765 3192 844 pluralis

537 900 561 938 5
588 868 831 931 scribite
874 868 1169 929 scribant:
1240 868 1447 930 eodem
1490 867 1667 929 modo
1716 874 1988 946 tempore
2040 868 2237 928 futuro
2293 868 2525 929 numeri
2575 866 2890 945 singularis
2941 868 3192 930 scribito

586 971 857 1042 scribite,
902 972 1139 1033 numeri
1174 969 1423 1050 pluralis
1475 969 1781 1031 scribitote
1825 968 2164 1031 scribunto:
2222 970 2399 1031 modo
2441 970 2670 1030 infinito
2729 970 2849 1032 sive
2895 978 3192 1051 perpetuo

586 1075 854 1135 numeris
898 1080 957 1135 et
986 1074 1262 1153 personis
1308 1072 1569 1133 confusis
1610 1080 1879 1153 tempore
1923 1072 2218 1157 praesenti
2262 1072 2383 1134 sive
2428 1073 2664 1133 instanti
2709 1072 2992 1142 scribere,
3037 1080 3192 1135 tem·

586 1193 735 1255 pore
790 1176 1113 1256 praeterito
1169 1176 1505 1255 scripsisse,
1565 1181 1836 1255 tempore
1890 1175 2092 1235 futuro
2159 1175 2444 1253 scriptum
2499 1176 2604 1235 ire.
2693 1175 2872 1236 modo
2927 1178 3192 1255 optativo

592 1284 860 1357 tempore
907 1279 1205 1356 praesenti
1248 1278 1367 1339 sive
1404 1277 1641 1338 instanti
1698 1278 1934 1337 numeri
1977 1274 2290 1355 singularis
2348 1280 2571 1338 utinam
2617 1276 2906 1349 scribam,
2960 1279 3188 1339 utinam

516 1400 565 1445 ιο
593 1379 839 1449 scribas,
883 1381 1104 1441 utinam
1138 1378 1389 1449 scribat;
1436 1380 1669 1441 numeri
1704 1378 1950 1459 pluralis
1987 1379 2208 1439 utinam
2237 1378 2586 1466 scribamuS,
2632 1380 2855 1441 utinam
2891 1379 3190 1451 scribatis,

591 1484 813 1545 utinam
852 1481 1146 1544 scribant:
1224 1481 1434 1543 eodem
1477 1482 1657 1542 modo
1710 1487 1982 1560 tempore
2037 1482 2360 1559 praeterito
2413 1482 2610 1559 specie
2655 1480 3006 1561 imperfecta
3067 1483 3194 1543 sive

590 1586 785 1646 minus
830 1602 1009 1663 quam
1056 1584 1321 1664 perfecta
1370 1583 1461 1645 vel
1516 1583 1844 1645 inchoativa
1901 1584 2132 1644 numeri
2187 1581 2504 1662 singularis
2557 1585 2780 1644 utinam
2834 1582 3190 1653 scriberem,

591 1688 817 1748 utinam
856 1686 1181 1755 scribereS‚
1246 1688 1468 1747 utinam
1515 1685 1838 1755 scriberet;
1909 1687 2146 1746 numeri
2199 1683 2442 1763 pluralis
2492 1686 2718 1747 utinam
2767 1686 3190 1755 scriberemus,

592 1791 815 1851 utinam
859 1788 1215 1857 scriberetis
1260 1789 1483 1849 utinam
1530 1788 1894 1849 scriberent:
1943 1787 2153 1849 eodem
2197 1786 2376 1848 modo
2423 1787 2636 1848 eodem
2680 1795 2948 1866 tempore
2991 1790 3196 1867 specie

518 1915 567 1953 15
594 1891 859 1972 perfecta
913 1892 1035 1950 sive
1080 1888 1347 1953 absoluta
1407 1891 1641 1952 numeri
1684 1889 2000 1969 singularis
2053 1892 2276 1951 utinam
2331 1890 2704 1970 scripserim,
2770 1891 2992 1951 utinam
3039 1892 3195 1953 scri-

594 1994 818 2073 pseriS,
874 1994 1099 2055 utinam
1155 1994 1493 2071 scripserit:
1570 1994 1806 2055 numeri
1864 1991 2109 2073 pluralis
2173 1994 2396 2053 utinam
2449 1992 2897 2069 scripserimus,
2965 1994 3196 2054 utinam

594 2096 969 2175 scripseritiS,
1017 2096 1241 2156 utinam
1270 2096 1669 2174 scripserint:
1739 2095 1949 2156 eodem
1993 2095 2172 2155 modo
2219 2094 2428 2155 eodem
2473 2100 2743 2175 tempore
2785 2096 2984 2173 specie
3027 2094 3198 2175 pius-

595 2198 1039 2279 quamperfecta
1080 2199 1202 2258 sive
1241 2195 1250 2282 Ι
1288 2198 1655 2260 recordativa
1709 2197 1802 2258 vel
1847 2204 2051 2259 exacta
2115 2178 2348 2257 numeri
2398 2195 2716 2274 singularis
2765 2198 2994 2258 utinam
3045 2200 3198 2258 scri·

593 2302 875 2379 psissem,
944 2299 1168 2361 utinam
1225 2301 1594 2380 scripsisses,
1666 2301 1888 2360 utinam
1942 2300 2302 2378 scripsisset:
2377 2300 2608 2360 numeri
2665 2298 2910 2379 pluralis
2967 2301 3200 2361 utinam

520 2425 571 2465 20
597 2404 1057 2480 scripsissemus,
1104 2402 1329 2463 utinam
1368 2402 1785 2481 scripsissetiS,
1827 2403 2048 2463 utinam
2091 2400 2494 2480 scripsissent:
2569 2402 2778 2462 eodem
2823 2402 3002 2463 modo
3045 2408 3200 2463 tem-

596 2522 743 2583 pore
800 2504 999 2565 suturo
1060 2505 1293 2565 numeri
1350 2503 1665 2583 singularis
1732 2504 1957 2566 utinam
2011 2502 2300 2573 scribam,
2359 2504 2584 2564 utinam
2649 2503 2908 2575 scribas,
2967 2505 3200 2565 utinam

594 2606 844 2677 scribat:
916 2608 1150 2667 numeri
1192 2604 1437 2684 pluralis
1479 2608 1701 2667 utinam
1739 2605 2099 2673 scribamus,
2154 2606 2376 2666 utinam
2419 2603 2721 2675 scribatis,
2776 2608 3000 2668 utinam
3045 2610 3199 2669 scri-

594 2708 755 2770 bant.
847 2708 1025 2769 modo
1070 2709 1441 2769 coniunctivo
1494 2710 1615 2769 sive
1658 2709 1916 2769 iunctivo
1967 2715 2238 2785 tempore
2281 2709 2581 2785 praesenti
2631 2710 2752 2769 sive
2797 2710 3036 2770 instanti
3081 2728 3200 2771 nu·

596 2812 748 2871 meri
779 2808 1095 2887 singularis
1136 2829 1273 2872 cum
1308 2810 1399 2871 vel
1434 2811 1482 2870 si
1520 2810 1796 2881 scribam,
1844 2828 1980 2870 cum
2011 2807 2100 2871 vel
2131 2810 2179 2870 si
2209 2807 2453 2878 scribaS,
2499 2828 2637 2871 cum
2677 2808 2766 2870 vel
2798 2806 2826 2894 ΙΙ
2853 2812 2904 2872 si
2939 2812 3198 2882 scribat:

521 2914 836 2974 mnumeri
888 2912 1132 2992 pluralis
1186 2932 1321 2974 cum
1371 2912 1461 2974 vel
1516 2914 1567 2973 si
1622 2912 1980 2982 scribamus,
2039 2930 2176 2973 cum
2225 2909 2315 2971 vel
2359 2912 2409 2971 si
2463 2910 2765 2983 scribatis,
2822 2931 2958 2974 cum
3011 2912 3105 2975 vel
3147 2918 3202 2975 si

597 3014 888 3075 scribant:
966 3012 1177 3077 eodem
1234 3015 1413 3077 modo
1474 3022 1742 3094 tempore
1796 3015 2118 3093 praeterito
2177 3014 2374 3092 specie
2431 3014 2778 3093 imperfecta
2837 3017 2956 3077 sive
2997 3017 3202 3078 minus

598 3135 777 3195 quam
822 3116 1086 3196 perfecta
1131 3116 1221 3178 vel
1266 3117 1597 3178 inchoativa
1639 3117 1874 3177 numeri
1917 3114 2234 3195 singularis
2277 3134 2415 3176 cum
2458 3113 2548 3177 vel
2585 3117 2634 3177 si
2665 3116 3012 3187 scriberem,
3059 3138 3200 3179 cum

596 3218 688 3280 vel
734 3219 782 3279 si
819 3218 1145 3290 scriberem,
1190 3239 1323 3281 cum
1370 3218 1461 3280 vel
1502 3221 1549 3281 si
1594 3218 1915 3287 scriberet;
1985 3218 2216 3279 numeri
2253 3216 2502 3297 pluralis
2559 3236 2694 3279 cum
2739 3217 2832 3279 vel
2875 3222 2926 3281 si
2971 3220 3200 3281 scribe·

598 3340 816 3393 remuS‚
862 3340 994 3382 cum
1040 3319 1131 3381 vel
1171 3322 1220 3381 si
1263 3320 1620 3389 scriberetis,
1662 3338 1798 3381 cum
1841 3318 1933 3381 vel
1979 3321 2028 3381 si
2072 3319 2434 3381 scriberent:
2505 3320 2714 3381 eodem
2761 3321 2938 3382 modo
2983 3324 3200 3384 eodem

523 3443 575 3484 so
602 3432 871 3502 tempore
924 3426 1123 3502 specie
1166 3424 1428 3502 perfecta
1486 3424 1607 3485 sive
1664 3420 1931 3483 absoluta
1985 3423 2220 3484 numeri
2263 3422 2578 3500 singularis
2633 3442 2768 3485 cum
2821 3423 2910 3485 vel
2953 3426 3003 3485 si
3047 3427 3200 3487 scri-

598 3526 853 3603 pserim,
901 3544 1037 3586 cum
1074 3523 1165 3585 vel
1212 3527 1264 3585 si
1302 3526 1643 3605 scripseris,
1686 3544 1824 3587 cum
1867 3523 1960 3585 vel
2003 3526 2054 3585 si
2093 3525 2423 3604 scripserit:
2491 3526 2726 3587 numeri
2769 3526 3014 3604 pluralis
3057 3547 3200 3589 cum

599 3624 691 3686 vel
733 3629 784 3686 si
830 3628 1262 3707 scripserimuS,
1310 3645 1443 3687 cum
1492 3626 1578 3687 vel
1622 3629 1671 3688 si
1708 3626 2084 3706 scripseritiS,
2131 3646 2268 3687 cum
2313 3625 2402 3687 vel
2447 3629 2498 3687 si
2541 3630 2922 3706 scripserint:
2984 3629 3198 3692 codem

600 3727 777 3787 modo
824 3728 1030 3789 eodem
1078 3734 1347 3806 tempore
1410 3730 1609 3808 specie
1650 3726 2230 3809 plusquamperfecta
2276 3730 2398 3789 sive
2441 3730 2806 3790 recordativa
2852 3729 2944 3791 vel
2991 3740 3200 3792 exacta

600 3830 835 3891 numeri
864 3829 1178 3908 singularis
1216 3848 1349 3891 cum
1390 3830 1479 3891 vel
1520 3832 1570 3891 si
1614 3832 2005 3911 scripsissem,
2055 3848 2188 3890 cum
2233 3829 2323 3892 vel
2365 3832 2416 3891 si
2449 3832 2804 3910 scripsisseS,
2853 3851 2988 3894 cum
3023 3832 3117 3894 vel
3149 3836 3202 3893 si

523 3950 573 3993 35
600 3933 964 4012 scripsisset:
1011 3934 1246 3993 numeri
1276 3931 1521 4011 pluralis
1551 3952 1684 3994 cum
1716 3931 1806 3993 vel
1845 3934 1893 3993 si
1931 3933 2386 4010 scripsissemus,
2422 3951 2558 3994 cum
2590 3932 2680 3994 vel
2712 3935 2762 3993 si
2791 3936 3198 4013 scripsissetis

600 4054 735 4095 cum
773 4033 861 4095 vel
890 4036 939 4093 si
974 4036 1380 4113 scripsissent:
1428 4035 1634 4096 eodem
1669 4034 1846 4095 modo
1889 4042 2156 4113 tempore
2188 4035 2388 4097 futuro
2429 4038 2666 4098 numeri
2699 4035 3016 4115 singularis
3061 4056 3198 4099 cum

598 4136 686 4197 vel
720 4138 772 4196 si
804 4137 1118 4216 scripsero,
1166 4154 1297 4197 cum
1333 4136 1419 4199 vel
1446 4139 1497 4199 si
1541 4138 1867 4218 scripseriS,
1913 4156 2048 4198 cum
2081 4137 2168 4197 vel
2211 4139 2260 4197 si
2300 4139 2638 4217 scripserit;
2685 4140 2922 4199 numeri
2951 4137 3200 4217 pluralis

601 4258 735 4301 cum
788 4237 877 4300 vel
934 4239 981 4299 si
1035 4240 1478 4318 scripserimus,
1540 4258 1675 4301 cum
1728 4239 1818 4301 vel
1863 4239 1912 4300 si
1959 4241 2342 4318 scripseritis,
2405 4257 2539 4301 cum
2589 4238 2677 4302 vel
2729 4241 2779 4300 si
2829 4242 3197 4321 scripserint.

598 4341 776 4402 modo
840 4332 1204 4422 inpersonali
1266 4343 1528 4403 numeris
1584 4350 1644 4401 et
1715 4342 1986 4420 personis
2053 4343 2311 4404 confusis
2375 4349 2648 4421 tempore
2713 4346 3013 4421 praesenti
3078 4348 3198 4405 sive

522 4453 575 4494 ⁴⁰
600 4444 835 4503 instanti
888 4445 1199 4512 scribitur,
1254 4444 1459 4506 codem
1508 4443 1686 4505 modo
1745 4452 2013 4523 tempore
2066 4446 2384 4522 praeterito
2435 4446 2636 4523 specie
2683 4445 3032 4522 imperfecta
3081 4447 3200 4507 sive

600 4545 794 4605 minus
832 4563 1011 4625 quam
1054 4546 1317 4624 perfecta
1366 4544 1455 4606 vel
1495 4545 1824 4607 inchoativa
1869 4545 2266 4615 scribebatur,
2325 4546 2532 4607 eodem
2577 4546 2757 4607 modo
2797 4546 3010 4607 eodem
3051 4554 3200 4609 tem·

738 4690 773 4739 6
812 4688 1005 4739 infinito
1040 4690 1092 4740 B
1129 4690 1383 4741 infinitiuo
1420 4690 1466 4741 R
1633 4688 1668 4739 8
1702 4690 1777 4741 ire
1813 4690 1863 4741 B
1893 4690 1954 4739 iri
1997 4690 2040 4741 R
2185 4691 2247 4743 12
2283 4690 2368 4741 uel
2405 4692 2458 4741 B
2492 4699 2542 4741 ct
2583 4694 2630 4743 R
2803 4692 2868 4741 41
2911 4692 3097 4744 eodem
3133 4720 3199 4730 —

605 4757 722 4823 169,
749 4757 775 4807 1
812 4759 1059 4824 seriptum
1100 4767 1177 4810 est
1210 4774 1300 4811 om.
1345 4760 1410 4821 R,
1448 4760 1571 4811 add.
1610 4759 1660 4810 B
