3434 5442
1279 327 1702 391 PRAEFA‘rlo
2220 295 2223 300 ’
2516 317 2523 322 “
2707 347 2779 394 LI

218 514 448 578 derunt.
493 511 784 576 eiusdem
824 513 1262 578 commentarii
1308 513 1388 577 de
1432 514 1809 580 accentibus
1852 515 2136 603 aliquam
2181 525 2433 602 partem
2476 539 2559 581 ex
2604 518 2779 582 Oxo-

213 616 397 680 niensi
441 614 664 678 codice
707 615 861 678 olim
915 613 1208 679 ediderat
1249 613 1548 696 WasiuS,
1609 618 1905 682 senarius
1962 619 2100 684 sive
2156 618 2237 684 de
2278 619 2535 705 legibus
2593 631 2659 686 et
2702 621 2776 685 li-

213 718 408 784 centia
449 725 742 780 veterum
789 726 1126 802 poetarum
1170 717 1412 783 Oxonii
1457 740 1514 782 a.
1548 727 1712 789 1687
1745 741 1809 804 p.
1845 727 1945 801 62,
1994 743 2384 807 quamquam
2412 723 2467 785 is
2498 720 2779 808 plurima

212 843 314 884 sua
351 819 728 884 coniectura
769 826 1154 884 mutaverat.
1213 820 1494 907 reliqua,
1553 841 1721 906 quae
1765 821 1978 886 adhuc
2022 823 2196 888 edita
2239 822 2528 889 nondum
2571 833 2775 905 erant,

215 944 282 986 ex
322 921 690 986 Lavantino
743 920 966 986 codice
1020 943 1193 986 nunc
1247 923 1526 1007 primum
1589 921 1885 988 exhibita
1950 933 2119 989 sunt.
2188 947 2341 988 nam
2404 927 2473 990 in
2537 948 2777 1011 magna

207 1035 368 1110 parte
409 1043 634 1086 rerum
677 1023 1186 1106 tritissimarum,
1233 1045 1400 1110 quae
1445 1047 1530 1089 ex
1570 1023 1833 1088 infimae
1877 1027 2107 1092 aetatis
2151 1026 2495 1113 disciplina
2534 1030 2776 1114 petitae

207 1135 362 1206 sunt,
417 1134 645 1190 tamen
687 1125 876 1191 bonis
920 1135 986 1189 et
1028 1127 1311 1212 antiquis
1355 1129 1731 1192 auctoribus
1774 1150 1965 1192 usum
2008 1150 2151 1192 esse
2196 1129 2573 1214 scriptorem
2627 1151 2776 1194 cum

208 1228 682 1292 observationes
735 1228 932 1314 prisci
986 1229 1298 1292 sermonis
1353 1250 1484 1293 non
1537 1251 1788 1316 paucae
1843 1238 1983 1294 tum
2037 1230 2404 1314 fragmenta
2458 1231 2776 1316 quaedam

205 1338 477 1394 veterum
533 1331 926 1416 scriptorum
985 1329 1198 1395 adhuc
1252 1332 1476 1416 ignota
1528 1331 1839 1417 probant,
1904 1341 2169 1419 propter
2221 1354 2388 1419 quae
2444 1332 2609 1398 liber
2650 1333 2776 1398 hac

203 1455 340 1497 cura
380 1454 511 1497 non
556 1431 866 1518 indignus
911 1453 1072 1504 esse>
1095 1434 1277 1498 visus
1334 1443 1456 1498 est.
1513 1435 1582 1498 in
1636 1455 1767 1520 quo
1822 1433 1986 1499 illud
2038 1456 2165 1499 non
2223 1443 2380 1521 puto
2436 1433 2775 1500 molestum

203 1555 346 1615 esse,
389 1533 572 1620 quod
617 1557 750 1602 non
794 1534 1026 1616 omnia,
1073 1535 1243 1600 sicut
1285 1537 1354 1598 in
1399 1535 1621 1600 codice
1667 1535 1911 1621 scripta
1954 1545 2122 1620 sunt,
2169 1536 2361 1618 edidi,
2423 1537 2538 1601 sed
2582 1559 2775 1622 quae-

202 1637 347 1716 dam,
391 1659 566 1722 quae
611 1647 727 1702 aut
769 1659 1033 1724 prorsus
1075 1634 1334 1702 inutilia
1387 1636 1781 1702 videbantur
1825 1648 1940 1703 aut
1992 1640 2211 1724 inepte
2252 1639 2528 1725 repetita
2570 1647 2774 1720 erant,

200 1739 384 1802 omisi.
443 1759 570 1823 per
623 1748 832 1804 totum
888 1738 1127 1803 librum
1181 1747 1394 1803 autem
1451 1738 1647 1803 fidem
1687 1739 2043 1804 Lavantini
2086 1741 2326 1806 codicis
2374 1743 2467 1805 ita
2510 1751 2771 1805 secutus
2882 1735 2901 1744 “

199 1861 342 1920 sum,
385 1849 458 1904 ut
499 1840 704 1905 huius
749 1842 940 1905 unius
985 1842 1312 1926 scriptura
1362 1843 1620 1925 integra
1672 1841 2109 1906 exhiberetur.
2168 1844 2233 1906 in
2290 1843 2503 1928 prima
2564 1852 2769 1926 parte,

199 1963 344 2027 quae
387 1943 456 2006 in
499 1942 914 2028 Frisingensi
957 1952 1023 2007 et
1063 1944 1134 2008 in
1179 1943 1574 2008 Santeniano
1619 1943 1843 2009 codice
1890 1946 2133 2029 scripta
2176 1954 2307 2025 est,
2354 1967 2503 2008 cum
2544 1945 2774 2009 horum

199 2043 488 2108 librorum
535 2047 866 2132 scriptura
910 2068 951 2109 a
992 2045 1358 2110 Lavantino
1405 2045 1630 2111 codice
1674 2067 1871 2132 saepe
1916 2045 2265 2132 discrepet,
2324 2067 2576 2110 omnem
2632 2068 2775 2112 eam

199 2146 691 2233 discrepantiam
737 2168 1098 2234 proponere
1161 2145 1392 2212 inutile
1457 2157 1615 2228 erat,
1683 2147 1802 2212 sed
1867 2169 1945 2212 ea
1965 2170 2165 2234 *quae
2224 2149 2463 2212 rectius
2520 2150 2587 2212 in
2641 2148 2771 2212 illis

197 2249 414 2334 scripta
458 2257 660 2313 erant
701 2246 807 2314 vel
850 2249 1295 2314 memorabilia
1336 2271 1480 2314 esse
1521 2249 1914 2315 videbantur
1957 2250 2289 2334 adscripta
2342 2259 2513 2314 sunt.
2570 2258 2636 2314 et
2691 2249 2773 2314 de

199 2351 582 2416 Santeniano
625 2350 894 2436 quidem
935 2351 1158 2416 codice
1185 2360 1445 2437 praeter
1472 2372 1721 2437 paucos
1749 2351 1945 2431 locos,
1988 2353 2057 2415 in
2088 2351 2327 2437 quibus
2358 2353 2501 2437 ipse
2528 2351 2771 2416 librum

197 2454 456 2538 inspexi,
517 2452 794 2517 editioni
851 2451 1282 2517 Lindemanni
1336 2453 1533 2518 fidem
1577 2453 1800 2518 habui.
1857 2454 2107 2518 etiamsi
2167 2455 2340 2517 enim
2394 2453 2599 2517 multa
2640 2475 2773 2518 non

197 2556 328 2618 satis
371 2563 688 2620 accurate
740 2555 810 2619 in
865 2553 982 2620 illa
1039 2577 1353 2641 expressa
1407 2539 1560 2620 sunt
1575 2603 1594 2636 ,
1661 2565 1909 2636 tamen,
1976 2556 2281 2642 quoniam
2322 2577 2455 2620 non
2496 2555 2773 2620 multum

197 2659 578 2722 auctoritatis
627 2656 1050 2722 tribuendum
1092 2665 1194 2720 est
1236 2655 1444 2721 codici
1487 2656 1911 2743 neglegenter
1952 2660 2223 2746 scripto,
2280 2659 2663 2744 praesertim
2704 2660 2774 2722 in

197 2769 304 2821 tam
344 2759 500 2823 exili
547 2761 848 2839 materia,
894 2781 1060 2844 quae
1103 2760 1173 2822 in
1213 2758 1336 2822 hac
1380 2770 1565 2843 parte
1610 2767 1961 2841 tractatur,
2023 2782 2152 2825 non
2197 2781 2360 2846 opus
2405 2783 2548 2824 esse
2592 2760 2772 2825 vide-

201 2859 365 2925 batur
407 2883 674 2925 crrores
701 2860 1136 2926 Lindemanni
1179 2859 1402 2925 codice
1444 2863 1679 2925 iterum
1724 2883 1999 2926 excusso
2045 2863 2387 2946 corrigere.
2434 2871 2773 2946 praeterea

195 2964 250 3024 in
285 2965 458 3027 initio
505 2963 672 3027 libri
717 2965 1042 3049 excerptis
1087 2961 1757 3047 Sangermanensibus
1772 3009 1791 3044 ,
1849 2985 2016 3050 quae
2060 2985 2209 3028 cum
2253 2964 2620 3031 Lavantino
2666 2987 2771 3028 co-

195 3063 312 3128 dice
337 3064 733 3152 plerumque
777 3065 1205 3145 consentiunt,
1251 3087 1410 3130 usus
1454 3087 1618 3129 sum.
1664 3066 1735 3128 in
1763 3068 2221 3131 commentario
2267 3066 2347 3130 de
2390 3067 2771 3131 accentibus

195 3177 380 3230 autem
407 3169 748 3252 integram
778 3169 1164 3253 scripturam
1193 3167 1434 3232 codicis
1466 3166 1859 3232 Oxoniensis
1896 3167 2199 3248 exhibui,
2252 3176 2320 3231 ut
2360 3169 2429 3231 in
2474 3191 2553 3234 ea
2594 3177 2771 3232 certe

197 3278 382 3352 parte,
435 3291 618 3355 quae
669 3269 986 3354 singulari
1030 3291 1188 3335 cura
1230 3270 1296 3334 in
1339 3270 1568 3356 primis
1624 3268 1825 3354 digna
1866 3279 1994 3350 est,
2052 3271 2244 3334 unius
2304 3268 2547 3334 codicis
2604 3269 2768 3334 fides

197 3369 300 3434 alio
342 3373 721 3437 testimonio
751 3371 1116 3437 firmaretur
1159 3382 1225 3436 et
1269 3371 1566 3458 exemplo
1609 3379 1941 3436 constaret
1984 3372 2499 3435 emendationem
2545 3393 2769 3435 eorum

197 3495 334 3556 quae
371 3475 438 3539 in
481 3473 868 3539 Lavantino
926 3474 1146 3539 codice
1203 3483 1510 3560 corrupta
1566 3483 1717 3539 sunt
1771 3496 1899 3540 non
1944 3495 2181 3558 magno
2228 3496 2421 3558 opere
2467 3474 2767 3539 adiuvari

198 3575 522 3641 Oxoniensi
568 3576 832 3655 codice,
900 3577 1140 3663 quippe
1193 3577 1306 3662 qui
1363 3585 1496 3640 tam
1541 3585 1843 3642 accurate
1897 3599 2045 3640 cum
2086 3574 2199 3639 illo
2244 3577 2623 3656 consentiat,
2669 3585 2762 3656 ut,

198 3699 558 3765 quamquam
621 3701 712 3743 ex
765 3699 842 3742 eo
895 3679 1038 3764 ipso
1083 3676 1449 3764 descriptus
1495 3701 1625 3744 non
1669 3687 1787 3760 est,
1834 3689 2047 3744 tamen
2096 3677 2385 3742 eiusdem
2430 3677 2769 3764 archetypi

201 3781 556 3866 scripturam
601 3779 874 3846 referat.

335 3883 434 3946 Ea
473 3905 656 3970 quae
701 3883 794 3948 de
837 3881 1374 3947 idiomatibus
1419 3905 1745 3948 casuum
1804 3893 1881 3948 et
1934 3905 2315 3968 generum
2376 3885 2443 3948 in
2487 3882 2615 3948 fine
2657 3905 2769 3946 vo-

203 3981 420 4048 luminis
465 3985 658 4049 edita
703 3993 856 4048 sunt
913 3985 1150 4070 partim
1209 4007 1292 4048 ex
1349 3985 1570 4049 codice
1614 3985 1911 4048 Parisino
1960 3993 2123 4055 7530
2171 3985 2219 4048 f.
2269 3993 2517 4054 41—-48
2562 3986 2771 4070 petita

207 4097 349 4167 sunt,
400 4089 652 4172 partim
709 4109 796 4151 ex
835 4085 1264 4174 Neapolitano
1308 4087 1589 4151 Charisii
1619 4085 1840 4150 codice
1860 4135 1877 4168 ,
1935 4088 2001 4150 in
2060 4108 2186 4172 quo
2246 4109 2435 4172 quem
2496 4086 2579 4150 ad
2636 4108 2767 4150 mo-

209 4185 327 4250 dum
375 4189 538 4254 haec
595 4190 852 4274 scripta
903 4189 1033 4252 sint
1085 4189 1440 4253 indicatum
1495 4199 1594 4252 est
1648 4187 1777 4252 vol.
1827 4189 1859 4252 I
1913 4187 2119 4272 praef.
2178 4211 2241 4273 p.
2289 4189 2377 4252 X.
2436 4189 2551 4252 sed
2596 4210 2763 4274 quae

212 4311 272 4351 ex
317 4289 750 4378 Neapolitano
808 4290 1029 4355 codice
1085 4289 1258 4355 edidi
1315 4290 1468 4354 olim
1525 4311 1565 4353 a
1621 4311 1751 4370 me,
1818 4312 1966 4354 cum
2032 4289 2320 4354 codicem
2378 4290 2759 4370 tractabam,

215 4402 432 4478 propter
473 4393 879 4458 brevitatem
934 4393 1242 4478 temporis
1297 4393 1536 4456 omissa
1590 4393 1913 4456 amicitiae
1958 4391 2228 4476 Georgii
2271 4388 2594 4472 Thilonis,
2654 4395 2765 4479 qui

219 4491 338 4555 haec
375 4517 470 4558 me
513 4502 800 4579 rogante
845 4493 1203 4580 descripsit,
1251 4493 1473 4558 debeo·
1521 4504 1882 4579 sequuntur
1926 4504 2143 4558 autem
2170 4495 2236 4559 in
2268 4493 2489 4558 codice
2519 4494 2766 4559 indices

223 4593 432 4674 quidam
483 4597 881 4674 verborum,
951 4597 1119 4661 sicut
1173 4595 1419 4660 dictum
1477 4605 1575 4661 est
1632 4597 1673 4659 l.
1733 4618 1787 4660 c.
1846 4619 1909 4682 p.
1958 4596 2091 4678 XI,
2153 4597 2264 4682 qui
2308 4617 2455 4659 cum
2500 4605 2565 4660 et
2607 4597 2766 4661 mihi

227 4693 332 4757 olim
382 4705 446 4762 et
499 4709 736 4784 postea
789 4696 1052 4762 Thiloni
1111 4699 1323 4762 minus
1381 4697 1562 4783 digni
1618 4700 1743 4763 visi
1800 4708 2017 4762 essent
2070 4699 2180 4784 qui
2224 4698 2763 4781 describerentur,

225 4816 348 4862 nune
385 4800 727 4867 omittendi
773 4811 980 4866 erant.
1025 4802 1362 4886 utriusque
1408 4800 1646 4866 codicis
1689 4801 1891 4886 igitur
1935 4801 2318 4886 scripturam
2362 4802 2429 4864 in
2472 4801 2553 4865 iis
2598 4823 2765 4886 qua-e

2264 4901 2355 4966 d*
