3434 5442
733 1345 1028 1443 snam
1080 1347 1520 1444 namnam
1573 1349 1688 1442 nr
1740 1325 2213 1442 FINAHBVS.

277 1746 325 1787 ν’
355 1734 460 1776 ¹⁸⁰⁹
487 1733 886 1876 PsEavws
929 1815 1480 1888 floNoRATvs
1522 1814 1969 1888 onuANo
2014 1736 2571 1878 ε,41,νί“ιειινιι.)’491
2603 1735 2660 1777 x.

350 1949 698 2012 Vltimarum
751 1949 1104 2031 syllabarum
1164 1959 1432 2022 naturas,
1488 1954 1640 2014 sicut
1679 1969 2107 2033 proposueraS,
2156 1951 2411 2012 breviter
2452 1948 2765 2029 lucideque

181 2051 418 2130 digessi.
478 2053 538 2112 in
594 2070 710 2132 qua
763 2070 830 2113 re
888 2073 1018 2114 mea
1075 2053 1318 2116 audacia
1371 2063 1474 2117 tuo
1518 2053 1855 2115 defenditur
1896 2055 2166 2133 imperio.
2256 2071 2391 2114 nam
2438 2053 2551 2113 hoc
2596 2071 2765 2132 opuS,

181 2153 318 2214 dum
365 2152 524 2215 velut
567 2153 740 2215 facile
771 2172 840 2215 ac
867 2173 978 2236 per
1020 2174 1084 2218 se
1131 2163 1337 2237 patens
1365 2155 1534 2219 multi
1576 2155 1975 2255 reliquerunt,
2020 2154 2313 2216 difficilius
2356 2153 2761 2216 reddiderunt.
2789 2171 2813 2210 5

1269 2313 1285 2318 -
1299 2313 1380 2318 -—---—
1413 2313 1455 2318 --
1478 2313 1539 2318 d---
1552 2311 1678 2322 --ο

351 2409 721 2489 Quamquam
769 2411 1055 2471 rationem
1103 2409 1333 2472 litterae
1377 2419 1437 2472 et
1480 2409 1738 2492 syllabae
1794 2412 1855 2471 in
1902 2410 2112 2472 Donati
2156 2408 2380 2470 artibus
2426 2409 2767 2480 habeamuS,

181 2520 380 2572 tamen
425 2510 728 2572 breviandi
772 2531 947 2574 causa
993 2511 1186 2592 aliqua
1233 2531 1305 2574 ex
1348 2511 1442 2574 his
1486 2513 1921 2593 decerpsimus»,
1978 2530 2129 2592 quac
2174 2511 2247 2573 ad
2293 2513 2599 2572 scientiam
2644 2531 2767 2572 me-

179 2623 407 2674 trorum
452 2613 746 2694 proticere
789 2614 1104 2676 credimus.

351 2713 539 2793 Igitur
613 2717 836 2794 primas
917 2715 1170 2796 syllabas
1246 2719 1508 2778 omnium
1591 2719 1845 2798 partium
1919 2717 2200 2778 orationis
2273 2715 2503 2777 duobus
2574 2715 2765 2776 modis

181 2816 722 2888 considerabimus,
801 2827 1011 2879 natura
1093 2828 1152 2878 et
1231 2820 1538 2899 positione.
1631 2827 1840 2880 natura
1913 2820 2204 2900 tripertita
2270 2825 2378 2878 est.
2469 2837 2602 2878 nam
2663 2827 2763 2877 aut
2792 2837 2841 2878 ιο

179 2916 552 2998 diphthongo
625 2917 845 2999 syllaba
919 2918 1092 2998 longa
1179 2939 1309 2981 esse
1389 2923 1803 3000 cognoscitur,
1874 2929 1938 2980 ut
1995 2938 2063 2981 ae
2121 2938 2191 2979 oe
2248 2937 2322 2980 au
2378 2936 2451 2978 eu
2510 2921 2593 2988 ei,
2668 2928 2767 2979 aut

178 3125 234 3182 Β
275 3127 468 3183 codex
496 3127 627 3183 olim
657 3125 983 3193 Bobiensis,
1015 3144 1170 3184 nunc
1214 3128 1658 3186 Vindobonensis
1691 3132 1757 3188 16

178 3211 234 3266 F
270 3211 460 3268 codex
489 3212 880 3285 frisingensis
906 3219 974 3272 81

178 3297 200 3351 l
268 3298 462 3354 codex
489 3297 785 3354 Leidensis
810 3297 1178 3354 bibliothecae
1201 3299 1468 3370 publicae
1501 3305 1602 3358 122

179 3396 210 3435 e
267 3383 460 3439 codex
486 3381 893 3440 Emmeramus
922 3382 988 3440 G.
1020 3389 1112 3443 121

181 3484 216 3532 ς
269 3468 548 3524 editiones
577 3473 812 3536 veteres,
843 3484 925 3525 ex
953 3469 1160 3541 quibus
1189 3469 1475 3526 adhibitae
1503 3475 1640 3525 sunt
1667 3469 1777 3524 hae
1793 3511 1808 3533 ,
1836 3472 1843 3476 '

349 3553 518 3609 editio
546 3551 986 3611 Mediolanenses
1012 3553 1327 3611 Parrhasii
1351 3571 1405 3610 a.
1439 3560 1577 3614 1504

347 3639 520 3694 editio
554 3637 920 3712 Tubinqensis
947 3655 1004 3696 a.
1039 3644 1172 3701 1537

349 3724 518 3779 editio
551 3723 900 3780 Basileensis
928 3742 983 3780 a.
1019 3730 1153 3784 1584

177 3821 255 3862 ex
281 3807 376 3862 his
415 3809 674 3864 codicum
714 3809 770 3866 Β
796 3815 852 3865 et
881 3809 940 3865 F
957 3811 1183 3883 integra
1213 3808 1466 3866 eaehibila
1498 3816 1583 3865 est
1611 3811 1925 3881 scriptura.
1986 3811 2243 3866 codicum
2282 3811 2761 3880 interpolatorum

176 3894 196 3946 1
223 3899 282 3949 et
311 3908 345 3948 e
375 3893 774 3966 discrepantia
801 3899 920 3952 tum
946 3897 1322 3970 potissimum,
1364 3912 1494 3953 cum
1525 3895 1580 3951 Β
1609 3903 1665 3952 et
1694 3895 1751 3951 F
1772 3897 1931 3951 inter
1959 3910 2021 3952 se
2052 3897 2422 3962 dissentiunt,
2469 3897 2771 3966 adscripta

175 3983 280 4034 est.
855 3992 862 3998 ·

323 4163 360 4212 2
395 4159 609 4212 Seruius
649 4160 876 4228 (Seruus
911 4161 984 4226 F)
1032 4163 1309 4214 honoratus
1358 4163 1587 4228 aquilino
1646 4163 1915 4228 (aquilinio
1965 4179 2103 4218 corr.
2156 4163 2268 4212 -ino
2311 4163 2381 4224 F)
2430 4163 2644 4212 salutern
2685 4161 2789 4211 BF

181 4244 396 4283 stamus
438 4247 625 4284 namus
654 4247 950 4285 noscam-us
983 4249 1221 4296 mommo
1252 4248 1484 4284 sanum-an
1521 4250 1550 4284 e
1585 4233 1774 4284 Marius
1815 4233 2025 4284 Seruius
2061 4233 2143 4283 Ad
2180 4234 2417 4282 Albinum
2471 4234 2543 4282 De
2580 4233 2773 4280 naturis

181 4301 478 4352 ultimarum
513 4301 833 4354 Parrhasius
866 4302 1029 4353 Servii
1065 4303 1212 4353 Marii
1242 4303 1486 4354 Honorati
1525 4303 1844 4372 grammatici
1876 4304 1939 4353 de
1978 4306 2255 4368 quantitate
2282 4303 2594 4367 syllabarum
2633 4301 2773 4350 libel-

183 4371 286 4424 lus,
345 4370 562 4422 Seruius
613 4371 801 4423 Marius
835 4373 1124 4424 Honoratus
1161 4373 1406 4438 Aquilino
1449 4375 1664 4425 salutem
1695 4389 1749 4430 ς,
1790 4377 2053 4438 epistulam
2100 4373 2175 4424 ad
2214 4373 2497 4438 Aquilinum
2544 4371 2635 4422 hoc
2670 4374 2777 4421 loco

177 4444 412 4493 omium
439 4445 490 4493 in
517 4445 624 4507 fine
640 4441 761 4494 libri
775 4441 928 4493 habet
945 4443 997 4492 B
1100 4441 1134 4494 3
1158 4459 1502 4511 proposueras
1523 4449 1574 4496 el
1601 4459 2002 4511 praepossueras
2020 4445 2072 4495 B
2099 4459 2347 4510 posueras
2384 4443 2435 4492 F
2462 4456 2774 4508 poposceras

178 4511 393 4562 Servius
435 4513 663 4564 Putselzii
681 4527 737 4576 p.
779 4511 916 4564 1799
1089 4513 1346 4578 lucidique
1383 4514 1590 4583 degessi
1621 4514 1673 4564 B
1703 4514 1971 4578 lucideque
2007 4515 2242 4581 degressi
2281 4513 2441 4578 (corr.
2474 4512 2697 4579 digessi)
2732 4511 2783 4560 F

327 4585 362 4633 4
390 4581 604 4632 andacia
633 4596 746 4633 mea
783 4583 834 4632 F
967 4596 1186 4646 namque
1221 4582 1320 4634 hoc
1357 4598 1487 4651 opus
1523 4585 1739 4636 arduum
1778 4586 1896 4635 dum
1925 4584 2067 4634 uelut
2104 4583 2253 4633 facile
2288 4598 2348 4632 ac
2376 4599 2469 4648 per
2504 4597 2560 4630 se
2590 4590 2773 4646 patens

181 4651 332 4701 multi
365 4652 678 4716 reliquerunt
705 4667 769 4709 ες
803 4665 921 4702 nam
949 4652 1095 4702 multi
1126 4653 1250 4704 dnm
1287 4653 1385 4704 hoc
1413 4669 1542 4722 opus
1577 4655 1735 4708 uelud
1768 4655 1919 4705 facile
1946 4671 2005 4704 ac
2044 4670 2137 4720 per
2167 4669 2222 4703 se
2244 4663 2424 4720 patens
2462 4652 2775 4714 reliquerunt

187 4721 234 4770 B
375 4722 410 4773 6
447 4736 514 4772 nn
549 4737 814 4776 tineamus
849 4737 1104 4775 annonari
1151 4739 1468 4776 unauna-rici
1504 4726 1556 4776 B
1601 4741 1786 4776 mem-r
1832 4742 1901 4776 m:
1946 4740 2214 4776 rimamus
2255 4719 2483 4774 uri-sais
2518 4723 2775 4772 nouom-ri

185 4805 508 4843 eastun-ici
541 4793 603 4856 F,
638 4807 733 4845 om.
771 4795 822 4845 le
958 4791 1206 4846 habemus
1241 4795 1293 4845 B
1429 4795 1464 4844 9
1510 4797 1704 4862 primas
1738 4796 1899 4862 igitur
1936 4795 1987 4846 B
2132 4793 2195 4844 10
2246 4804 2426 4844 natura
2476 4800 2643 4842 autem
2684 4801 2776 4841 trt-

185 4863 377 4926 partita
411 4862 457 4912 B
597 4865 881 4930 diptongus
917 4863 968 4913 B
1001 4864 1338 4932 diphthongis
1377 4881 1410 4921 ς
1641 4885 1644 4892 ·

261 4953 562 4997 casuum.
595 4953 714 4996 mr.
745 4953 842 4998 uu.
1431 4955 1438 4962 ·
2290 4955 2373 5017 29
