3434 5442
659 387 783 452 358
1816 381 2091 444 DONA'rt

657 571 812 630 hanc
857 588 892 630 o
937 569 1009 631 ab
1054 570 1191 640 hac,
1239 577 1299 630 et
1339 566 1650 648 pluraliter
1691 569 1807 630 hae
1854 570 2062 632 harum
2108 571 2203 632 his
2248 571 2353 634 has
2399 591 2435 632 o
2478 571 2551 632 ab
2596 573 2723 640 his;
2770 573 3011 650 generis
3060 574 3279 635 neutri

661 673 894 734 numeri
937 670 1250 750 singularis
1295 672 1408 732 hoo
1451 671 1626 732 huius
1669 672 1806 733 huic
1850 671 1963 733 hoc
2010 695 2045 736 o
2090 673 2163 734 ab
2205 675 2348 745 hoo,
2396 681 2455 735 et
2498 673 2802 754 pluraliter
2846 674 2995 736 haec
3042 675 3277 737 horum

661 774 753 835 his
797 775 943 834 haec
987 791 1023 832 o
1068 772 1142 833 ab
1186 774 1294 834 his,
1363 774 1504 834 item
1549 773 1985 836 subiunctivum
2029 775 2120 836 vel
2164 775 2473 837 relativum
2520 778 2756 854 generis
2788 777 3105 838 masculini
3156 796 3275 838 nu-

661 877 812 936 meri
853 874 1168 953 singularis
1210 876 1260 936 is
1306 877 1433 936 eius
1477 875 1532 935 ei
1576 894 1708 936 eum
1758 875 1831 936 ab
1878 894 1978 947 eo,
2036 885 2096 939 et
2138 877 2444 958 pluraliter
2502 879 2557 938 ei
2612 896 2821 939 eorum
2878 881 2965 940 eis
3023 897 3133 942 eos
3196 879 3275 940 ab

611 990 636 1029 ⁵
665 979 777 1046 eis;
823 979 1059 1056 generis
1103 977 1370 1038 seminini
1415 979 1647 1038 numeri
1676 977 1992 1055 singularis
2038 996 2106 1039 ea
2151 981 2277 1040 eius
2322 981 2375 1039 ei
2422 998 2548 1040 eam
2596 979 2667 1040 ab
2701 998 2797 1049 ea,
2846 989 2907 1040 et
2944 978 3277 1058 pluraliter

661 1097 766 1140 eae
811 1096 1012 1139 earum
1059 1079 1144 1140 eis
1191 1097 1288 1140 eas
1333 1078 1406 1139 ab
1454 1081 1570 1148 eis;
1620 1081 1858 1158 generis
1902 1082 2098 1140 neutri
2144 1083 2379 1142 numeri
2422 1079 2735 1158 singularis
2790 1081 2850 1140 id
2910 1083 3042 1143 eius
3101 1084 3163 1142 ei
3212 1083 3273 1142 id

663 1181 737 1240 ab
783 1199 883 1250 eo,
932 1188 991 1240 et
1033 1178 1342 1259 pluraliter
1385 1199 1453 1242 ea
1499 1199 1705 1244 eorum
1752 1184 1837 1242 eis
1882 1199 1949 1242 ea
1994 1179 2067 1243 ab
2113 1184 2217 1243 eia.
2286 1185 2427 1244 item
2472 1183 2697 1242 infinita
2742 1185 2982 1260 generis
3028 1203 3275 1244 mascu-

665 1281 766 1342 lini
811 1284 1046 1342 numeri
1091 1281 1406 1360 singularis
1451 1284 1581 1362 quis
1625 1285 1792 1343 cuius
1838 1284 1932 1343 cui
1976 1303 2151 1363 quem
2199 1303 2230 1344 a
2276 1302 2394 1363 quo
2443 1283 2531 1344 vel
2574 1303 2607 1344 a
2654 1287 2785 1362 qui,
2844 1292 2903 1345 et
2948 1284 3275 1362 pluraliter

661 1385 763 1462 qui
806 1401 1057 1462 quorum
1115 1385 1246 1462 quis
1301 1381 1390 1444 vel
1436 1383 1648 1464 quibus
1701 1404 1853 1463 quos
1907 1405 1938 1445 a
1983 1386 2115 1464 quis
2174 1383 2261 1444 vel
2314 1404 2345 1445 a
2393 1384 2634 1466 quibus;
2690 1388 2930 1463 generis
2986 1387 3275 1447 seminini

589 1497 636 1538 ιο
665 1485 898 1544 numeri
941 1483 1258 1563 singularis
1303 1505 1452 1566 quae
1499 1489 1664 1547 ruius
1709 1488 1807 1546 cui
1850 1505 2025 1566 quam
2072 1505 2103 1547 a
2149 1506 2262 1566 qua
2297 1486 2385 1546 vel
2430 1505 2460 1546 a
2506 1489 2634 1567 qui,
2680 1494 2741 1547 et
2768 1485 3081 1567 pluraliter
3112 1508 3275 1568 quae

663 1604 915 1666 quarum
961 1587 1091 1666 quis
1137 1587 1228 1647 vel
1273 1587 1485 1667 quibus
1530 1606 1673 1667 quas
1720 1607 1750 1648 a
1798 1589 1928 1667 quis
1975 1587 2063 1646 vel
2108 1607 2141 1648 a
2189 1588 2431 1668 quibus;
2488 1591 2724 1666 generis
2778 1591 2977 1650 neutri
3024 1593 3275 1651 numeri

663 1687 980 1766 singularis
1025 1689 1182 1768 quod
1231 1691 1397 1750 cuius
1443 1691 1536 1750 cui
1581 1689 1737 1768 quod
1786 1708 1818 1749 a
1864 1708 1980 1769 quo
2028 1688 2115 1749 vel
2162 1709 2193 1749 a
2240 1692 2367 1770 qui,
2428 1698 2487 1751 et
2540 1689 2847 1775 pluraliter
2902 1709 3063 1771 quae
3119 1711 3272 1772 quo·

662 1809 795 1852 rum
842 1791 974 1869 quis
1019 1789 1110 1850 vel
1154 1789 1367 1869 quibus
1413 1809 1563 1870 quae
1619 1809 1652 1850 a
1697 1792 1829 1870 quis
1873 1791 1963 1850 vel
2024 1811 2057 1852 a
2102 1791 2335 1872 quihus,
2403 1785 2545 1852 item
2592 1793 2917 1872 possessiva
2964 1794 3135 1854 finita
3198 1794 3271 1854 ad

663 1890 882 1971 aliquid
929 1891 1080 1952 dicta
1127 1909 1200 1952 ex
1245 1900 1492 1972 utraque
1535 1901 1705 1972 parte
1752 1892 2069 1971 singularia
2114 1895 2351 1970 generis
2394 1893 2705 1955 masculini
2747 1913 2917 1956 meus
2962 1896 3087 1955 mei
3132 1913 3273 1955 meo

591 2007 639 2048 15
666 2011 862 2054 meum
909 2010 944 2052 o
989 2011 1020 2052 a
1069 2011 1231 2063 meo,
1280 2000 1341 2053 et
1382 1991 1688 2073 pluraliter
1734 2012 1807 2054 ex
1851 1993 2033 2056 altera
2082 2005 2246 2074 parte
2291 1997 2409 2056 mei
2452 2015 2721 2058 meorum
2764 1997 2911 2056 meis
2942 2015 3118 2057 meos
3164 2016 3203 2055 o
3240 2015 3273 2056 a

665 2096 842 2163 meis;
891 2097 1127 2172 generis
1173 2095 1440 2156 feminini
1487 2097 1721 2156 numeri
1764 2097 2080 2175 singularis
2124 2117 2255 2158 mea
2298 2117 2467 2158 meae
2512 2117 2681 2160 meae
2710 2115 2901 2160 meam
2948 2117 2985 2158 o
3032 2117 3069 2159 a
3110 2117 3271 2169 mea,

667 2205 726 2258 et
767 2195 1076 2275 pluraliter
1132 2215 1300 2257 meae
1356 2215 1618 2258 mearum
1679 2199 1825 2258 meis
1878 2217 2041 2260 meas
2096 2219 2131 2260 o
2178 2217 2210 2259 a
2256 2201 2434 2268 meis;
2492 2201 2728 2278 generis
2772 2201 2969 2260 neutri
3026 2202 3273 2262 numeri

663 2297 980 2376 singularis
1023 2317 1223 2360 meum
1271 2299 1387 2358 mei
1433 2317 1564 2360 meo
1611 2317 1809 2361 meum
1854 2319 1891 2360 o
1922 2319 1955 2360 a
1986 2319 2148 2372 meo,
2196 2309 2255 2362 et
2298 2301 2605 2381 pluraliter
2648 2320 2777 2363 mea
2809 2320 3085 2363 meorum
3116 2303 3273 2363 meis

667 2417 798 2462 mea
843 2420 878 2462 o
923 2419 956 2460 a
1001 2401 1174 2462 meis:
1234 2419 1524 2480 personae
1568 2401 1861 2463 secundae
1894 2404 2128 2480 generis
2170 2403 2484 2464 masculini
2516 2404 2746 2464 numeri
2778 2402 3097 2482 singularis
3130 2413 3273 2464 tuus

593 2515 647 2557 2⁰
673 2503 757 2564 tui
802 2509 901 2563 tuo
945 2512 1110 2564 tuum
1157 2521 1188 2565 a
1236 2514 1363 2574 tuo,
1411 2510 1470 2562 et
1511 2501 1821 2582 pluraliter
1864 2505 1950 2565 tui
1996 2511 2232 2566 tuorum
2278 2506 2393 2565 tuis
2438 2513 2568 2566 tuos
2612 2523 2643 2566 a
2691 2505 2833 2574 tuis;
2892 2507 3135 2583 generis
3180 2505 3267 2565 fe-

667 2605 875 2664 minini
920 2607 1154 2664 numeri
1199 2603 1514 2683 singularis
1559 2612 1658 2664 tua
1702 2611 1839 2665 tuae
1884 2613 2019 2666 tuae
2066 2615 2225 2668 tuam
2272 2625 2305 2667 a
2337 2614 2461 2677 tua,
2510 2613 2569 2666 et
2612 2604 2921 2686 pluraliter
2965 2616 3105 2668 tuae
3136 2615 3265 2668 tua-

667 2723 800 2766 rum
848 2706 962 2766 tuis
1005 2713 1136 2767 tuas
1179 2727 1210 2768 a
1255 2706 1400 2776 tuis;
1448 2708 1684 2784 generis
1729 2708 1923 2768 neutri
1969 2710 2202 2770 numeri
2248 2708 2564 2787 singularis
2606 2719 2773 2769 tuum
2818 2709 2903 2769 tui
2946 2715 3047 2769 tuo
3092 2717 3263 2770 tuum

667 2827 702 2869 a
747 2816 876 2878 tuo,
925 2815 984 2868 et
1025 2808 1332 2888 pluraliter
1377 2817 1473 2869 tua
1520 2816 1757 2869 tuorum
1816 2810 1929 2870 tuis
1984 2817 2083 2871 tua
2128 2828 2161 2870 a
2205 2811 2350 2871 tuis:
2414 2827 2707 2890 personae
2762 2811 2969 2870 tertiae
3024 2813 3265 2888 generis

667 2908 976 2972 masculini
1023 2911 1255 2972 numeri
1308 2908 1622 2988 singularis
1685 2928 1828 2972 suus
1882 2913 1974 2972 sui
2030 2931 2135 2973 suo
2180 2931 2351 2973 suum
2408 2930 2440 2972 a
2496 2929 2631 2983 suo,
2690 2919 2751 2972 et
2800 2910 3113 2991 pluraliter
3172 2912 3261 2972 sui

593 3028 644 3070 25
671 3031 912 3074 suorum
957 3015 1078 3075 suis
1121 3029 1259 3074 suos
1304 3031 1336 3073 a
1379 3013 1530 3080 suis3
1577 3013 1815 3090 generis
1860 3013 2135 3074 seminini
2170 3014 2404 3074 numeri
2432 3011 2747 3092 singularis
2786 3031 2890 3074 sua
2934 3031 3075 3074 suae
3122 3031 3262 3074 suae

667 3133 838 3176 suam
883 3133 915 3175 a
961 3133 1096 3184 sua,
1153 3123 1212 3176 et
1254 3113 1562 3195 pluraliter
1615 3131 1757 3174 suae
1812 3133 2052 3176 suarum
2110 3117 2231 3176 suis
2288 3133 2423 3176 suas
2468 3133 2499 3174 a
2544 3115 2697 3194 suis3
2768 3116 3005 3192 generis
3060 3116 3260 3176 neutri

676 3217 909 3277 numeri
951 3211 1266 3295 singularis
1309 3234 1480 3277 suum
1527 3216 1618 3276 sui
1661 3233 1769 3276 suo
1813 3234 1985 3277 suum
2020 3235 2051 3278 a
2082 3235 2218 3286 suo,
2266 3225 2325 3278 et
2368 3215 2675 3295 pluraliter
2704 3235 2807 3277 sua
2850 3234 3095 3278 suorum
3145 3218 3265 3277 suis

673 3337 778 3380 sua
825 3337 858 3379 a
902 3320 1041 3379 suis,
1108 3319 1250 3379 item
1295 3318 1622 3398 possessiva
1665 3317 1831 3378 finita
1874 3317 1947 3378 ad
1993 3317 2209 3398 aliquid
2255 3316 2409 3380 dieta
2455 3337 2527 3378 ex
2571 3317 2753 3378 altera
2796 3327 2965 3398 parte
3008 3317 3263 3398 pluralia

675 3420 909 3499 generis
939 3419 1248 3480 masculini
1293 3428 1496 3481 noster
1539 3421 1727 3480 nostri
1770 3429 1973 3480 nostro
2020 3428 2285 3481 nostrum
2332 3439 2368 3479 o
2414 3438 2446 3480 a
2480 3427 2714 3490 nostro,
2760 3428 2820 3479 et
2848 3419 3165 3499 pluraliter
3196 3439 3263 3482 ex

597 3539 648 3580 aa
677 3529 926 3600 utraque
971 3527 1138 3599 parte
1186 3521 1370 3582 nostri
1414 3529 1757 3582 nostrorum
1803 3523 2022 3582 nostris
2066 3529 2301 3582 nostros
2346 3541 2381 3581 o
2427 3541 2461 3582 a
2506 3523 2753 3590 nostris;
2810 3523 3047 3600 generis
3090 3521 3261 3584 femi·

677 3623 800 3682 nini
845 3623 1077 3682 numeri
1119 3621 1433 3700 singularis
1479 3631 1681 3684 nostra
1726 3630 1962 3684 nostrae
2006 3630 2244 3683 nostrae
2288 3631 2550 3684 nostram
2598 3643 2633 3683 o
2678 3643 2711 3685 a
2755 3631 2982 3694 nostra,
3030 3632 3091 3684 et
3136 3623 3263 3704 plu-

675 3722 880 3785 raliter
925 3731 1161 3784 nostrae
1205 3733 1541 3785 nostrarum
1587 3726 1805 3786 nostris
1836 3731 2069 3786 nostras
2114 3742 2148 3784 o
2178 3745 2213 3786 a
2244 3727 2488 3794 nostris;
2537 3726 2771 3803 generis
2804 3727 2998 3785 neutri
3030 3727 3261 3786 numeri

673 3823 986 3903 singularis
1030 3832 1298 3886 nostrum
1345 3827 1530 3888 nostri
1573 3835 1780 3888 nostro
1825 3833 2094 3888 nostrum
2140 3845 2175 3886 o
2222 3846 2253 3888 a
2300 3834 2535 3896 nostro,
2594 3835 2655 3887 et
2706 3824 3017 3906 pluraliter
3062 3837 3257 3888 nostra

675 3935 1010 3989 nostrorum
1057 3929 1275 3988 nostris
1321 3936 1522 3990 nostra
1566 3946 1601 3988 o
1646 3947 1679 3988 a
1709 3931 1956 3990 nostris:
2012 3946 2305 4009 personae
2334 3927 2628 3990 secundae
2672 3929 2910 4006 generis
2954 3927 3260 3990 masculini

595 4046 646 4088 as
675 4030 906 4092 numeri
949 4030 1262 4110 singularis
1308 4038 1499 4092 vester
1543 4028 1727 4092 vestri
1769 4037 1964 4092 vestro
2010 4038 2266 4092 vestrum
2312 4048 2347 4091 a
2392 4037 2613 4101 vostro,
2662 4038 2722 4090 et
2749 4027 3059 4109 pluraliter
3092 4029 3257 4091 vestri

670 4142 1002 4194 vestrorum
1046 4135 1254 4194 vestris
1284 4140 1509 4194 vestros
1538 4151 1571 4194 a
1604 4133 1841 4202 vestris;
1890 4133 2125 4212 generis
2159 4133 2427 4193 feminini
2459 4133 2694 4193 numeri
2722 4129 3041 4209 singularis
3072 4139 3257 4192 restra

611 4295 626 4310 ,
674 4243 900 4297 vestrae
956 4242 1184 4296 vestrae
1231 4243 1482 4296 vestram
1539 4255 1572 4297 a
1616 4241 1839 4306 vestra,
1898 4242 1958 4295 et
2012 4232 2320 4313 pluraliter
2377 4242 2603 4296 vestrae
2662 4241 2995 4294 vestrarum
3054 4233 3255 4295 vestris

673 4345 893 4399 vestras
937 4355 970 4398 a
1014 4338 1251 4407 vestris:
1305 4339 1542 4417 generis
1599 4338 1795 4398 neutri
1850 4337 2083 4397 numeri
2140 4333 2455 4414 singularis
2516 4341 2773 4396 vestrum
2834 4336 3014 4394 vestri
3072 4345 3255 4397 vestro

671 4447 929 4500 vestrum
975 4457 1006 4498 a
1053 4445 1277 4511 vestro,
1325 4447 1383 4500 et
1423 4437 1736 4519 pluraliter
1780 4446 1968 4499 vestra
2016 4446 2343 4499 vestrorum
2391 4438 2599 4500 vestris
2642 4443 2838 4497 vestra
2880 4454 2914 4496 a
2962 4440 3191 4498 vestris,

604 4555 646 4596 ιο
843 4539 926 4601 Da
958 4538 1172 4603 horum
1203 4543 1526 4622 conposita.
1581 4541 1857 4618 Egomet,
1907 4548 2063 4610 tute,
2110 4538 2259 4612 illic,
2294 4539 2450 4610 istie,
2497 4539 2655 4600 idem
2686 4536 3016 4600 masculino
3048 4555 3253 4618 genere

806 4727 840 4778 6
873 4727 1002 4778 heae
1045 4729 1088 4777 L
1229 4727 1265 4778 8
1300 4729 1414 4793 quis
1451 4728 1532 4777 uel
1572 4727 1658 4792 qui
1695 4727 1839 4776 cuius
1880 4725 1940 4776 M
2084 4727 2150 4777 10
2186 4741 2315 4789 quae
2352 4729 2401 4776 L
2432 4741 2561 4789 quae
2594 4725 2675 4776 uel
2712 4727 2863 4788 qual
3030 4725 3099 4776 12
3138 4723 3253 4790 quod

665 4795 714 4845 L
746 4798 884 4860 quod
921 4797 1002 4846 uel
1043 4799 1168 4860 quid
1204 4797 1292 4846 {M
1428 4797 1560 4862 quod
1601 4798 1649 4847 L
1683 4796 1821 4860 quod
1859 4796 1941 4846 uel
1982 4798 2105 4860 quid
2143 4797 2229 4846 IM
2448 4796 2520 4846 40
2559 4796 2631 4846 Da
2668 4793 2848 4844 horum
2888 4797 3179 4862 composita
3209 4804 3251 4842 m

665 4875 868 4933 egomet
901 4875 1112 4917 tutemet
1148 4865 1374 4932 (sibimet
1409 4869 1529 4922 add.
1574 4871 1643 4920 al.
1682 4866 1843 4932 man.)
1888 4865 1993 4915 illic
2042 4867 2155 4918 istie
2190 4865 2377 4916 illicine
2411 4865 2614 4916 isticine
2660 4865 2827 4930 (illine
2874 4866 3029 4916 istinc
3078 4865 3253 4916 hiccine
