3434 5442
581 330 678 378 ΧΗ
1664 314 2084 376 PRAEFATIO

583 504 814 567 borum
873 499 1134 587 reliqui3
1193 522 1274 575 ea
1316 522 1482 587 quae
1539 499 1747 564 altera
1798 522 1997 565 manu
2052 506 2293 565 novata
2346 510 2523 581 sunt,
2580 499 2962 587 praesertim
3018 520 3167 563 cum

585 604 965 690 plerumque
1009 626 1154 669 cum
1202 602 1743 688 Sangermanensi
1786 602 2011 667 codice
2054 602 2487 681 consentiant,
2546 625 2675 666 non
2718 602 2961 689 ubique
3003 603 3189 690 indi-⁸

583 708 794 771 canda
837 728 978 770 esse
1023 704 1418 769 existimavi.
1477 712 1819 789 praeterea
1865 714 2081 769 autem
2125 704 2323 767 trium
2366 705 2661 768 codicum
2706 702 3033 790 scriptura
3072 706 3169 769 ita

583 810 917 894 proposita
959 816 1088 887 est,
1146 818 1220 871 ut
1263 805 1582 893 quidquid
1626 804 1815 870 aliter
1856 808 1924 871 in
1966 804 2125 886 illis,
2182 813 2379 892 atque
2432 805 2573 892 ipse
2616 807 2685 871 in
2728 804 3011 870 editione
3054 826 3165 869 ex-

584 910 799 990 hibui,
847 910 1158 995 scriptum
1203 918 1304 973 est
1345 907 1743 973 indicaretur
1782 909 1851 972 in
1894 908 2327 973 adnotatione.

753 1011 903 1091 Qua
961 1020 1174 1075 aetate
1231 1010 1480 1075 Donati
1535 1009 1700 1074 liber
1757 1010 2039 1095 scriptus
2098 1011 2211 1090 sit,
2273 1030 2401 1073 uno
2446 1008 2845 1094 Hieronymo
2900 1016 3167 1075 auctore

582 1124 838 1179 constat
860 1161 878 1194 ,
965 1115 1076 1200 qui
1167 1111 1413 1177 Donati
1499 1110 1908 1196 grammatici
1982 1112 2373 1177 mentionem
2450 1110 2608 1177 fecit
2706 1113 2774 1176 in
2860 1111 3169 1177 chronica

584 1216 854 1280 Eusebii
900 1238 960 1280 a.
1003 1223 1124 1285 355
1171 1214 1274 1279 ed.
1307 1213 1589 1278 Vallars.
1651 1219 1997 1277 Victorinus
2038 1218 2245 1277 rhetor
2288 1223 2345 1277 et
2388 1219 2665 1279 Donatus
2701 1222 3161 1293 yrammaticus,

573 1328 949 1399 praeceptor
989 1338 1184 1394 meus,
1250 1320 1478 1380 Romae
1521 1321 1786 1393 insiynes
1828 1320 2157 1393 habentur,
2222 1313 2557 1400 apologiae
2602 1317 2917 1381 adversus
2960 1316 3165 1381 libros

582 1418 804 1483 Rufini
847 1421 880 1485 I
929 1428 1006 1488 16
1050 1418 1178 1483 vol.
1227 1416 1298 1483 II
1341 1440 1404 1502 p.
1438 1408 1572 1486 '472
1633 1417 1733 1481 ed.
1778 1416 2059 1481 Vallars.
2108 1430 2258 1497 puto
2313 1423 2477 1496 quod
2521 1440 2681 1498 puer
2721 1425 2941 1509 leceris
2982 1422 3173 1499 Aspri

583 1528 647 1585 in
689 1527 1012 1600 Virqilium
1041 1531 1100 1585 et
1128 1523 1482 1585 Sallustium
1526 1526 2015 1597 commentarios,
2077 1524 2345 1583 Vulcatii
2382 1526 2447 1584 in
2490 1526 2793 1586 orationes
2838 1525 3161 1599 Ciceronis,

595 1628 898 1687 Victorini
948 1630 1012 1687 in
1081 1628 1359 1700 dialoyos
1409 1628 1538 1687 eius
1553 1670 1572 1701 ,
1643 1632 1702 1685 et
1754 1628 1819 1685 in
1881 1624 2147 1686 Terentii
2194 1628 2535 1687 comoedias
2577 1630 2999 1704 praeceptoris
3050 1628 3173 1687 mei

583 1730 838 1803 Donati,
899 1746 1089 1805 aeque
1143 1732 1204 1788 in
1261 1729 1592 1803 Verqilium
1645 1734 1702 1787 et
1758 1729 2017 1788 aliorum
2070 1730 2133 1787 in
2190 1730 2374 1802 alios,
2434 1725 2503 1788 in
2558 1724 2977 1789 ecclesiasten
3019 1747 3079 1790 c.
3128 1735 3159 1794 1

581 1824 711 1890 vol.
768 1826 874 1893 III
930 1850 995 1913 Ρ.
1043 1833 1166 1896 390
1237 1830 1378 1891 huic
1431 1830 1583 1906 quid
1630 1831 1824 1889 simile
1874 1833 2203 1890 sententiae
2262 1838 2321 1891 et
2384 1833 2646 1891 comicus
2698 1833 2787 1891 ait
2840 1832 3031 1892 ‘nihil
3081 1836 3171 1891 est

582 1934 834 2005 dictum,
898 1934 1062 2007 quod
1113 1948 1232 1993 non
1287 1933 1366 1993 sit
1419 1934 1644 1992 dictum
1689 1933 1871 2009 prius
1888 1936 1925 1991 ’.
2014 1933 2177 1993 unde
2222 1940 2593 2008 praeceptor
2646 1950 2809 1993 meus
2866 1934 3161 2007 Donatus,

581 2050 716 2094 cum
769 2037 945 2096 istum
1006 2036 1362 2095 versiculum
1417 2041 1778 2110 exponeret,
1830 2040 2119 2110 pereant,
2180 2036 2401 2110 inquit,
2463 2037 2571 2109 qui
2611 2040 2749 2094 ante
2801 2052 2911 2096 nos
2952 2042 3166 2096 nostra

583 2138 890 2197 dixerunt.
1001 2155 1152 2197 nam
1207 2134 1506 2219 quamvis
1569 2132 1777 2197 multa
1834 2132 2243 2218 grammatici
2305 2132 2715 2218 maximeque
2778 2134 3166 2219 interpretes

583 2234 828 2298 Donati
873 2232 954 2298 de
1008 2235 1149 2299 vita
1201 2234 1339 2299 eius
1395 2234 1906 2319 disputaverint,
1968 2243 2183 2298 tamen
2239 2256 2683 2321 quaecumque
2736 2234 2833 2299 illi
2886 2234 3169 2299 tradide-

581 2345 734 2399 runt
787 2337 1023 2421 partim
1093 2336 1176 2401 ab
1233 2336 1617 2423 Hieronymi
1679 2336 2044 2401 testimonio
2108 2336 2419 2423 profecta,
2466 2337 2702 2422 partim
2762 2338 3167 2423 ineptissime

582 2436 736 2503 ficta
781 2448 962 2519 sunt,
1007 2459 1218 2525 neque
1261 2438 1614 2524 quidquam
1660 2438 1834 2524 quod
1878 2438 2007 2503 fide
2050 2438 2321 2523 dignum
2364 2439 2452 2503 sit
2494 2439 2578 2503 ab
2606 2440 2688 2503 iis
2720 2439 3013 2504 additum
3044 2447 3165 2503 est.

581 2538 839 2624 plenam
905 2540 1298 2625 ineptiarum
1365 2541 1599 2619 vitam,
1675 2562 1843 2627 quae
1904 2541 1971 2604 in
2042 2539 2264 2605 codice
2318 2540 2612 2605 Parisino
2674 2548 2839 2612 7730
2906 2541 3167 2606 saeculo

583 2640 831 2706 decimo
890 2644 1133 2728 scripta
1186 2650 1314 2723 est,
1373 2640 1575 2706 edidit
1629 2642 1969 2707 Fabricius
2026 2641 2188 2707 bibl.
2235 2642 2380 2706 Lat.
2438 2642 2482 2705 l.
2527 2642 2625 2707 IV
2668 2666 2724 2709 c.
2773 2654 2809 2713 7
2858 2642 3013 2734 (vlol.
3057 2642 3169 2709 111

583 2766 648 2828 p.
698 2749 819 2813 408
869 2743 968 2808 ed.
1015 2742 1228 2829 Ern.).
1319 2742 1449 2807 alia
1490 2764 1617 2807 non
1662 2744 1892 2809 minus,
1922 2742 2155 2808 stolide
2198 2744 2467 2808 inventa
2510 2766 2594 2809 ex
2636 2744 2913 2829 Vergilii
2955 2766 3168 2830 gram-

581 2846 804 2909 matici
847 2842 1030 2909 libris
1087 2866 1296 2931 nuper
1352 2846 1694 2929 conposuit
1737 2845 1811 2909 F.
1858 2846 2143 2910 Haasius
2192 2846 2273 2911 de
2315 2846 2514 2910 medii
2556 2848 2701 2911 aevi
2746 2847 2977 2911 studiis
3024 2845 3169 2933 phi-

585 2945 877 3031 lologieis
934 2945 1202 3011 Vratisl.
1262 2969 1321 3010 a.
1384 2954 1546 3017 1856
1601 2970 1666 3033 p.
1726 2953 1785 3015 8.
1877 2946 2049 3011 Aelii
2116 2957 2333 3011 autem
2396 2968 2661 3031 nomen,
2726 2950 2899 3035 quod
2963 2947 3167 3035 vulgo

582 3047 843 3112 Donato
901 3050 1238 3131 tribuitur,
1295 3050 1362 3113 in
1419 3058 1560 3113 arte
1617 3050 2043 3135 grammatica
2097 3048 2361 3136 quidem
2413 3072 2733 3137 nusquam
2791 3073 2832 3114 a
2884 3048 3168 3115 librariis

584 3152 926 3235 scriptum,
974 3149 1090 3215 sed
1134 3173 1216 3215 ex
1262 3152 1718 3217 commentario
1764 3152 1831 3215 in
1862 3151 2151 3217 Terentii
2193 3152 2558 3217 comoedias
2600 3154 2694 3217 ita
2735 3154 2805 3217 in
2832 3152 3167 3218 codicibus

582 3253 923 3337 inscriptO,
981 3251 1192 3317 ‘Aelii
1235 3253 1484 3318 Donati
1527 3254 1608 3316 V.
1657 3253 1732 3319 C.
1792 3255 2064 3318 oratoris
2121 3254 2303 3319 urbis
2358 3254 2657 3334 Romae’,
2715 3256 2992 3341 petitum
3046 3265 3167 3321 est.

751 3354 854 3419 De
919 3356 1324 3437 auctoribuS,
1392 3355 1629 3442 quibus
1693 3355 1761 3419 in
1828 3353 1993 3420 libro
2060 3356 2401 3421 scribendo
2456 3356 2759 3421 Donatus
2824 3380 2981 3421 usus
3048 3368 3168 3440 est,

581 3465 847 3542 propter
900 3458 1112 3541 ipsam
1169 3466 1467 3522 naturam
1523 3456 1675 3521 libri
1731 3456 1814 3521 ab
1861 3458 2035 3521 omni
2097 3456 2429 3522 doctrinae
2464 3460 2687 3559 “specie
2730 3460 2963 3524 remoti
3004 3460 3169 3525 nihil

583 3566 858 3621 constat.
919 3581 1070 3623 nam
1115 3558 1288 3645 quod
1335 3560 1638 3624 Osannus
1685 3558 1961 3644 symbol.
2008 3558 2131 3622 litt.
2178 3558 2307 3623 vol.
2340 3560 2412 3624 ΙΙ
2456 3584 2519 3645 Ρ.
2553 3568 2677 3628 242
2724 3560 3169 3626 demonstrare

585 3660 860 3739 studuit,
919 3659 1115 3724 Probi
1158 3660 1458 3725 instituta
1500 3660 1608 3723 vel
1651 3668 1855 3724 artem
1910 3662 2253 3742 minorem,
2310 3684 2506 3749 quam
2546 3660 2658 3725 illc
2702 3661 2887 3744 dicit,
2948 3685 2987 3726 a
3029 3663 3164 3728 Do-

583 3770 735 3825 nato
779 3771 1094 3847 usurpata
1137 3784 1310 3843 esse,
1355 3760 1538 3827 nulla
1573 3763 1732 3827 satis
1778 3770 1957 3827 certa
2000 3764 2137 3828 eius
2180 3764 2276 3828 rei
2320 3773 2700 3849 argumenta
2740 3764 2997 3849 prolata
3026 3788 3168 3830 esse

581 3863 796 3928 video·
855 3886 1008 3928 nam
1049 3885 1131 3928 ne
1175 3863 1388 3929 dicam
1430 3866 1628 3927 istum
1659 3864 1857 3930 Probi
1902 3865 2141 3930 librum
2174 3864 2299 3931 'vix
2340 3866 2767 3953 antiquiorem
2800 3888 2943 3931 esse
2972 3890 3169 3954 quam

582 3965 858 4045 Donati,
917 3988 1048 4031 non
1103 3968 1267 4031 aliae
1323 3967 1494 4031 inter
1537 3975 1885 4055 utrumque
1928 3969 2209 4033 rationes
2254 3967 2693 4049 intercedunt,
2761 3990 2953 4053 quam
3000 3989 3167 4055 quae

583 4069 869 4132 omnium
913 4066 1051 4132 fere
1095 4070 1252 4133 artis
1299 4070 1688 4155 scriptorum
1734 4092 2104 4135 communes
2150 4079 2319 4135 sunt.
2411 4079 2479 4134 at
2522 4093 2670 4135 cum
2713 4070 3032 4135 Diomede
3074 4073 3169 4137 ita

582 4193 700 4257 pcr
740 4170 1117 4236 universum
1176 4169 1410 4236 librum
1465 4173 1788 4237 consentit
1829 4172 2167 4253 Donatus,
2224 4182 2297 4237 ut
2348 4171 2568 4237 multis
2623 4172 2814 4254 locis,
2872 4174 3042 4238 sicut
3096 4175 3163 4237 in

582 4273 996 4337 adnotatione
1060 4271 1420 4337 indicatum
1481 4284 1608 4356 est,
1675 4297 1804 4340 non
1863 4274 2070 4339 solum
2125 4275 2391 4338 eaedem
2442 4297 2545 4339 res
2607 4276 2977 4356 tradantur,
3047 4275 3165 4341 sed

583 4376 776 4439 etiam
820 4374 1026 4439 verba
1067 4374 1284 4439 verbis
1329 4376 1785 4461 respondeant.
1872 4378 1943 4440 in
1987 4399 2113 4463 quo
2158 4398 2481 4441 consensu
2536 4398 2930 4463 quamquam
2974 4400 3167 4463 quae-

583 4476 760 4556 dam,
819 4478 1100 4541 maxime
1145 4478 1212 4541 in
1254 4479 1438 4542 initio
1485 4477 1662 4558 libri,
1722 4479 1815 4542 ita
1856 4489 2209 4563 conparata
2264 4489 2446 4559 sunt,
2510 4489 2583 4543 ut
2626 4502 2709 4543 ex
2752 4479 3165 4544 uberioribus

581 4576 920 4641 Diomedis
951 4581 1429 4644 commentariis
1459 4579 1721 4645 brevior
1749 4580 1995 4644 Donati
2027 4580 2378 4666 disputatio
2412 4580 2561 4645 duci
2588 4582 2905 4667 potuerit,
2950 4591 3167 4646 tamen

582 4679 650 4742 in
694 4680 935 4744 maiore
979 4691 1162 4765 parte
1205 4662 1730 4768 praeceptorum,
1777 4704 1943 4769 quae
1986 4682 2215 4747 iisdem
2261 4683 2479 4748 verbis
2514 4684 2961 4769 conprehensa
2989 4684 3166 4771 apud

584 4780 966 4851 Diomedem
1013 4790 1078 4849 et
1120 4783 1452 4881 Donatum
1495 4784 1828 4869 leguntur,
1875 4784 2162 4850 dubitari
2205 4786 2428 4872 nequit
2472 4786 2627 4871 quin
2671 4786 2755 4850 ab
2802 4786 3166 4871 antiquiore
