3434 5442
1291 348 1712 449 PRAEFATIO
2667 365 2791 413 xlx

233 535 648 600 institutorum
692 535 921 616 libros„
978 557 1140 620 quos
1183 560 1355 604 nunc
1399 539 1745 621 habemuS,
1802 536 2041 621 legisse
2086 546 2151 600 et
2194 536 2408 602 Probo
2466 539 2792 617 tribuisse,

233 637 334 701 sed
376 638 567 702 etiam
609 636 856 701 nullum
915 638 1221 703 statuisse
1268 640 1618 706 discrimen
1677 643 1847 705 inter
1901 638 2072 703 hunc
2128 649 2193 701 et
2248 650 2535 705 veterem
2590 639 2795 719 illum,

232 761 406 825 quem
449 740 730 825 antiquis
777 740 1150 805 auctoribus
1196 743 1452 822 citavit,
1502 743 1664 808 adeo
1696 754 1772 807 ut
1796 727 1995 827 saepe
2028 740 2311 805 dubitari
2356 744 2590 825 possit,
2638 741 2795 827 quid

227 841 344 905 illis
386 841 572 906 libris
617 841 948 924 debuerit,
993 842 1152 929 quid
1197 866 1284 909 ex
1325 845 1690 932 antiquiore
1731 845 1911 909 fonte
1954 845 2284 930 petiverit:
2347 843 2433 907 ef.
2480 844 2683 907 Hertz
2727 845 2797 907 in

227 943 525 1008 Priscian.
571 942 702 1007 vol.
748 944 783 1007 Ι
825 966 890 1029 p.
941 954 1084 1013 171.

383 1045 650 1110 Servius
705 1068 964 1132 quoque
1018 1048 1086 1111 in
1142 1050 1620 1115 commentariis
1679 1048 2072 1134 Vergilianis
2128 1070 2258 1113 non
2314 1049 2524 1113 solum
2579 1070 2663 1113 ex
2716 1050 2795 1111 iis

225 1170 380 1231 quae
409 1146 664 1213 Probus
693 1150 766 1238 in
793 1147 1156 1234 Vergilium
1201 1150 1626 1217 adnotaverat
1668 1150 1873 1215 multa
1916 1152 2172 1232 citavit,
2221 1150 2335 1216 sed
2366 1152 2559 1215 etiam
2590 1173 2800 1235 gram-

224 1252 466 1315 maticis
511 1252 652 1315 eius
696 1249 880 1315 libris
925 1274 1085 1315 usus
1130 1262 1258 1334 est,
1304 1276 1432 1340 quo
1476 1254 1688 1318 refero
1732 1252 1925 1333 haec,
1970 1254 2035 1316 in
2068 1252 2235 1317 Aen.
2266 1253 2301 1316 Ι
2335 1260 2455 1321 194
2496 1253 2797 1339 partitur]

225 1358 536 1417 Sallustius
579 1358 669 1417 ait
712 1359 1087 1433 ‘provincias
1129 1362 1289 1419 inter
1329 1378 1394 1419 se
1431 1362 1877 1435 partiverant':
1934 1376 2074 1419 nam
2118 1366 2177 1418 et
2214 1362 2421 1435 partio
2464 1366 2522 1419 et
2552 1362 2802 1435 partior

227 1462 500 1533 dicimus,
551 1466 613 1519 et
653 1466 742 1519 est
783 1461 1026 1521 verbum
1070 1462 1147 1521 de
1188 1461 1283 1521 his
1323 1477 1512 1536 quae,
1559 1478 1694 1523 cum
1741 1470 2059 1537 utramque
2100 1463 2407 1537 recipiant
2449 1463 2801 1521 declinatio-

226 1580 378 1635 nem,
426 1578 552 1637 pro
595 1568 810 1621 nostra
864 1570 1066 1623 tamen
1109 1565 1418 1623 voluntate
1461 1567 1700 1625 activae
1752 1571 1891 1625 sunt
1942 1566 2429 1638 siqnificationis,
2492 1571 2556 1624 ut
2614 1566 2803 1639 punio

221 1668 453 1739 punior,
496 1663 750 1736 fabrico
785 1663 1090 1738 fabricor,
1137 1666 1278 1725 lavo
1321 1668 1516 1739 lavor,
1565 1683 1928 1741 quamquam
1970 1668 2293 1726 tentaverit
2320 1667 2549 1726 Probus
2585 1664 2805 1738 facere

225 1767 637 1842 differentiam
682 1768 844 1825 inter
885 1769 1146 1827 activam
1179 1770 1610 1843 passivamque
1651 1770 2185 1844 siqniftcationem,
2246 1774 2314 1828 ut
2356 1770 2629 1829 dicamus
2673 1775 2804 1828 ton-

227 1869 330 1928 deo
383 1870 676 1941 altcrzcm,
737 1870 994 1929 tondeor
1051 1870 1128 1929 ab
1182 1872 1377 1931 altero
1437 1866 1552 1951 (cf.
1610 1866 1925 1946 Priscian.
1981 1865 2110 1929 vol.
2159 1866 2193 1930 I
2249 1889 2313 1951 p.
2361 1874 2516 1945 393,
2576 1871 2672 1945 9):
2737 1868 2805 1929 in

225 1970 380 2030 Aen.
411 1966 549 2031 VII
581 1974 703 2036 421
752 1971 984 2031 Probus
1028 1973 1104 2031 de
1145 1978 1478 2049 temporum
1521 1974 1859 2033 conexione
1898 1973 2157 2032 libellum
2202 1975 2546 2047 conposuit,
2596 1974 2659 2031 in
2689 1989 2805 2047 quo

224 2074 417 2146 docet,
485 2074 642 2147 quid
680 2076 784 2133 cui
835 2074 1048 2133 debeat
1103 2076 1585 2147 accommodari,
1645 2092 1727 2134 ex
1782 2092 1897 2150 quo
1955 2076 2353 2148 intelleqimus
2406 2075 2569 2134 hanc
2627 2090 2805 2148 quam

220 2173 366 2247 fecit
417 2176 684 2235 arduam
739 2192 865 2235 esse
918 2178 1343 2235 cenete-ionem:
1399 2192 1540 2236 nam
1589 2178 1831 2252 patiere
1877 2175 2085 2249 futuri
2134 2178 2418 2251 temporis
2460 2182 2576 2249 est,
2630 2175 2807 2248 susos

223 2292 357 2336 vero
411 2278 816 2352 participium
871 2286 959 2337 est
1021 2280 1425 2353 praeteritum
1502 2273 1626 2359 (cf.
1685 2274 1903 2337 Diom.
1962 2281 2116 2355 388,
2178 2274 2329 2360 10):
2400 2282 2465 2336 et
2528 2272 2806 2338 fortasse

223 2376 408 2438 etiam
451 2374 520 2438 in
567 2375 740 2439 Aen.
784 2373 854 2437 X
899 2383 978 2445 33
1023 2374 1292 2462 iuveris]
1339 2383 1714 2440 concessibus
1758 2387 1846 2440 est
1886 2382 2095 2441 modus
2136 2382 2245 2439 iste
2286 2380 2609 2440 secundum
2655 2381 2805 2439 Pro-

221 2480 380 2541 bum:
423 2498 694 2555 namque
734 2483 800 2540 in
842 2482 1080 2541 artibus
1121 2499 1242 2542 non
1287 2484 1622 2543 invenitur:
1681 2484 1755 2554 fit
1799 2488 2024 2555 autem,
2087 2484 2358 2557 quotiens
2412 2483 2617 2541 taedio
2666 2498 2801 2541 con-

221 2583 494 2643 tentionis
551 2584 734 2658 quasi
785 2584 1058 2643 videmur
1098 2586 1434 2644 concedere
1485 2585 1650 2658 quod
1690 2591 1889 2643 tamen
1934 2586 2205 2644 nolumus
2242 2586 2387 2655 sieri
2426 2578 2542 2663 (cf.
2588 2579 2806 2643 Diom.

225 2688 367 2761 396,
425 2680 566 2765 30).
657 2681 826 2743 inter
879 2680 1042 2745 haec
1095 2682 1298 2764 igitur
1351 2702 1431 2745 ea
1481 2703 1651 2767 quae
1707 2704 1792 2746 ex
1847 2680 2181 2746 catholicis
2230 2692 2336 2761 17,
2383 2688 2422 2749 2
2466 2682 2695 2745 citavit
2738 2682 2805 2744 in

223 2782 376 2845 Aen.
408 2781 482 2846 ΙΙ
529 2792 631 2862 15,
677 2788 876 2846 instar
919 2802 1134 2847 nomen
1177 2767 1264 2846 est
1308 2788 1736 2847 indeclinabile
1777 2789 1919 2848 licet
1962 2788 2199 2847 Probus
2242 2788 2491 2847 instaris
2545 2788 2808 2846 declina-

223 2890 392 2961 verit,
441 2895 510 2948 ut
554 2868 855 2964 nectaris,
903 2885 998 2949 ita
1041 2885 1284 2969 scripta
1327 2893 1508 2964 sunt,
1559 2894 1634 2949 ut
1676 2885 1885 2950 eidem
1930 2885 2209 2967 auctori,
2256 2886 2361 2949 cui
2406 2884 2659 2970 reliqua
2702 2884 2809 2949 de-

225 2985 480 3067 bentur,
527 2985 734 3052 tribui
776 2986 1143 3051 videantur.
1203 2988 1416 3051 minus
1461 2996 1712 3053 certum
1758 2998 1885 3067 est,
1932 2997 2149 3051 utrum
2195 3009 2279 3051 ex
2325 2986 2551 3051 eodem
2594 2985 2811 3051 catho-

223 3086 382 3152 licon
425 3088 574 3153 loco
623 3110 706 3151 an
751 3111 835 3152 ex
879 3087 1257 3172 Vergiliano
1315 3089 1778 3154 commentario
1834 3090 2041 3174 petita
2097 3090 2227 3153 sint
2279 3088 2473 3168 hacc,
2532 3089 2599 3151 in
2629 3090 2809 3151 Ἀθη.

225 3188 312 3253 VI
343 3196 466 3259 866
511 3196 728 3267 instar,
776 3196 1132 3267 similitudO,
1182 3202 1240 3254 et
1267 3203 1353 3255 est
1380 3212 1624 3269 nomen,
1674 3196 1839 3271 quod
1864 3212 1983 3254 non
2014 3196 2233 3269 recipit
2264 3195 2813 3269 praepositionem:

223 3296 302 3353 ad
339 3297 542 3357 instar
585 3299 742 3357 enim
785 3314 908 3357 non
953 3298 1234 3371 dicimus,
1285 3298 1452 3372 quod
1492 3296 1729 3358 Probus
1772 3297 2051 3357 declarat
2096 3292 2209 3378 (al.
2256 3293 2571 3375 declinat).

385 3395 498 3459 Ex
542 3394 812 3481 reliquis
858 3394 1298 3480 grammaticis
1344 3417 1533 3460 nemo
1564 3397 1827 3482 saepius
1858 3394 2057 3459 Probi
2088 3393 2271 3459 libris
2302 3416 2460 3458 usus
2492 3404 2591 3459 est
2619 3416 2815 3480 quam

227 3494 601 3581 Pompeiae,
649 3498 761 3584 qui
803 3497 1106 3562 instituta
1150 3505 1216 3561 et
1259 3497 1580 3563 catholica
1622 3499 1955 3562 nominum
1998 3497 2385 3561 memoravit
2428 3518 2491 3582 p.
2543 3506 2663 3566 156
2709 3497 2811 3560 ed.

227 3596 407 3665 Lind.
453 3604 705 3679 scripsit
747 3608 946 3663 autem
993 3605 1079 3662 ad
1119 3604 1280 3663 hunc
1321 3606 1516 3665 locum
1562 3604 1796 3664 Probus
1838 3587 2018 3665 unum
2060 3604 2314 3672 librum;
2360 3606 2469 3662 istc
2509 3604 2818 3662 institutor

229 3706 338 3763 iam
379 3711 580 3765 artem
625 3707 900 3781 scripsit:
942 3722 1062 3765 non
1105 3708 1354 3780 scripsit
1393 3705 1714 3781 perfectis,
1765 3708 1873 3765 sed
1914 3706 2003 3764 ad
2042 3722 2141 3764 eos
2184 3707 2290 3780 qui
2330 3707 2535 3765 volunt
2574 3722 2639 3764 se
2672 3722 2817 3779 per-

225 3804 412 3876 sectos
455 3822 615 3880 esse,
665 3802 987 3868 catholica
1031 3804 1362 3867 nominum
1391 3825 1460 3888 p.-
1494 3810 1614 3872 196
1658 3809 1844 3868 habes
1886 3823 2068 3867 unum
2111 3806 2332 3867 librum
2364 3807 2552 3866 Pr0bi
2590 3806 2667 3865 de
2704 3808 2818 3865 isto

231 3911 495 3978 yenetivo
535 3911 864 3985 scriptum,
914 3914 1145 3969 tantum
1189 3911 1366 3969 modo
1409 3910 1526 3969 hoc
1567 3911 1759 3970 solum
1806 3914 2035 3969 tractat
2079 3911 2141 3968 in
2188 3910 2291 3968 illo
2332 3909 2509 3969 libro.
2602 3902 2819 3968 catho-

235 4002 392 4071 licon
433 4008 642 4092 igitur
685 4005 885 4089 libro,
933 4016 1008 4071 ut
1051 4029 1130 4070 ea
1173 4029 1344 4072 nunc
1389 4006 1672 4093 primum
1714 4027 1984 4091 ponam,
2043 4006 2123 4070 de
2167 4006 2403 4093 quibus
2448 4016 2625 4070 certo
2672 4026 2818 4068 con-

237 4116 382 4189 stat,
425 4130 588 4173 usus
620 4119 721 4174 est
743 4130 811 4193 p.
844 4115 923 4178 92
970 4116 1240 4187 quamvis
1281 4115 1456 4189 apud
1479 4114 1743 4173 Probum
1788 4114 2121 4172 invenimus
2162 4113 2262 4173 hic
2304 4114 2467 4172 later
2508 4116 2572 4171 et
2598 4130 2663 4191 p.
2697 4113 2818 4175 205

239 4212 316 4270 ita
353 4216 512 4275 enim
547 4212 748 4288 facit,
807 4217 1000 4275 later:
1053 4218 1140 4275 ita
1183 4215 1340 4274 enim
1385 4216 1637 4289 lecimus
1681 4217 1745 4275 in
1792 4216 1995 4276 Probo
2038 4222 2096 4274 et
2138 4216 2201 4274 in
2248 4214 2544 4287 antiquis:
2602 4216 2678 4275 17
2692 4254 2710 4286 ,
2758 4218 2818 4275 4.

243 4330 316 4371 ex
356 4311 684 4381 institutis,
719 4316 956 4378 artium
1001 4322 1218 4377 autem
1264 4313 1424 4376 haec·
1467 4314 1674 4397 petita
1718 4321 1898 4394 sunt,
1943 4336 2009 4398 p.
2058 4320 2137 4382 93
2195 4320 2255 4375 et
2296 4314 2530 4374 Probus
2573 4315 2816 4385 adiecit,

245 4417 339 4474 sed
377 4418 668 4477 accidunt
709 4418 892 4476 etiam
935 4427 1256 4479 accentus:
1316 4418 1602 4478 habemus
1644 4422 1708 4479 in
1754 4420 1951 4479 Probo
2008 4424 2318 4478 accentum
2372 4418 2553 4476 etiam
2598 4418 2828 4475 nomini

249 4519 540 4579 accidere:
583 4520 768 4593 leqitc
809 4524 1004 4579 artem
1040 4521 1231 4581 Probi
1269 4528 1328 4581 et
1367 4522 1715 4581 invenietis:
1762 4527 1835 4587 51
1854 4563 1873 4597 ,
1920 4523 2024 4583 22.
2112 4538 2176 4599 p.
2226 4521 2347 4583 128
2391 4520 2825 4591 conparativus

251 4620 464 4687 aradus
504 4622 748 4694 ceneris
791 4629 892 4697 est„
917 4638 1155 4697 semper
1197 4625 1554 4690 communis,
1602 4624 1869 4695 doctior,
1930 4627 2185 4696 excepto
2230 4637 2351 4680 uno
2368 4665 2385 4693 ,
2437 4628 2503 4679 ut
2546 4622 2632 4679 ait
2677 4621 2825 4679 Pro-

191 4720 196 4730 '
257 4716 364 4793 bus,
405 4726 637 4783 senior:
683 4727 794 4801 61,
842 4728 901 4787 3.
971 4743 1036 4805 p.
1088 4729 1205 4789 135
1252 4730 1584 4784 tractatum
1626 4731 1714 4783 est
1755 4725 1871 4783 hoc
1916 4741 1955 4781 a
2002 4724 2200 4783 Probo
2245 4725 2454 4795 aliter,
2506 4738 2545 4780 a
2590 4722 2827 4781 Donato

261 4822 418 4881 aliter
457 4830 528 4885 et
567 4840 625 4901 p.
675 4828 794 4891 137
849 4832 908 4883 et
963 4826 1076 4885 boc
1123 4826 1355 4885 Probus
1396 4828 1667 4901 sequitur
1709 4832 1768 4883 et
1812 4828 1898 4885 ait
1952 4826 2070 4897 sic,
2134 4827 2333 4884 omnia
2392 4825 2681 4883 actvm-bia
2739 4826 2831 4882 vel

2334 4922 2375 4984 b
2391 4922 2424 4958 r?-
