3434 5442
1291 339 1710 404 PRAEFATIO
2614 356 2790 403 xxix

233 539 492 592 tatarum
535 549 679 591 esse
721 528 1063 614 promittit.
1120 526 1442 613 quaedam
1499 528 1672 591 enim
1729 526 1816 591 ad
1870 547 2012 590 eam
2056 536 2306 613 partem
2353 548 2520 611 quae
2565 538 2665 592 est
2710 527 2791 592 de

231 632 428 694 metris
471 630 574 694 vel
617 629 702 693 de
745 631 970 694 metris
1015 638 1080 694 et
1125 630 1484 706 structuris,
1531 627 1814 714 plurima
1858 627 1939 694 ad
1986 650 2127 693 eam
2158 649 2325 714 quae
2355 638 2452 694 est
2491 630 2571 694 de
2616 631 2791 693 sonis

232 733 642 796 remittuntur.
696 732 769 795 in
823 741 958 796 tam
1015 729 1236 795 multis
1292 731 1494 816 igitur
1544 729 1805 794 infimae
1861 732 2093 795 aetatis
2154 729 2411 796 indiciis
2457 732 2573 795 vix
2626 751 2789 817 opus

231 844 318 898 est
357 854 427 897 eo
471 841 874 918 argumente,
921 856 1048 920 quo
1092 834 1175 898 A.
1219 831 1434 896 Maius
1479 853 1636 896 usus
1682 841 1803 914 est,
1858 839 1933 895 ut
1972 831 2211 897 librum
2254 842 2484 919 quarto
2531 834 2789 898 saeculo

231 958 344 1000 non
382 937 800 1000 vetustiorem
845 956 989 999 esse
1033 935 1357 1022 probaret,
1401 934 1575 1020 quod
1605 931 2161 998 Diocletianarum
2204 935 2443 1000 mentio
2488 933 2667 998 facta
2695 942 2794 997 est

235 1045 357 1118 119,
399 1045 497 1106 26.
542 1059 774 1102 verum
815 1048 1034 1102 tamen
1077 1046 1150 1101 ut
1191 1046 1368 1101 recte
1412 1035 1492 1100 de
1545 1035 1668 1100 hoc
1725 1034 1893 1099 libro
1947 1034 2301 1117 iudicetur,
2357 1034 2519 1101 illud
2574 1045 2790 1100 tenen-

230 1140 366 1204 dum
407 1149 521 1223 est,
565 1161 698 1205 non
743 1141 828 1204 ad
869 1139 1228 1226 perfectam
1272 1139 1431 1202 artis
1479 1138 1815 1202 scientiam
1870 1159 2017 1202 eum
2071 1139 2386 1223 scriptum
2442 1159 2618 1220 esse,
2678 1137 2793 1201 sed

229 1243 524 1308 tironibus
568 1241 987 1307 instituendis
1034 1242 1446 1307 destinatum.
1479 1239 1655 1326 quod
1685 1261 1835 1304 cum
1864 1239 2074 1304 omnis
2103 1238 2254 1304 libri
2294 1241 2461 1304 ratio
2506 1250 2571 1304 et
2612 1239 2791 1304 indo-

107 1370 113 1383 ·
231 1346 330 1425 les,
363 1344 440 1410 de
459 1367 589 1431 qua
611 1345 805 1409 modo
829 1344 986 1426 dixi,
1023 1344 1275 1432 probat,
1307 1352 1444 1408 tum
1458 1342 1805 1428 Pompeius
1830 1343 2291 1426 grammaticus
2326 1365 2388 1426 p.
2411 1349 2532 1411 156
2572 1341 2791 1406 verbis

232 1469 412 1532 supra
437 1469 500 1532 p.
529 1445 708 1511 XIX
738 1448 966 1532 positis
997 1445 1318 1512 adfirmat.
1348 1445 1478 1510 fuit
1505 1454 1723 1509 autem
1753 1445 1859 1509 hie
1886 1465 2026 1508 mos
2070 1445 2655 1529 grammaticorum,
2701 1453 2793 1523 ut,

231 1572 366 1613 cum
407 1549 590 1613 aliter
634 1547 908 1613 rudibus
953 1548 1337 1629 litterarum,
1385 1547 1574 1612 aliter
1618 1545 2014 1611 doctioribus
2060 1545 2473 1611 scribendum
2517 1567 2657 1609 esse
2701 1546 2794 1609 in-

232 1650 621 1736 tellegerent,
687 1661 802 1716 aut
863 1650 990 1736 ipsi
1035 1651 1274 1715 artium
1337 1651 1685 1735 scriptores
1751 1648 2003 1713 duobus
2059 1647 2243 1713 libris
2299 1648 2557 1713 diverso
2600 1645 2794 1711 modo

46 1776 111 1833 ’ἱ
231 1754 563 1839 conpositis
628 1755 924 1839 utrisque
987 1751 1426 1830 consulerent,
1496 1760 1610 1815 aut
1671 1752 1882 1815 minor
1937 1749 2503 1815 celeberrimarum
2559 1750 2795 1814 artium

233 1855 413 1918 editio
457 1855 634 1938 (nam
669 1857 764 1921 ita
805 1854 1006 1940 vulgo
1050 1853 1382 1939 dicebant)
1429 1863 1769 1938 pararetur
1812 1853 1897 1918 ab
1942 1851 2109 1917 aliis.
2155 1854 2339 1918 cuius
2384 1851 2478 1917 rei
2508 1852 2795 1916 luculen-

231 1957 530 2020 tissimum
574 1955 948 2043 exemplum
990 1956 1305 2043 praebent
1360 1965 1532 2019 artes
1577 1954 1824 2019 Donati
1876 1957 1943 2018 in
1997 1954 2122 2021 hoe
2177 1954 2503 2020 volumine
2561 1954 2793 2019 editae.

227 2057 379 2122 illud
419 2059 618 2143 igitur
659 2070 735 2123 ut
779 2059 860 2123 de
904 2060 1216 2123 institutis
1263 2058 1464 2123 Probi
1507 2079 1765 2143 quoque
1808 2055 2056 2122 factum
2101 2079 2242 2122 esse
2284 2067 2606 2142 putemus,
2653 2079 2798 2121 sua-

233 2159 378 2225 dent
415 2160 528 2225 illa
572 2161 954 2248 saepissime
998 2161 1080 2226 ab
1127 2161 1248 2226 hoc
1293 2161 1716 2244 grammatico
1763 2160 2054 2245 repetita,
2102 2160 2338 2247 quibus
2382 2159 2589 2224 multa
2631 2181 2797 2246 quae

231 2264 436 2328 omisit
478 2262 604 2327 alio
651 2263 791 2329 loco
835 2285 906 2327 se
949 2271 1376 2328 tractaturum
1421 2282 1562 2325 esse
1608 2259 1967 2346 pollicetur.
2014 2262 2252 2349 quibus
2296 2263 2633 2348 promissis
2674 2260 2797 2326 hoc

231 2365 503 2430 indicare
545 2365 840 2445 videtur,
900 2385 968 2428 se
1021 2365 1175 2429 huic
1229 2361 1489 2448 vulgari
1543 2373 1608 2428 et
1663 2365 1881 2448 pueris
1938 2364 2299 2428 destinatae
2342 2365 2499 2429 artis
2546 2365 2799 2451 exposi-

231 2468 380 2531 tioni
423 2467 621 2532 alium
667 2478 734 2532 et
777 2467 1130 2530 doctiorem
1173 2465 1432 2546 librum,
1476 2466 1589 2551 qui
1633 2467 1699 2529 in
1745 2465 1971 2530 eodem
2000 2475 2380 2550 argumento
2410 2477 2799 2547 versaretur,

229 2570 404 2653 quasi
448 2569 530 2633 ad
574 2568 1036 2655 perficiendam
1095 2568 1522 2633 eruditionem
1577 2567 1873 2632 subicere
1928 2567 2233 2633 voluisse.
2288 2568 2464 2633 idem
2518 2570 2799 2634 sensisse

229 2671 476 2734 videtur
515 2672 572 2734 is
618 2672 732 2757 qui
775 2671 843 2734 in
889 2670 1186 2736 Parisino
1229 2668 1430 2751 libro,
1477 2691 1693 2751 suam,
1741 2671 1986 2755 opinor,
2033 2672 2474 2736 coniecturam
2518 2681 2799 2752 secutae,

229 2794 347 2836 non
387 2775 594 2838 veteri
637 2774 1007 2838 testimonio
1064 2795 1240 2853 usus,
1303 2782 1510 2836 artem
1563 2773 1879 2837 minorem
1935 2772 2126 2838 hunc*
2162 2773 2402 2838 librum
2444 2773 2794 2859 inscripsit.

229 2875 496 2961 denique
549 2877 850 2962 quamvis
905 2897 1119 2961 pauca
1171 2875 1238 2938 in
1295 2874 1411 2939 tali
1467 2873 1729 2960 quidem
1774 2874 1939 2940 libro
1986 2876 2069 2940 ad
2112 2885 2399 2941 veterem
2442 2876 2803 2941 doctrinam

229 2977 444 3041 referri
490 2980 774 3064 possint,
843 2989 1086 3059 tamen,
1145 2977 1210 3040 ni
1255 2975 1476 3057 fallor,
1535 2984 1600 3040 et
1641 2978 1707 3040 in
1754 2976 2049 3042 doctrina
2091 2979 2545 3062 grammatica,
2606 2998 2804 3064 quam

229 3077 322 3142 hic
365 3081 641 3165 scriptor
670 3082 980 3167 sequitur,
1028 3088 1094 3143 et
1135 3081 1202 3144 in
1245 3100 1374 3143 non
1419 3077 1614 3143 nullis
1659 3081 2147 3165 quaestionibus
2193 3103 2340 3144 eum
2387 3081 2465 3144 iis
2511 3102 2678 3166 quae
2723 3079 2827 3150 de.

231 3203 343 3243 usu
385 3191 715 3246 extremae
761 3183 991 3247 aetatis
1035 3183 1334 3268 exposita
1378 3188 1530 3245 sunt
1581 3183 1941 3246 coniunctis
1997 3183 2275 3266 vestigia
2332 3183 2651 3268 quaedam
2695 3203 2803 3244 an·

231 3284 516 3368 tiquioris
560 3285 880 3365 auctoris,
926 3305 1118 3369 quem
1163 3293 1423 3349 secutus
1455 3294 1572 3365 est,
1619 3283 1956 3368 adparent.
2002 3283 2194 3348 redeo
2240 3282 2325 3348 ad
2366 3282 2481 3348 illa
2507 3283 2807 3348 instituta

231 3387 482 3466 artium,
551 3407 722 3472 quae
776 3384 929 3451 olim
983 3407 1132 3450 cum
1187 3384 1522 3450 catholicis
1580 3386 1926 3450 coniuncta
1977 3385 2262 3452 fuerunt.
2319 3386 2399 3451 de
2454 3407 2582 3473 quo
2636 3383 2802 3450 libro

230 3489 522 3572 quoniam
550 3495 814 3573 praeter
843 3509 1072 3573 pauca,
1118 3509 1284 3574 quae
1311 3489 1384 3551 in
1427 3487 1761 3552 catholicis
1806 3487 2011 3552 relata
2055 3497 2221 3570 sunt,
2269 3487 2430 3553 nihil
2459 3488 2806 3552 memoriae

229 3588 542 3672 proditum
591 3601 721 3670 est,
777 3587 942 3653 nihil
985 3592 1146 3654 certi
1190 3598 1474 3671 constat,
1531 3591 1654 3653 nisi
1701 3592 1845 3676 quis
1892 3612 1977 3654 ex
2022 3590 2273 3655 duobus
2317 3590 2502 3656 libris
2549 3588 2807 3655 Claudii

233 3689 590 3757 Sacerdotis
644 3693 1052 3776 grammatici
1096 3691 1342 3778 aliquid
1383 3692 1769 3757 concludere
1824 3691 1999 3774 velit,
2056 3700 2145 3773 ut,
2193 3715 2386 3780 quem
2431 3692 2516 3758 ad
2545 3693 2808 3758 modum

233 3792 382 3857 alter
421 3795 594 3859 liber
636 3793 975 3860 catholicis
1019 3793 1216 3859 Probi
1265 3793 1489 3857 similis
1537 3802 1662 3875 est,
1707 3794 1803 3857 ita
1847 3795 2127 3879 priorem
2171 3796 2485 3860 institutis
2532 3794 2807 3860 similem

235 3893 418 3959 fuisse
474 3897 677 3961 dicat.
735 3917 1128 3982 quamquam
1181 3895 1304 3959 hoe
1357 3918 1614 3982 quoque
1667 3895 1861 3960 valde
1916 3898 2233 3962 incertum
2287 3908 2405 3962 est.
2476 3896 2593 3962 sed
2646 3896 2809 3962 illud

235 3995 340 4061 hoc
405 3997 549 4064 loco
623 4021 758 4064 non
824 4008 924 4062 est
989 3997 1446 4079 omittendum,
1522 4000 1979 4081 grammaticos
1996 4046 2014 4080 ,
2098 4000 2210 4085 qui
2279 4021 2476 4085 supra
2539 3999 2807 4064 indicati

239 4109 394 4174 sunt,
457 4100 704 4182 multa,
783 4123 951 4188 quae
1017 4101 1082 4164 in
1150 4100 1228 4164 iis
1295 4098 1480 4165 libris
1545 4103 1657 4186 qui
1723 4122 1894 4166 nunc
1949 4100 2148 4165 Probi
2201 4103 2457 4166 nomine
2512 4101 2810 4187 inscripti

243 4199 514 4270 feruntur
557 4225 692 4268 non
739 4203 986 4289 scripta
1029 4211 1180 4266 sunt
1223 4202 1330 4267 vel
1373 4223 1501 4266 non
1547 4203 1704 4266 satis
1750 4212 1927 4267 certo
1974 4203 2057 4268 ad
2101 4225 2211 4268 eos
2254 4202 2485 4268 referri
2513 4214 2808 4288 possunt,

247 4301 370 4368 huie
407 4307 842 4391 grammatico
890 4305 1215 4370 tribuisse.
1271 4304 1430 4370 haec
1474 4305 1673 4389 igitur
1716 4307 1961 4386 omnia,
2020 4327 2187 4391 quae
2242 4305 2503 4392 quidem
2560 4306 2642 4369 ad
2700 4327 2807 4370 eos

249 4402 416 4471 libros
456 4410 572 4494 qui
617 4429 794 4473 nunc
841 4417 1192 4493 supersunt
1245 4427 1373 4471 non
1431 4407 1789 4492 pertinent,
1848 4431 1931 4471 ex
1988 4408 2350 4494 antiquiore
2404 4417 2469 4472 et
2510 4407 2809 4473 ‘doctiore

255 4503 386 4572 libro
427 4510 650 4590 Probi,
697 4511 811 4597 qui
855 4520 1115 4596 praeter
1155 4509 1326 4574 hunc
1369 4519 1689 4575 recentem
1736 4521 1801 4576 et
1841 4513 1909 4575 in
1948 4531 2139 4574 usum
2184 4511 2465 4573 tironum
2494 4511 2810 4594 scriptum

261 4605 376 4672 olim
415 4611 718 4693 extabat,
763 4613 974 4697 petita
1016 4621 1196 4691 sunt,
1243 4611 1382 4675 sive
1425 4612 1480 4674 is
1537 4610 1619 4674 ab
1663 4609 1976 4677 institutis
2018 4611 2149 4676 illis
2162 4659 2180 4693 ,
2250 4634 2417 4698 quae
2462 4611 2615 4676 olim
2660 4623 2810 4676 ante

265 4713 538 4779 catholica
583 4717 833 4800 scripta
877 4723 1078 4794 erant,
1117 4735 1264 4777 ⁴non
1310 4713 1604 4777 diversus
1651 4712 1806 4794 fuit,
1852 4716 1993 4778 sive
2036 4714 2197 4779 haec
2242 4735 2497 4800 quoque
2556 4735 2637 4777 ex
2693 4713 2807 4778 illo

271 4827 528 4903 excerpta
573 4827 782 4882 erant.
