3434 5442
641 339 763 403 560
1762 336 2069 420 [senon]

717 443 750 485 s.
776 443 838 484 69.
869 442 946 485 09*
967 442 1063 484 cod.
1091 441 1195 484 Lav-

805 523 1036 584 Arcessi
1077 523 1272 603 potius
1316 541 1490 603 quam
1534 525 1808 585 arcessiri
1852 523 2166 588 dicendum
2212 544 2340 587 esse
2386 528 2527 588 satis
2569 535 2775 608 aperte
2818 527 2968 590 mihi
3012 528 3201 590 videor

639 623 984 686 ostendisse.
1074 623 1253 687 rebus
1294 626 1356 685 in
1403 644 1470 686 ea
1514 627 1743 688 ratione
1788 627 1869 688 ait
1911 644 2147 689 arcesso
2192 645 2320 688 csse
2364 631 2533 707 quasi
2574 648 2751 692 arceo
2796 647 3055 692 cessare.

805 726 1090 788 Funditus
1136 725 1404 790 caelitus:
1462 728 1776 790 Terentius
1821 731 2081 810 ‘pereo
2135 728 2530 792 funditus’.
2620 731 2705 793 sic
2748 733 3071 812 antiquitus
3113 751 3201 792 ra·

638 827 848 890 dicitus
891 827 982 890 vel
1025 837 1239 892 cetera.

586 948 612 988 5
833 926 861 1013 ΙΙ
909 931 1043 992 Rite
1095 933 1574 1012 conparationem
1632 950 1755 994 non
1810 933 2049 1013 recipit,
2106 935 2243 1014 quia
2294 953 2415 996 non
2468 935 2719 996 dicimus
2778 937 2972 997 ritius.
3059 936 3203 998 bene

637 1041 698 1092 et
739 1031 892 1093 male
935 1051 1054 1094 non
1099 1033 1320 1095 habent
1363 1033 1626 1112 regulam
1671 1035 2107 1114 conpar-ationis
2147 1036 2412 1116 integra,
2458 1035 2563 1098 sed
2607 1044 2829 1100 mutato
2874 1057 3024 1100 sono
3068 1057 3202 1100 con-

635 1143 947 1216 parantur:
1006 1154 1127 1198 non
1179 1135 1330 1198 bene
1385 1136 1622 1208 benius,
1677 1136 1785 1198 sed
1828 1136 1981 1200 bene
2038 1136 2271 1201 melius:
2327 1155 2469 1201 nam
2512 1137 2761 1202 dicimus
2803 1139 3065 1220 benigne
3106 1139 3203 1201 he-

639 1238 890 1317 nignius.
979 1239 1066 1300 sic
1109 1245 1168 1300 et
1207 1238 1381 1301 male.

806 1339 1091 1401 Funditus
1147 1339 1389 1403 caelitus
1454 1342 1773 1422 antiquitus
1838 1341 2117 1404 radicitus
2180 1341 2445 1423 stirpitus
2510 1341 2785 1406 divinitus
2844 1343 3199 1406 humanitus.

561 1460 612 1503 10
641 1443 854 1504 caesim
901 1443 1283 1505 continuatim
1339 1444 1554 1523 passim
1603 1444 1854 1505 vicissim
1912 1445 2129 1524 raptim
2184 1446 2403 1506 cursim
2448 1447 2699 1507 strictim
2732 1446 3073 1525 —castigatim
3116 1465 3201 1506 se-

639 1546 924 1624 gregatim
971 1547 1184 1624 partim
1228 1545 1649 1626 pedetemptim
1692 1545 1971 1626 paulatim
2014 1547 2286 1608 minutim
2328 1549 2551 1610 sensim
2596 1547 2797 1610 furtim
2842 1550 3195 1610 summatim.

635 1647 944 1728 participia
987 1654 1125 1708 suut
1166 1647 1379 1709 omnia.

1633 1835 1731 1896 DE
1773 1834 2209 1898 PARTlClPlO.

809 1989 850 2026 a·
911 1970 1236 2032 adiectione
1292 1969 1678 2032 declinatione
1734 1980 2008 2033 accentu:
2064 1972 2511 2052 conparatione,
2574 1981 2639 2035 ut
2698 1972 2907 2035 doctus
2950 1973 3196 2036 doctior:

561 2087 612 2131 ιε
638 2072 990 2145 adiectione,
1035 2081 1100 2133 ut
1144 2075 1317 2134 ‘nate
1361 2071 1536 2143 dea'3
1581 2075 1633 2134 si
1677 2081 1813 2134 nate
1858 2083 2083 2136 tantum
2128 2074 2305 2136 modo
2348 2075 2537 2144 dicas,
2585 2075 2965 2156 participium
3009 2087 3123 2146 est;
3150 2080 3195 2138 si

639 2175 920 2255 adiungas
965 2174 1100 2246 dea,
1160 2192 1376 2235 nomen
1433 2183 1523 2236 est
1577 2183 1741 2236 nate:
1800 2185 2074 2247 accentu,
2131 2194 2312 2257 pareo
2367 2195 2611 2257 parens:
2667 2177 3061 2240 declinatione
3104 2181 3193 2248 sie,

638 2295 855 2340 nomen
894 2286 1010 2349 est,
1056 2276 1290 2359 quaudo
1319 2285 1560 2359 quartae
1591 2277 1999 2340 declinationis
2030 2286 2145 2348 est;
2192 2277 2426 2358 quando
2456 2279 2779 2352 secundae,
2810 2282 3193 2360 participium.

1565 2465 1662 2526 DE
1706 2464 2275 2529 coN1vNcT10NE.

807 2602 1261 2698 Coniunctiones
1301 2619 1534 2682 quoque
1577 2610 1720 2664 sunt
1760 2621 1881 2663 non
1922 2602 2164 2666 minima
2207 2609 2377 2683 parte
2420 2605 2578 2665 acuti
2623 2605 2862 2666 tenoris.
2954 2604 3197 2666 Scaurus

560 2727 614 2769 20
639 2704 754 2767 hoc
796 2704 1005 2766 ordine
1049 2705 1246 2784 posuit
1288 2704 1733 2765 coniunctiones
1777 2703 2161 2784 copulativas,
2208 2712 2268 2765 et
2308 2712 2368 2766 at
2396 2712 2571 2783 atque
2602 2707 2782 2767 immo
2812 2714 2905 2769 ast·
2946 2725 3046 2775 ac;
3088 2707 3197 2768 dis-

638 2807 921 2868 iunctivas
963 2809 1076 2879 sic,
1122 2813 1223 2868 aut
1265 2826 1333 2867 ve
1376 2805 1468 2868 vel
1512 2823 1621 2868 nec
1665 2824 1877 2886 neque.
1938 2805 2253 2887 expletivas
2284 2807 2539 2869 Scaurus
2569 2808 2655 2870 sic
2697 2809 2922 2888 posuit,
2970 2808 3194 2887 quidem

639 2908 912 2990 equidem
956 2908 1187 2989 quoque
1232 2916 1426 2971 autem
1468 2917 1670 2970 tamen
1712 2925 1923 2987 porro;
1971 2906 2263 2980 causales,
2308 2910 2357 2970 si
2404 2911 2515 2970 etsi
2552 2910 2780 2971 etiamsi
2824 2919 2948 2972 tam
2978 2911 3197 2972 tametsi

637 3010 925 3092 siquidem
990 3012 1223 3092 quando
1289 3008 1762 3092 quandoquidem
1826 3011 1964 3091 quin
2040 3011 2359 3090 quinetiam
2426 3012 2698 3073 sinetiam
2766 3012 2888 3073 sive
2959 3029 3065 3072 seu
3114 3013 3197 3072 sin

637 3131 773 3176 nam
829 3130 1083 3192 namque
1140 3113 1200 3175 ni
1252 3114 1366 3175 nisi
1421 3112 1585 3173 nisisi
1641 3114 1799 3173 enim
1844 3113 2061 3173 etenim
2108 3112 2211 3174 sed
2257 3121 2565 3192 praeterea
2608 3111 2995 3194 quamobrem
3036 3131 3196 3194 prae-

557 3235 612 3278 25
647 3215 848 3278 sertim
916 3233 1090 3296 quam
1157 3217 1418 3295 quamvis
1486 3214 1737 3294 proinde
1814 3213 2005 3276 saltim
2079 3212 2347 3276 videlicet
2406 3216 2550 3277 item
2612 3216 2870 3296 itemque
2942 3223 3196 3277 ceterum

637 3316 893 3397 alioquin
949 3325 1263 3398 propterea
1319 3335 1479 3378 sanc.
1567 3317 1825 3378 Scaurus
1877 3315 2192 3378 rationales
2246 3317 2330 3377 sic
2384 3318 2609 3396 posuit,
2680 3334 2823 3396 ergo
2878 3319 3063 3397 igitur
3126 3320 3197 3379 ita

633 3421 830 3500 itaque
892 3421 1191 3481 enimvero
1254 3422 1390 3501 quia
1456 3437 1570 3500 qua
1635 3428 1995 3500 quapropter
2057 3420 2275 3500 quippe
2338 3420 2615 3500 quoniam
2686 3421 3197 3502 quoniamquidem

635 3522 768 3583 ideo
823 3521 1044 3583 idcirco
1099 3521 1324 3584 scilicet
1376 3528 1680 3602 quatenus
1770 3522 1956 3601 figura
2012 3529 2101 3582 est
2150 3522 2215 3582 in
2268 3521 2818 3594 coniunctionibuS,
2864 3541 2983 3603 qua
3027 3543 3197 3604 appa-

637 3631 755 3696 ret,
803 3630 1000 3685 utrum
1044 3622 1342 3705 simplices
1385 3625 1502 3685 sint
1543 3625 1988 3685 coniunctiones
2032 3641 2108 3685 an
2152 3625 2518 3703 conpositae:
2576 3622 2903 3704 simplices,
2953 3633 3019 3686 ut
3061 3645 3200 3706 quo-

558 3745 612 3788 ao
637 3727 826 3794 niam;
885 3728 1223 3806 conpositae
1277 3724 1793 3806 quoniamquidem
1848 3725 2338 3806 quandoquidem.
2398 3725 2546 3786 ordo
2602 3733 2693 3787 est
2732 3726 2797 3786 in
2838 3729 3200 3788 coniunctio-

637 3827 835 3900 nibuS,
883 3846 1000 3908 quo
1044 3835 1291 3910 apparet
1332 3845 1482 3908 quae
1525 3829 1814 3908 praeponi
1854 3834 2083 3889 tantum
2127 3827 2342 3907 possit,
2387 3834 2453 3888 ut
2494 3846 2629 3889 nam
2677 3828 2952 3908 equidem
2994 3830 3199 3908 igitur:

635 3949 785 4012 quae
828 3929 1108 4010 subiungi
1158 3937 1418 4004 tantum,
1475 3937 1542 3990 ut
1595 3931 1753 3992 enim
1809 3948 1923 4011 que
1977 3936 2203 3998 autem;
2260 3947 2413 4009 quae
2466 3930 2753 4010 praeponi
2807 3937 2868 3991 et
2909 3930 3198 4009 subiungi,

810 4154 836 4205 1
879 4150 1110 4220 Arcessi]
1151 4153 1348 4206 Charis.
1378 4167 1432 4216 ρ.
1465 4153 1584 4218 227,
1614 4153 1771 4204 Diom.
1798 4147 1853 4216 p.
1894 4151 2015 4214 375,
2051 4151 2305 4204 Priscian.
2333 4164 2387 4213 p.
2420 4147 2523 4201 902
2696 4152 2731 4200 2
2755 4151 2986 4215 sortasse
3012 4153 3197 4202 Probus

635 4239 771 4275 nova
799 4225 994 4275 ratione
1029 4225 1102 4273 ait
1239 4220 1460 4290 cessare]
1505 4238 1680 4290 cesare
1713 4223 1766 4272 L
1905 4221 1939 4274 3
1972 4237 2130 4290 pereo
2166 4221 2247 4272 L:
2290 4219 2494 4277 Terene.
2526 4219 2695 4272 Andr.
2726 4221 2750 4270 1
2788 4221 2840 4286 5,
2875 4219 2911 4272 9
3048 4223 3083 4272 7
3116 4222 3195 4272 sed

634 4294 760 4346 bene
795 4294 978 4347 melius
1016 4308 1132 4344 nam
1179 4292 1394 4343 dicimus
1443 4293 1660 4360 benigne
1696 4292 1967 4357 benignius
2012 4292 2088 4343 bis
2138 4292 2333 4354 scripta
2373 4299 2491 4340 mant
2524 4291 2577 4340 in
2620 4289 2671 4338 L
2712 4289 2890 4342 deletis
2922 4295 3197 4353 posteriore

631 4366 740 4416 loco
772 4365 938 4416 verbis
981 4379 1099 4414 narn
1145 4362 1360 4414 dicimus
1396 4363 1613 4429 benigne
1649 4362 1919 4428 benignius
2092 4361 2157 4414 10
2192 4361 2391 4411 uicisim
2435 4362 2486 4411 L
2656 4361 2967 4431 segrigatim¹
2988 4362 3037 4411 L

639 4436 698 4486 11
737 4435 1056 4501 pedetimtim
1093 4435 1142 4484 L
1271 4434 1335 4485 12
1369 4433 1634 4499 participia
1671 4442 1790 4484 sunt
1826 4432 2001 4482 omnia
2034 4440 2123 4482 aut
2154 4431 2227 4482 ad
2259 4431 2643 4496 disputationem
2668 4430 2735 4480 de
2769 4429 3045 4496 adverbiis,
3075 4449 3195 4497 quae

635 4521 672 4555 a
690 4505 980 4571 participiis
1013 4505 1164 4554 ducta
1193 4518 1305 4556 esse
1337 4518 1436 4554 non
1455 4505 1605 4554 nullis
1628 4504 1965 4568 grammaticis
1982 4504 2176 4566 placuit
2197 4499 2423 4566 (Charis.
2450 4515 2505 4564 p,
2532 4500 2678 4564 166),
2698 4503 2977 4565 pertinent,
3011 4510 3103 4552 aut
3118 4517 3195 4552 ‚ex

634 4575 978 4626 cementario
1011 4573 1075 4625 de
1093 4575 1390 4640 participio,
1426 4575 1566 4624 cuius
1597 4575 1929 4638 framentum
1961 4574 2014 4622 in
2046 4575 2217 4624 codice
2247 4573 2488 4638 sequitur,
2517 4569 2612 4621 hue
2636 4573 2891 4622 translata
2920 4580 3038 4622 eunt

641 4645 703 4696 15
748 4644 1029 4696 adiectione
1065 4655 1118 4694 ut
1145 4660 1206 4695 ne
1233 4653 1288 4696 ut
1323 4653 1436 4694 nate
1468 4645 1519 4694 L
1663 4642 1725 4694 17
1760 4651 1879 4707 poet
1907 4643 2229 4710 participium
2265 4644 2450 4692 lacuna
2496 4648 2731 4706 quattuor
2763 4657 2993 4692 versuum
3028 4644 3191 4692 relicta

637 4722 713 4764 est
743 4717 795 4764 in
820 4715 869 4766 L
1043 4715 1110 4767 20
1143 4713 1475 4766 disiunctiuas
1511 4713 1640 4763 sicut
1676 4723 1762 4763 aut
1800 4713 1847 4762 L
2016 4713 2083 4763 22
2114 4711 2343 4776 sortasse
2379 4712 2579 4762 etiamsi
2612 4711 2827 4761 sitamen
2866 4714 3066 4762 tametsi

635 4783 705 4834 23
735 4782 836 4849 sin]
881 4785 975 4833 sim
1011 4785 1060 4834 L
1198 4785 1266 4835 27
1319 4785 1456 4836 enim
1494 4798 1616 4834 uero
1655 4799 1755 4848 qun
1791 4797 1893 4847 qua
1924 4781 2069 4847 (qnia
2110 4797 2213 4846 qua
2256 4795 2357 4844 qua
2393 4779 2439 4844 l)
2476 4789 2683 4846 propter
2714 4781 2796 4835 L.-
2824 4781 3054 4846 sortasse
3080 4782 3191 4844 qnia

638 4867 794 4915 quare
829 4862 1139 4918 quapropter
1275 4853 1340 4905 31
1377 4862 1434 4903 ut
1459 4851 1600 4920 nam]
1635 4867 1791 4904 unam
1828 4854 1875 4903 L
2014 4853 2082 4905 32
2112 4852 2375 4918 subiungit
2402 4859 2595 4902 tautum
2631 4850 2681 4900 L
