3434 5442
931 345 1028 408 DE
1073 345 1374 408 CENTVM
1417 343 1697 407 METRIS
1742 342 1976 404 11—1v
2021 351 2051 410 1
2670 349 2790 411 461

321 464 370 504 p.
397 451 516 494 1820.
549 452 597 494 21
629 451 676 493 P.
2374 463 2420 503 p.
2447 450 2536 494 aaa.
2564 451 2617 493 το
2644 450 2697 494 G.

627 535 742 596 vita
785 534 982 614 quieta
1025 535 1204 594 nimis
1247 540 1412 594 caret
1450 534 1712 611 ingenio.

390 633 478 695 De
532 635 900 698 stesichorio.
989 635 1400 697 stesichorium
1461 641 1690 696 constat
1745 641 2117 714 pentametro
2170 631 2539 703 catalectico,
2597 640 2662 693 ut
2704 641 2797 694 est

213 735 370 807 hoc,

627 840 852 919 Marsya
898 839 1046 900 cede
1090 837 1232 910 deo,
1278 847 1374 900 tua
1420 841 1684 900 carmina
1730 837 1917 899 flebis,

390 939 478 1001 De
519 940 853 1004 simonidio.
923 939 1298 1002 simonidium
1347 945 1577 1002 constat
1619 948 1989 1020 pentametro
2034 937 2381 1012 acatalecto,
2426 947 2492 1000 ut
2534 948 2623 1001 est
2664 940 2795 1010 hoc,
2822 956 2847 997 s

625 1042 1106 1122 Parthenopaeus
1149 1050 1276 1104 erat
1317 1059 1467 1123 puer
1509 1039 1796 1103 Arcadiae
1840 1041 2039 1102 decus.

390 1143 478 1205 De
523 1142 826 1206 choerilio.
915 1143 1264 1206 choerilium
1318 1151 1548 1205 constat
1609 1149 1982 1224 pentametro
2037 1141 2540 1224 hypercatalecto,
2591 1151 2657 1204 ut
2713 1150 2804 1204 est

215 1245 365 1316 hoc,
398 1242 428 1329 ΙΙ
528 1330 776 1412 pulchra
819 1329 1016 1413 puella
1059 1349 1258 1393 comas
1303 1329 1488 1392 ambit
1528 1329 1641 1392 sibi
1686 1328 2049 1411 palmitibus,

390 1432 478 1495 De
520 1433 782 1495 heroico.
870 1433 1176 1495 heroicum
1219 1441 1449 1495 constat
1489 1432 1833 1494 hexametro
1878 1430 2245 1503 catalectico,
2291 1440 2357 1494 ut
2397 1439 2489 1494 est
2528 1432 2671 1503 hoc,
2826 1463 2875 1505 ιο

527 1533 771 1598 vulnera
801 1534 965 1602 ,bella
1011 1535 1186 1596 tubae
1230 1553 1477 1596 numero
1522 1534 1817 1595 donantur
1860 1533 2121 1596 Homeri.

391 1636 480 1698 De
521 1635 810 1698 bucolico.
871 1635 1205 1698 bucolicum
1249 1644 1479 1698 constat
1521 1637 1867 1698 hexametro
1910 1634 2279 1708 catalectico,
2324 1637 2405 1698 ita
2450 1645 2514 1698 ut
2555 1645 2799 1718 quartus

217 1736 492 1819 dactylus
533 1747 764 1820 partem
807 1738 1164 1800 determinet
1207 1739 1518 1811 orationiS,
1565 1747 1632 1800 ut
1673 1746 1763 1799 est
1806 1738 1947 1810 hoc,

529 1843 748 1902 rustica
789 1839 1085 1902 silvestres
1127 1826 1367 1902 resonat
1409 1839 1561 1902 bene
1605 1839 1799 1902 fistula
1842 1849 2067 1902 cantus.

395 1942 406 2024 Ι
455 1943 538 2005 De
579 1941 792 2023 ibycio.
875 1942 1132 2023 ibycium
1178 1949 1407 2004 constat
1449 1943 1794 2004 hexametro
1839 1942 2188 2015 acatalecto,
2234 1951 2299 2004 ut
2340 1950 2431 2005 est
2472 1945 2615 2017 hoc,
2825 1979 2875 2020 ,5

529 2045 724 2107 sidera
765 2043 980 2126 pallida
1025 2044 1338 2124 diffugiunt
1382 2045 1510 2106 l'ace
1555 2046 1761 2106 territa
1804 2045 2063 2106 luminis

257 2221 276 2240 .
392 2146 478 2208 De
533 2146 842 2209 alcmanio.
930 2145 1284 2208 alcmanium
1339 2154 1572 2208 constat
1625 2147 1969 2208 hexametro
2024 2146 2525 2228 hypercatalecto,
2594 2157 2659 2211 ut
2712 2159 2802 2211 est

217 2248 335 2308 hoc
352 2295 370 2319 ,

529 2349 680 2412 alma
727 2350 920 2414 Venus
963 2351 1206 2431 Paphon
1252 2351 1611 2430 ingreditur,
1656 2367 1793 2411 rosa
1838 2347 2033 2412 luceat
2075 2369 2144 2412 ex
2190 2351 2395 2432 adytis,

393 2453 478 2514 De
522 2453 890 2515 stesichorio.
951 2452 1360 2514 stesichorium
1393 2461 1622 2514 constat
1648 2451 2022 2532 heptametro
2044 2451 2421 2524 catalectico,
2452 2463 2518 2516 ut
2546 2465 2635 2517 est
2665 2457 2795 2526 hoc,
2824 2489 2875 2531 ²⁰

527 2554 809 2616 Aeacides
852 2555 1081 2615 iuvenis
1127 2554 1305 2617 trahit
1347 2555 1633 2626 Hectora,
1679 2552 1943 2634 plangite
1986 2553 2274 2632 Pergama
2318 2556 2526 2619 Troes.

392 2657 478 2719 De
523 2656 734 2738 ibycio.
820 2654 1074 2736 ibycium
1121 2664 1352 2719 constat
1393 2657 1786 2736 heptametro·
1810 2654 2157 2727 acatalecto,
2205 2664 2271 2717 ut
2313 2665 2403 2718 est
2446 2657 2587 2726 boc,

535 2759 798 2821 carmina
841 2756 1015 2820 docta
1059 2757 1264 2843 Thalia
1308 2759 1493 2830 canit,
1538 2759 1957 2838 properantius
1998 2757 2115 2818 buc
2158 2757 2329 2830 ades,
2375 2778 2412 2820 o
2454 2778 2621 2840 puer.

395 2861 482 2923 De
525 2860 740 2941 ibycio.
826 2857 1082 2940 ibycium
1129 2868 1358 2922 constat
1401 2860 1772 2940 heptametro
1828 2857 2329 2940 hypercatalecto,
2374 2868 2441 2921 ut
2484 2870 2572 2923 est
2610 2861 2754 2933 boc,

528 2960 850 3026 versiculos
891 2962 998 3024 tibi
1042 2961 1358 3042 dactylicos
1400 2963 1618 3032 cecini,
1664 2978 1817 3042 puer
1858 2962 2108 3042 optime,
2152 2980 2302 3042 quos
2345 2962 2542 3025 facias.
2820 2999 2873 3041 23

1167 3149 1263 3212 DE
1307 3147 1857 3211 ANAPAESTICIS.

395 3285 584 3348 Metra
639 3288 1010 3368 anapaestica
1061 3284 1470 3367 principaliter
1525 3292 1797 3348 constant
1851 3292 2195 3364 anapaesto;
2254 3287 2549 3368 recipiunt
2603 3295 2799 3350 tamen

219 3390 572 3470 frequenter
628 3387 985 3470 spondeum,
1043 3397 1182 3448 raro
1237 3387 1827 3469 proceleumaticum,
1886 3386 2043 3467 apud
2082 3389 2341 3451 comicos
2385 3397 2579 3451 autem
2624 3393 2797 3452 etiam

221 3489 556 3571 dactylum,
600 3493 948 3571 saepiusque
991 3489 1196 3552 ultima
1240 3508 1375 3551 cum
1419 3497 1690 3570 superest
1730 3487 1985 3569 syllaba,
2030 3490 2093 3550 in
2125 3489 2271 3553 duas
2298 3489 2541 3553 solvitur
2569 3491 2799 3554 breves.

221 3591 331 3653 sed
377 3609 452 3652 ex
495 3591 764 3671 plurimis
809 3593 952 3654 baec
995 3591 1280 3654 tredecim
1325 3592 1456 3654 usui
1499 3591 1783 3654 tradenda
1828 3589 2075 3654 subieci.

396 3694 484 3756 De
525 3694 816 3756 threnico.
906 3695 1240 3757 threnicum
1287 3700 1516 3756 constat
1557 3702 1931 3756 monometro
1976 3695 2325 3766 acatalecto,
2372 3703 2437 3757 ut
2478 3703 2567 3758 est
2608 3697 2755 3768 hoc,

801 3795 1058 3858 calidum
1098 3796 1272 3859 iubar
1316 3803 1423 3858 est.

2824 3651 2877 3696 :30

399 4003 434 4052 2
469 4001 546 4052 De
579 4001 844 4054 ateaicorio
881 3999 1236 4052 stes.chorium
1268 4002 1322 4050 N
1489 4001 1520 4050 4
1554 3997 1678 4066 deo]
1717 4000 1857 4051 domi
1896 3999 2191 4052 Pandam-
2297 3999 2467 4066 flebis]
2504 4001 2729 4068 phoephi
2762 4003 2805 4053 S

223 4071 418 4138 phoebi
456 4087 492 4130 ς
683 4074 714 4124 5
753 4071 1080 4122 simonidium
1117 4077 1314 4122 constat
1345 4076 1633 4119 tetrametro
1670 4071 1995 4122 acatalectico
2030 4079 2084 4120 ut
2120 4078 2198 4120 est
2228 4068 2326 4120 hoc
2361 4071 2577 4136 pulchra
2609 4076 2803 4124 οηιίεείσ

225 4147 290 4194 iia
323 4159 458 4209 quae
491 4145 792 4207 interposita
825 4149 941 4192 sunt
974 4142 1025 4191 P
1186 4140 1476 4190 catalectico
1513 4140 1558 4191 S
1724 4142 1755 4191 7
1793 4142 1857 4192 de
1895 4141 2104 4192 cherilio
2139 4138 2403 4191 cherilium
2439 4142 2491 4191 N
2528 4142 2593 4192 de
2628 4144 2802 4207 cyrilio

225 4213 462 4276 cyrilium
495 4214 539 4264 S
706 4210 741 4263 9
774 4213 952 4280 pulcra
980 4213 1074 4264 NS
1207 4211 1376 4260 ambet
1411 4211 1453 4262 S
1621 4213 1682 4262 11
1723 4212 2009 4261 conduntur
2040 4213 2123 4268 Ρς
2265 4209 2330 4262 13
2364 4211 2599 4262 terminet
2628 4226 2664 4269 ς

229 4282 296 4333 14
329 4283 586 4332 siluestris
619 4284 671 4333 P
703 4283 925 4334 siluestri
957 4284 1002 4334 S
1143 4289 1292 4331 cantu
1329 4281 1372 4332 S
1554 4282 1615 4332 15
1653 4281 1716 4330 de
1741 4280 1911 4346 ybicio
1945 4281 2165 4344 ybicium
2203 4278 2246 4328 S
2284 4281 2349 4330 de
2382 4280 2513 4330 ibico
2539 4282 2727 4333 ibicum
2755 4283 2808 4332 P

367 4353 438 4404 16
474 4353 720 4403 luminum
757 4353 1022 4406 Putat-Itius
1158 4353 1218 4402 21
1263 4350 1468 4400 aeacide
1501 4351 1702 4401 iubenis
1738 4347 1893 4400 trahit
1932 4349 1983 4397 P
2013 4350 2241 4399 aeacides
2279 4365 2431 4414 quem
2466 4351 2721 4416 protrahit
2755 4353 2805 4402 N

365 4421 544 4474 trohes
582 4425 624 4476 S
758 4425 826 4474 22
855 4424 928 4474 De
964 4423 1137 4490 Ibycio
1173 4449 1241 4459 —-
1277 4437 1404 4486 puer
1439 4437 1531 4474 om.
1571 4420 1870 4472 Putseleius:
1922 4418 1989 4468 de
2032 4419 2199 4484 ybicio
2234 4421 2459 4484 ybicinm
2494 4422 2539 4473 S
2569 4422 2633 4472 de
2668 4424 2801 4473 ibico

228 4495 419 4544 ibicum
455 4493 506 4542 P
638 4493 706 4546 23
735 4505 879 4544 canet
907 4495 1130 4544 carmina
1164 4492 1489 4559 properantia
1523 4489 1619 4540 boc
1655 4491 1777 4540 ades
1812 4504 1943 4556 puer
1976 4490 2021 4541 S
2154 4490 2221 4539 24
2256 4489 2321 4540 de
2346 4489 2496 4540 ibicio
2524 4490 2727 4542 ibicium
2764 4495 2806 4545 S

229 4564 296 4613 de
328 4564 466 4614 ibico
501 4563 686 4614 ibicum
715 4563 766 4612 P
865 4562 934 4614 26
965 4579 1032 4614 ns
1067 4577 1254 4614 uarius
1289 4575 1646 4612 manassi-ucis
1683 4560 1735 4609 P
1768 4575 1833 4610 ne
1871 4573 2211 4612 auarus-rico
2240 4574 2414 4612 murno
2444 4561 2490 4612 S
2589 4563 2656 4612 27
2684 4577 2805 4613 ana-

226 4635 462 4699 pne-tica
494 4643 656 4684 metra
691 4633 742 4683 P
873 4631 1063 4698 tamen]
1105 4642 1295 4683 tantum
1331 4632 1375 4682 S
1543 4629 1612 4681 28
1647 4629 2072 4699 proceleumatico
2116 4627 2159 4678 S
2291 4640 2460 4682 autem
2496 4647 2590 4682 om.
2624 4633 2669 4684 S

227 4702 301 4754 30
337 4719 406 4754 ex
436 4703 672 4769 pluribus
699 4703 938 4754 tredecim
968 4704 1012 4754 S
1044 4720 1110 4753 ex
1131 4702 1363 4770 pluribus
1385 4701 1510 4752 haec
1546 4701 1640 4750 XlI
1675 4701 1943 4752 Putat-Itius
2058 4699 2120 4752 31
2163 4697 2227 4751 de
2256 4701 2485 4751 threnico
2519 4701 2801 4752 threnicum

231 4775 284 4824 N
304 4774 368 4824 de
396 4773 590 4825 tbi-eico
625 4773 868 4824 threicum
889 4773 943 4822 P
969 4773 1032 4823 de
1061 4772 1258 4823 ithimio
1295 4771 1544 4822 ithimium
1578 4772 1621 4822 S
1642 4774 1889 4822 trenicum
1926 4773 2095 4823 codex
2115 4771 2551 4824 Darmstadiemis
2568 4773 2803 4822 trinlcum

233 4845 611 4896 Laurentianus
630 4843 958 4894 Thin-inicium
986 4857 1020 4900 ς
1053 4843 1412 4908 Phrynichium
1450 4843 1662 4892 coniecit
1685 4843 1957 4892 Santenius
2061 4844 2128 4894 32
2155 4841 2396 4893 callidum
2432 4843 2475 4893 S
2589 4843 2735 4894 iuuar
2766 4845 2811 4894 P
