3434 5442
818 349 1181 413 NOTARVM
1226 348 1669 411 LATERCVLO
1712 346 2234 411 ALPHABETICO
2697 349 2814 411 351

219 543 705 598 excellentissimo
738 542 1039 597 leonardo
1068 537 1442 596 Lauretano'
1474 537 1615 612 (roll.
1644 543 1730 596 20.
1760 533 1872 612 40),
1919 539 2109 595 deinde
2140 539 2385 608 ‘Romae
2410 554 2522 610 per
2549 539 2820 596 Iacobum

217 627 591 683 Mazochium
620 628 875 698 bibliopO.
908 627 1075 682 acha.
1109 624 1229 696 (sic)
1260 625 1480 681 Romae
1510 641 1663 680 anno
1693 625 1909 680 domini
1935 623 2277 680 m-CGCCC·
2299 624 2487 680 VIIII
2509 627 2600 680 die
2622 627 2746 680 XX
2759 625 2818 680 V.

218 712 483 783 Aprilis'
513 709 655 784 (ron.
688 716 771 766 20.
801 706 905 783 40).
940 739 1014 752 -
1049 709 1317 783 Repetivit
1357 710 1487 765 item
1530 709 1961 766 Ferrarinianam
2005 710 2296 765 editionem
2327 709 2688 782 Mariangelus
2721 713 2822 766 Ac-

216 797 470 858 cursius,
520 796 614 852 sed
643 799 977 853 immutatam
1020 803 1074 850 et
1104 795 1442 868 aliquantum
1486 795 1837 854 emendatam.
1898 795 2064 852 Cuius
2095 801 2345 851 notarum
2389 795 2634 850 recensio
2677 803 2822 852 extat

216 883 430 956 scripta
473 881 529 936 in
561 880 702 937 libro
734 880 1101 936 bibliothecae
1129 879 1517 936 Ambrosianae
1550 881 1608 934 0.
1642 883 1744 933 125
1773 897 1894 952 sup.
1928 879 2138 936 adiecto
2169 879 2258 935 die
2285 877 2542 953 ‘Neapoli
2573 881 2627 934 in
2659 880 2820 936 nonis

216 966 377 1022 Maiis
406 965 577 1020 1402’
609 965 740 1038 (imo
772 964 954 1038 1502),
998 967 1265 1039 impressa
1295 972 1421 1020 ante
1450 963 1852 1020 Mazochianum
1893 981 2096 1038 corpus
2127 963 2330 1020 editum
2360 965 2561 1020 Romae
2589 981 2636 1019 a.
2671 967 2820 1027 1521,

217 1050 375 1126 quod
418 1050 741 1107 inscribitur
787 1052 1209 1122 epiyrammata
1250 1051 1525 1121 antiquae
1564 1051 1744 1105 urbis.
1804 1049 1968 1105 Cuius
2008 1050 2062 1104 iu
2104 1048 2438 1122 praefatione
2479 1049 2824 1122 praedicatur

216 1137 521 1192 Accursius
570 1134 895 1204 ‘vetustatis
948 1133 1461 1190 observantissimus
1514 1133 1760 1190 iuvenis'
1813 1140 2046 1208 propter
2073 1133 2310 1190 Probum
2360 1130 2623 1189 ‘infinitis
2664 1142 2821 1190 311133

216 1220 365 1277 10313
394 1227 722 1294 30111111111111
750 1236 999 1276 mancum
1030 1227 1195 1293 atque
1226 1219 1501 1274 inversum
1514 1217 1555 1284 ’‚
1600 1219 1705 1274 iam
1739 1217 1837 1274 ‘ex
1867 1217 2260 1274 vetustioribus
2291 1219 2568 1274 codicibus
2611 1235 2818 1275 summa

214 1304 507 1378 diligentia
540 1307 921 1379 percognitum
950 1306 1425 1376 instauratumque
1438 1303 1479 1366 ⁹,
1522 1319 1625 1360 nec
1656 1307 1776 1359 sine
1803 1303 1994 1360 idonea
2025 1316 2205 1360 causa.
2264 1303 2394 1358 Nam
2425 1304 2597 1376 probe
2626 1304 2819 1360 distin-

216 1391 370 1445 xisse
394 1405 519 1446 eum
541 1389 705 1446 Probi
736 1389 1182 1446 commentarium
1212 1391 1495 1462 antiquum
1526 1406 1555 1444 a
1586 1397 1840 1444 notarum
1870 1387 2139 1444 laterculo
2169 1389 2547 1445 recentissimo
2578 1388 2820 1444 ostendit

216 1474 515 1549 inscriptio
560 1473 759 1536 libelli,
800 1490 939 1548 quae
984 1472 1053 1530 ab
1093 1473 1303 1528 editore
1345 1473 1693 1546 pessumdata
1735 1475 1789 1528 in
1831 1473 2016 1529 codice
2055 1472 2190 1528 haec
2235 1480 2348 1528 est:
2407 1471 2620 1528 Valerii
2647 1473 2825 1528 Probi

218 1563 595 1631 yrammalici
619 1559 976 1615 celeberrimi
1000 1559 1071 1613 de
1100 1559 1317 1630 reyulis
1343 1560 1488 1613 iuris
1516 1565 1784 1614 notarum
1815 1556 2296 1630 (superscribiturz
2333 1559 2403 1612 de
2431 1559 2818 1629 interpretan-

214 1646 309 1698 dis
338 1643 735 1699 Romanorum
765 1639 985 1718 litteris)
1029 1643 1366 1714 opusculum
1398 1659 1528 1698 cum
1557 1644 1968 1715 siynificatione
2011 1645 2381 1714 antiquarum
2411 1643 2733 1699 litterarum
2764 1649 2818 1698 el

215 1729 561 1784 breviatum
590 1730 845 1799 antiqua.
904 1726 1185 1784 Subicitur
1213 1726 1422 1783 Probus
1452 1729 1751 1800 genuinus,
1795 1743 1931 1790 non,
1963 1733 2026 1783 ut
2055 1726 2198 1801 apud
2227 1725 2600 1790 Ferrarinum,
2654 1729 2818 1783 omis-

218 1816 379 1869 sione
410 1812 635 1870 maioris
662 1813 839 1885 partis
861 1811 1085 1868 secundi
1112 1811 1308 1886 capitis
1332 1819 1388 1867 et
1416 1811 1756 1886 reliquorum
1787 1812 2088 1869 divulsione
2117 1820 2432 1886 corruptus,
2465 1811 2558 1868 sed
2589 1811 2816 1885 integri-

216 1899 321 1954 tati
354 1913 489 1954 suae
516 1911 731 1971 suoque
758 1896 937 1952 ordini
966 1898 1284 1960 restitutus;
1316 1905 1649 1970 apparetque
1676 1913 1742 1953 ex
1771 1897 2127 1970 inscriptione
2155 1895 2250 1953 illa
2273 1913 2410 1970 quae
2438 1905 2525 1952 est
2553 1899 2626 1952 de
2647 1913 2816 1969 requ-

217 1985 289 2038 lis
316 1985 467 2038 iuris
494 1987 765 2038 notarum
792 1981 1111 2038 Aecursium
1141 1980 1341 2037 librum
1372 1981 1683 2038 adhibuisse
1729 1989 1823 2037 aut
1852 1983 2031 2056 ipsum
2063 1981 2374 2038 Vaticanum
2405 1987 2540 2036 2725
2571 1990 2666 2038 aut
2696 1983 2814 2037 eius

217 2066 458 2123 similem
501 2075 558 2122 et
596 2068 717 2121 eius
757 2083 861 2140 ope
892 2064 1167 2139 expulisse
1196 2066 1603 2123 Ferrarinianas
1646 2067 1859 2122 sordes·
1921 2066 2184 2139 Sequitur
2221 2074 2476 2122 notarum
2519 2066 2814 2123 laterculus

218 2151 567 2225 alphabetico
598 2149 787 2206 ordine
816 2150 1083 2223 digestus,
1116 2167 1277 2224 quem
1307 2166 1418 2207 non
1444 2151 1770 2207 ad·Probum
1801 2159 2078 2207 auctorem
2110 2149 2340 2206 relatum
2371 2165 2492 2206 esse
2523 2151 2590 2207 311
2612 2152 2818 2208 Accur-

220 2238 307 2292 sio
338 2235 585 2292 ostendit
612 2235 973 2309 praescriptio
1004 2234 1167 2290 huius
1198 2237 1387 2309 partis,
1422 2252 1559 2310 quae
1584 2235 1705 2291 talis
1731 2243 1816 2292 est
1845 2238 1899 2292 111
1921 2235 2136 2292 codice:
2170 2234 2516 2307 Siynifieaiio
2548 2237 2814 2307 antiqua-

220 2338 357 2376 rum
402 2322 731 2376 litterarum
776 2325 831 2375 ei
870 2321 1238 2375 breviatur-ae
1278 2323 1564 2392 antiquae.
1624 2320 1806 2394 ipsum
1835 2328 2016 2377 autem
2067 2319 2388 2376 laterculum
2434 2321 2510 2376 ita
2550 2320 2826 2376 ordinavit-

218 2407 551 2467 Accursius,
580 2411 645 2460 ut
672 2421 809 2479 quae
838 2404 907 2461 ad
936 2404 1379 2462 Marcanovanum
1410 2405 1717 2462 adiecerant
1749 2413 1854 2462 tam
1885 2405 2156 2461 iucundus
2187 2422 2346 2478 quam
2374 2406 2720 2469 Ferrarinus,
2753 2421 2816 2460 ea

218 2490 619 2563 coniungeret,
662 2490 851 2546 eiectis
880 2497 1061 2546 tamen
1090 2489 1249 2546 nimis
1278 2491 1477 2564 ineptis
1509 2497 1565 2546 et
1593 2490 1754 2564 plane
1784 2485 2126 2564 perversis*
2160 2519 2234 2531 —-—
2271 2488 2418 2556 Quae
2463 2508 2586 2547 mox
2630 2497 2814 2546 secuta

220 2584 309 2632 est
354 2575 517 2630 tertia
557 2573 722 2630 editio
752 2574 1103 2631 Tacuiniana:
1148 2573 1253 2630 ε111.
1300 2574 1421 2630 Val.
1454 2575 1681 2630 Probus
1721 2577 1791 2630 de
1821 2578 1968 2631 notis
1998 2575 2201 2630 Roma.
2263 2588 2342 2629 ex
2381 2577 2574 2631 codice
2611 2591 2816 2630 manu-

218 2663 443 2730 scripto
480 2660 819 2731 easiiyatior
860 2662 1195 2730 auctiorque
1236 2675 1409 2730 quam
1438 2677 1695 2731 unquam
1737 2667 1909 2716 antea
1946 2659 2182 2732 factus'
2215 2659 2474 2732 (Venetiis
2505 2663 2561 2715 in
2593 2660 2816 2715 aedibus

222 2745 483 2802 lobannis
514 2744 735 2800 Tacuini
766 2743 1099 2800 Tridinensis
1128 2759 1315 2800 mense
1344 2745 1639 2801 Februario
1672 2744 1912 2800 MDXXV.
1946 2743 2064 2800 1011.
2083 2747 2166 2798 81.
2196 2739 2297 2820 40),
2329 2744 2478 2801 auxit
2509 2761 2570 2801 ea
2601 2743 2816 2818 quidem

224 2831 453 2885 omnino
481 2827 752 2891 libellum,
796 2829 891 2884 sed
920 2845 1022 2885 nec
1050 2829 1275 2886 retinuit
1305 2831 1483 2885 omnia
1512 2830 1579 2886 ab
1608 2831 1872 2886 Accursio
1913 2836 2063 2886 recte
2104 2829 2400 2885 constituta
2445 2826 2590 2898 (nam
2622 2829 2820 2885 adsunt

226 2914 449 2987 quidem
478 2923 610 2987 post
638 2912 1032 2987 praefationem
1062 2930 1203 2987 quae
1231 2923 1387 2970 antea
1430 2915 1631 2970 omissa
1661 2915 1879 2971 fuerant
1901 2913 2064 2969 Probi
2093 2915 2316 2984 genuini
2347 2912 2383 2982 S
2415 2916 2666 2974 2‚1—24
2695 2929 2817 2968 cum

228 3017 327 3056 sua
354 2996 621 3061 clausula,
654 3006 709 3054 at
740 2996 777 3068 S
800 3001 849 3052 3.
864 3002 961 3052 4.5
992 2999 1253 3072 leguntur
1274 3015 1384 3055 non
1408 3017 1509 3055 suo
1541 2999 1685 3061 loco,
1718 2998 1815 3055 sed
1845 3006 1907 3054 ut
1935 2998 2078 3072 apud
2097 2998 2466 3054 Ferrarinium
2497 3005 2626 3070 post
2656 2997 2820 3052 later-

226 3083 413 3140 culum
446 3081 869 3157 alphabeticum)
910 3090 967 3140 et
996 3099 1135 3157 quae
1164 3083 1367 3140 addidit
1407 3085 1473 3140 ad
1515 3083 1836 3141 laterculum
1878 3084 2046 3145 hunc,
2091 3091 2186 3138 aut
2225 3083 2395 3156 petita
2439 3097 2502 3138 ex
2539 3081 2820 3138 laterculis

225 3167 561 3224 iucundiano
590 3175 646 3222 et
673 3167 1049 3224 Ferrariniano
1091 3176 1186 3224 aut
1226 3168 1443 3225 aliunde
1471 3177 1715 3243 arrepta,
1753 3167 1996 3241 vulgaria
2048 3173 2180 3223 sunt
2208 3175 2264 3223 et
2293 3166 2508 3223 infimae
2538 3173 2726 3228 notae,
2757 3174 2822 3221 ut

228 3251 463 3327 exempli
492 3269 659 3309 causa
688 3252 745 3307 in
774 3251 959 3308 littera
987 3254 1032 3307 A
1063 3252 1212 3308 A·C-
1234 3253 1285 3308 V
1307 3271 1343 3308 a
1373 3255 1535 3309 claro
1566 3258 1687 3309 viro
1718 3261 1775 3309 et
1804 3251 2079 3309 A.F.P.R
2112 3259 2310 3322 aptum
2336 3253 2452 3322 fide
2481 3253 2671 3307 Publii
2697 3251 2818 3307 Ru-

228 3339 337 3394 tilii
362 3337 456 3394 vel
482 3342 617 3393 anie
642 3336 869 3409 factum
890 3344 1028 3409 post
1054 3339 1298 3394 relatum
1330 3341 1419 3395 vel
1437 3339 1711 3394 Aemilius
1735 3337 1896 3410 fecit,
1919 3339 2193 3408 plectitur
2221 3337 2472 3392 Rutilius
2502 3335 2588 3408 (ex
2617 3336 2723 3392 Cic.
2755 3336 2821 3391 de

230 3430 369 3479 orat.
400 3427 455 3485 2,
484 3424 571 3485 69,
604 3421 744 3494 280).
800 3422 1088 3478 Ρ13313133
1118 3425 1211 3496 (1111
1251 3424 1391 3480 113113
1421 3423 1711 3480 editionem
1743 3425 1954 3479 curavit
1993 3431 2154 3479 notas
2183 3423 2358 3478 adhuc
2387 3421 2684 3494 dispositas
2724 3437 2824 3494 per

226 3507 437 3582 primas
469 3514 681 3563 tantum
708 3504 923 3564 litteras
952 3507 1019 3563 ad
1048 3509 1441 3565 accuratiorem
1472 3507 1778 3565 litterarum
1810 3507 2054 3564 ordinem
2095 3506 2382 3564 revocavit.
2418 3535 2492 3546 -
2526 3506 2657 3562 Novi
2687 3504 2822 3561 nihil

230 3591 544 3649 attulerunt
574 3607 713 3666 (11133
740 3599 891 3648 extra
922 3591 1127 3648 ltaliam
1156 3600 1377 3650 curatae
1408 3600 1539 3650 sunt
1568 3592 1765 3650 Valerii
1793 3592 1955 3649 Probi
1999 3595 2091 3667 qui
2122 3592 2322 3649 dicitur
2351 3599 2604 3647 notarum
2653 3589 2824 3646 libelli

230 3676 533 3739 editiones,
565 3674 754 3750 quales
786 3684 914 3734 sunt
944 3676 1188 3751 syllogae
1216 3679 1456 3751 Apianae
1486 3673 1826 3754 (ingolstadii
1862 3677 2015 3750 1534)
2045 3677 2326 3740 adiuncta,
2361 3691 2500 3750 quae
2530 3677 2594 3732 ad
2625 3677 2826 3733 Accur-

232 3763 377 3818 sium
420 3763 651 3818 maxime
694 3777 753 3818 se
792 3761 1086 3837 applicuit,
1132 3763 1380 3820 adhibuit
1417 3771 1701 3837 praeterea
1730 3764 2108 3821 Tacuiuianam
2162 3761 2407 3824 tertiam,
2461 3761 2828 3836 praefationes

231 3846 397 3902 Probi
430 3848 767 3920 suppressit,
799 3847 1071 3904 Theodori
1102 3847 1452 3905 Gresemundi
1483 3849 1796 3923 complures
1827 3845 1892 3923 (3.
1916 3866 1962 3904 3.
1984 3848 2358 3921 01111311113111111
2384 3850 2533 3902 1510.
2557 3841 2636 3910 40,
2666 3845 2826 3904 Β3311.

234 3934 389 3986 1532.
422 3926 537 4008 40),
581 3931 1003 3989 Gothol'rediana
1035 3932 1239 4006 (1585),
1291 3933 1762 4006 Lindenbrogiana
1795 3928 1985 4008 (Lugd.
2015 3934 2130 3989 Bat.
2166 3934 2315 3986 1599.
2347 3927 2459 4008 80),
2502 3931 2828 3988 Ρ111331113113

232 4011 445 4092 (1605);
504 4015 763 4072 exhibent
804 4019 948 4072 enim
978 4034 1167 4074 omnes
1210 4034 1332 4074 eum
1363 4019 1428 4074 de
1459 4036 1568 4092 quo
1600 4019 1832 4074 diximus
1874 4033 1936 4072 ex
1964 4016 2144 4072 Probo
2176 4018 2411 4090 genuino
2452 4015 2829 4090 laterculoque

234 4120 265 4158 a
294 4100 649 4158 Marcanovae
689 4102 943 4158 instituto
986 4110 1043 4158 et
1081 4102 1308 4160 subinde
1348 4121 1377 4160 a
1421 4102 1824 4177 posterioribus
1877 4101 2090 4175 expleto
2132 4100 2472 4157 elaboratum
2524 4109 2825 4160 centonem,

239 4195 463 4243 secutae
490 4185 721 4243 maxime
750 4187 1007 4243 Venetam
1036 4206 1087 4244 a.
1122 4191 1271 4243 1525.
1307 4217 1379 4230 —-
1414 4187 1734 4244 Postremus
1776 4187 1870 4261 qui
1899 4187 2132 4243 accessit
2175 4187 2242 4242 311
2271 4185 2442 4243 libelli
2485 4185 2631 4242 illius
2661 4186 2827 4240 crisin

236 4271 401 4328 homo
442 4271 623 4328 Danus
654 4271 920 4330 Henricus
948 4273 1229 4336 Ernstius‚
1262 4273 1419 4330 cuius
1461 4274 1709 4331 recensio
1743 4272 1945 4347 scripta
1976 4279 2123 4328 extat
2171 4273 2226 4327 in
2257 4271 2444 4328 codice
2473 4269 2830 4326 bibliothecae

237 4356 587 4430 Erlangensis
618 4373 672 4413 n.
702 4360 832 4422 891,
868 4361 1010 4434 typis
1040 4374 1297 4434 expressa
1324 4359 1532 4433 prodiit
1561 4359 1733 4417 Sorae
1763 4375 1810 4415 a.
1841 4360 1994 4413 1647.
2024 4351 2098 4410 40
2139 4358 2374 4431 repetita
2401 4362 2598 4430 postea
2627 4354 2682 4410 in
2715 4355 2829 4409 1113-

375 4547 413 4586 *
444 4549 683 4601 Accursii
718 4549 937 4601 litteram
978 4551 1055 4612 A,
1089 4551 1287 4616 qualem
1323 4551 1485 4604 edidit
1523 4550 1840 4614 MazochiuS,
1879 4548 1968 4615 qui
2004 4564 2118 4601 cum
2155 4562 2310 4618 supra
2351 4546 2633 4616 propositis
2667 4547 2832 4614 speci-

237 4621 459 4670 minibus
507 4621 807 4682 contulerit,
861 4622 1079 4687 reperiet
1124 4623 1345 4687 primam
1392 4629 1585 4689 partem
1624 4623 1896 4672 convenire
1937 4622 2041 4672 fere
2085 4639 2198 4672 cum
2235 4622 2537 4670 Mai-canova
2579 4621 2834 4670 adiunctis

236 4691 613 4756 supplementis
650 4691 865 4742 lucundi
916 4700 965 4740 et
998 4692 1278 4753 Ferrarini,
1326 4693 1601 4742 secundnm
1644 4696 1704 4756 (a
1741 4693 1868 4742 bono
1903 4694 2012 4742 viro
2048 4719 2114 4727 —
2147 4709 2182 4741 a
2215 4691 2380 4757 ter-qo)
2431 4706 2546 4741 cum
2585 4693 2830 4756 iucunde,

235 4763 340 4810 nisi
384 4763 523 4826 quod
570 4763 721 4811 eiecit
766 4762 1042 4811 Accursius
1092 4770 1237 4812 notas
1282 4763 1448 4825 qualis
1499 4770 1576 4812 est
1610 4761 1896 4812 AP-IVD·
1947 4763 2089 4826 apud
2127 4761 2364 4823 luderem,
2422 4762 2618 4811 tertiam
2674 4763 2838 4828 (apud

236 4847 413 4899 uorum
440 4834 600 4882 lomim
629 4834 926 4883 monimenti
956 4861 1023 4873 ·—·
1060 4848 1093 4882 a
1129 4833 1353 4883 cubiculo
1384 4833 1741 4898 Auyuslorum)
1779 4847 1893 4881 311111
1931 4833 2216 4884 Ferrarium
