<?xml version="1.0" encoding="UTF-8"?>
<!DOCTYPE html PUBLIC "-//W3C//DTD XHTML 1.0 Transitional//EN"
    "http://www.w3.org/TR/xhtml1/DTD/xhtml1-transitional.dtd">
<html xmlns="http://www.w3.org/1999/xhtml" xml:lang="en" lang="en">
 <head>
  <title>
</title>
<meta http-equiv="Content-Type" content="text/html;charset=utf-8" />
  <meta name='ocr-system' content='tesseract 3.04.00' />
  <meta name='ocr-capabilities' content='ocr_page ocr_carea ocr_par ocr_line ocrx_word'/>
</head>
<body>
  <div class='ocr_page' id='page_1' title='image "./grammaticilatin01unkngoog_0533.png"; bbox 0 0 3434 5442; ppageno 0'>
   <div class='ocr_carea' id='block_1_1' title="bbox 702 329 2514 399">
    <p class='ocr_par' dir='ltr' id='par_1_1' title="bbox 702 329 2514 399">
     <span class='ocr_line' id='line_1_1' title="bbox 702 329 2514 399; baseline -0.003 -1"><span class='ocrx_word' id='word_1_1' title='bbox 702 338 824 399; x_wconf 87' lang='lat'><strong>472</strong></span> <span class='ocrx_word' id='word_1_2' title='bbox 1461 329 1703 394; x_wconf 82' lang='lat' dir='ltr'><strong>SERvn</strong></span> <span class='ocrx_word' id='word_1_3' title='bbox 1747 331 1845 393; x_wconf 88' lang='lat' dir='ltr'><strong>DE</strong></span> <span class='ocrx_word' id='word_1_4' title='bbox 1888 330 2165 393; x_wconf 85' lang='lat' dir='ltr'><strong>METRIS</strong></span> <span class='ocrx_word' id='word_1_5' title='bbox 2208 331 2514 394; x_wconf 82' lang='lat' dir='ltr'><strong>HORATII</strong></span> 
     </span>
    </p>
   </div>
   <div class='ocr_carea' id='block_1_2' title="bbox 808 441 1160 482">
    <p class='ocr_par' dir='ltr' id='par_1_2' title="bbox 808 441 1160 482">
     <span class='ocr_line' id='line_1_2' title="bbox 808 441 1160 482; baseline 0.006 -3"><span class='ocrx_word' id='word_1_6' title='bbox 808 441 836 482; x_wconf 77' lang='lat' dir='ltr'><strong>f.</strong></span> <span class='ocrx_word' id='word_1_7' title='bbox 865 441 914 482; x_wconf 76' lang='lat'><strong>38</strong></span> <span class='ocrx_word' id='word_1_8' title='bbox 942 442 1036 482; x_wconf 84' lang='lat' dir='ltr'><strong>cod.</strong></span> <span class='ocrx_word' id='word_1_9' title='bbox 1067 441 1160 481; x_wconf 77' lang='lat' dir='ltr'><strong>Par.</strong></span> 
     </span>
    </p>
   </div>
   <div class='ocr_carea' id='block_1_3' title="bbox 701 518 3336 806">
    <p class='ocr_par' dir='ltr' id='par_1_3' title="bbox 701 518 3336 806">
     <span class='ocr_line' id='line_1_3' title="bbox 703 518 3336 600; baseline 0.002 -18"><span class='ocrx_word' id='word_1_10' title='bbox 703 522 1128 600; x_wconf 81' lang='lat' dir='ltr'><strong>compositione</strong></span> <span class='ocrx_word' id='word_1_11' title='bbox 1193 519 1424 581; x_wconf 85' lang='lat' dir='ltr'><strong>duobus</strong></span> <span class='ocrx_word' id='word_1_12' title='bbox 1491 526 1717 581; x_wconf 88' lang='lat' dir='ltr'><strong>tantum</strong></span> <span class='ocrx_word' id='word_1_13' title='bbox 1772 518 2039 581; x_wconf 85' lang='lat' dir='ltr'><strong>cantibus</strong></span> <span class='ocrx_word' id='word_1_14' title='bbox 2055 567 2069 587; x_wconf 92' lang='lat'><strong>,</strong></span> <span class='ocrx_word' id='word_1_15' title='bbox 2124 526 2191 581; x_wconf 87' lang='lat' dir='ltr'><strong>ut</strong></span> <span class='ocrx_word' id='word_1_16' title='bbox 2245 520 2505 582; x_wconf 85' lang='lat' dir='ltr'><strong>subiecta</strong></span> <span class='ocrx_word' id='word_1_17' title='bbox 2568 520 3011 592; x_wconf 87' lang='lat' dir='ltr'><strong>monstrabunt,</strong></span> <span class='ocrx_word' id='word_1_18' title='bbox 3081 522 3237 586; x_wconf 78' lang='lat' dir='ltr'><strong>Mollis</strong></span> <span class='ocrx_word' id='word_1_19' title='bbox 3335 555 3336 564; x_wconf 22' lang='grc' dir='ltr'><strong>κ</strong></span> 
     </span>
     <span class='ocr_line' id='line_1_4' title="bbox 701 620 3234 702; baseline 0.001 -19"><span class='ocrx_word' id='word_1_20' title='bbox 701 625 915 684; x_wconf 85' lang='lat' dir='ltr'><strong>inertia</strong></span> <span class='ocrx_word' id='word_1_21' title='bbox 960 640 1066 683; x_wconf 85' lang='lat' dir='ltr'><strong>cur</strong></span> <span class='ocrx_word' id='word_1_22' title='bbox 1109 629 1336 683; x_wconf 83' lang='lat' dir='ltr'><strong>tantum</strong></span> <span class='ocrx_word' id='word_1_23' title='bbox 1383 620 1687 683; x_wconf 82' lang='lat' dir='ltr'><strong>diffuderit</strong></span> <span class='ocrx_word' id='word_1_24' title='bbox 1728 623 1893 694; x_wconf 78' lang='lat' dir='ltr'><strong>imiS,</strong></span> <span class='ocrx_word' id='word_1_25' title='bbox 1940 622 2067 684; x_wconf 86' lang='lat' dir='ltr'><strong>Nox</strong></span> <span class='ocrx_word' id='word_1_26' title='bbox 2112 629 2241 683; x_wconf 87' lang='lat' dir='ltr'><strong>erat</strong></span> <span class='ocrx_word' id='word_1_27' title='bbox 2284 632 2343 684; x_wconf 89' lang='lat' dir='ltr'><strong>et</strong></span> <span class='ocrx_word' id='word_1_28' title='bbox 2387 622 2549 684; x_wconf 85' lang='lat' dir='ltr'><strong>caelo</strong></span> <span class='ocrx_word' id='word_1_29' title='bbox 2580 622 2849 702; x_wconf 79' lang='lat' dir='ltr'><strong>fulgebat</strong></span> <span class='ocrx_word' id='word_1_30' title='bbox 2876 622 3013 685; x_wconf 86' lang='lat' dir='ltr'><strong>luna</strong></span> <span class='ocrx_word' id='word_1_31' title='bbox 3040 643 3234 687; x_wconf 85' lang='lat' dir='ltr'><strong>sereno.</strong></span> 
     </span>
     <span class='ocr_line' id='line_1_5' title="bbox 874 719 3336 806; baseline 0.001 -20"><span class='ocrx_word' id='word_1_32' title='bbox 874 724 1389 786; x_wconf 85' lang='lat' dir='ltr'><strong>Duodevicensima</strong></span> <span class='ocrx_word' id='word_1_33' title='bbox 1450 723 1560 785; x_wconf 91' lang='lat' dir='ltr'><strong>ode</strong></span> <span class='ocrx_word' id='word_1_34' title='bbox 1619 722 1841 785; x_wconf 90' lang='lat' dir='ltr'><strong>dicolos</strong></span> <span class='ocrx_word' id='word_1_35' title='bbox 1895 732 1983 785; x_wconf 86' lang='lat' dir='ltr'><strong>est</strong></span> <span class='ocrx_word' id='word_1_36' title='bbox 2037 723 2330 788; x_wconf 80' lang='lat' dir='ltr'><strong>distrosos.</strong></span> <span class='ocrx_word' id='word_1_37' title='bbox 2421 745 2557 802; x_wconf 76' lang='lat' dir='ltr'><strong>nam</strong></span> <span class='ocrx_word' id='word_1_38' title='bbox 2613 727 2779 806; x_wconf 86' lang='lat' dir='ltr'><strong>prior</strong></span> <span class='ocrx_word' id='word_1_39' title='bbox 2824 725 3117 798; x_wconf 88' lang='lat' dir='ltr'><strong>heroicus,</strong></span> <span class='ocrx_word' id='word_1_40' title='bbox 3164 748 3233 788; x_wconf 84' lang='lat' dir='ltr'><strong>se·</strong></span> <span class='ocrx_word' id='word_1_41' title='bbox 3334 719 3336 749; x_wconf 81' lang='lat'>¹</span> 
     </span>
    </p>
   </div>
   <div class='ocr_carea' id='block_1_4' title="bbox 650 825 3234 1094">
    <p class='ocr_par' dir='ltr' id='par_1_4' title="bbox 650 825 3234 1094">
     <span class='ocr_line' id='line_1_6' title="bbox 703 825 3233 908; baseline 0.002 -20"><span class='ocrx_word' id='word_1_42' title='bbox 703 826 930 889; x_wconf 91' lang='lat' dir='ltr'><strong>cundus</strong></span> <span class='ocrx_word' id='word_1_43' title='bbox 983 827 1256 888; x_wconf 82' lang='lat' dir='ltr'><strong>trimeter</strong></span> <span class='ocrx_word' id='word_1_44' title='bbox 1313 825 1603 888; x_wconf 85' lang='lat' dir='ltr'><strong>iambicus</strong></span> <span class='ocrx_word' id='word_1_45' title='bbox 1657 827 1987 896; x_wconf 87' lang='lat' dir='ltr'><strong>invenitur;</strong></span> <span class='ocrx_word' id='word_1_46' title='bbox 2047 845 2305 908; x_wconf 88' lang='lat' dir='ltr'><strong>ususque</strong></span> <span class='ocrx_word' id='word_1_47' title='bbox 2351 837 2441 889; x_wconf 89' lang='lat' dir='ltr'><strong>est</strong></span> <span class='ocrx_word' id='word_1_48' title='bbox 2482 826 2595 890; x_wconf 87' lang='lat' dir='ltr'><strong>hac</strong></span> <span class='ocrx_word' id='word_1_49' title='bbox 2636 829 2813 888; x_wconf 84' lang='lat' dir='ltr'><strong>metri</strong></span> <span class='ocrx_word' id='word_1_50' title='bbox 2856 831 3233 908; x_wconf 78' lang='lat' dir='ltr'><strong>compositione</strong></span> 
     </span>
     <span class='ocr_line' id='line_1_7' title="bbox 650 929 3234 1010; baseline 0.002 -21"><span class='ocrx_word' id='word_1_51' title='bbox 650 950 676 989; x_wconf 81' lang='lat'><strong>5</strong></span> <span class='ocrx_word' id='word_1_52' title='bbox 703 948 822 992; x_wconf 92' lang='lat' dir='ltr'><strong>uno</strong></span> <span class='ocrx_word' id='word_1_53' title='bbox 875 935 1101 992; x_wconf 88' lang='lat' dir='ltr'><strong>tantum</strong></span> <span class='ocrx_word' id='word_1_54' title='bbox 1159 936 1332 990; x_wconf 81' lang='lat' dir='ltr'><strong>cantu</strong></span> <span class='ocrx_word' id='word_1_55' title='bbox 1349 977 1364 999; x_wconf 92' lang='lat'>‚</span> <span class='ocrx_word' id='word_1_56' title='bbox 1425 929 1590 989; x_wconf 88' lang='lat' dir='ltr'><strong>cuius</strong></span> <span class='ocrx_word' id='word_1_57' title='bbox 1645 947 1850 990; x_wconf 87' lang='lat' dir='ltr'><strong>versus</strong></span> <span class='ocrx_word' id='word_1_58' title='bbox 1909 931 2195 1010; x_wconf 88' lang='lat' dir='ltr'><strong>ascriptus</strong></span> <span class='ocrx_word' id='word_1_59' title='bbox 2251 939 2365 1000; x_wconf 91' lang='lat' dir='ltr'><strong>est,</strong></span> <span class='ocrx_word' id='word_1_60' title='bbox 2423 929 2619 992; x_wconf 81' lang='lat' dir='ltr'><strong>Altera</strong></span> <span class='ocrx_word' id='word_1_61' title='bbox 2673 931 2791 990; x_wconf 88' lang='lat' dir='ltr'><strong>iam</strong></span> <span class='ocrx_word' id='word_1_62' title='bbox 2848 931 3055 991; x_wconf 85' lang='lat' dir='ltr'><strong>teritur</strong></span> <span class='ocrx_word' id='word_1_63' title='bbox 3104 931 3234 994; x_wconf 84' lang='lat' dir='ltr'><strong>bellis</strong></span> 
     </span>
     <span class='ocr_line' id='line_1_8' title="bbox 703 1030 1791 1094; baseline -0.002 -1"><span class='ocrx_word' id='word_1_64' title='bbox 703 1030 969 1094; x_wconf 83' lang='lat' dir='ltr'><strong>civilibus</strong></span> <span class='ocrx_word' id='word_1_65' title='bbox 1013 1038 1192 1094; x_wconf 80' lang='lat' dir='ltr'><strong>aetas.</strong></span> <span class='ocrx_word' id='word_1_66' title='bbox 1768 1048 1791 1081; x_wconf 69' lang='grc' dir='ltr'><strong>ο</strong></span> 
     </span>
    </p>
   </div>
   <div class='ocr_carea' id='block_1_5' title="bbox 871 1121 3336 1198">
    <p class='ocr_par' dir='ltr' id='par_1_5' title="bbox 871 1121 3336 1198">
     <span class='ocr_line' id='line_1_9' title="bbox 871 1121 3336 1198; baseline 0.002 -5"><span class='ocrx_word' id='word_1_67' title='bbox 871 1133 1391 1195; x_wconf 81' lang='lat' dir='ltr'><strong>Vnadevicensima</strong></span> <span class='ocrx_word' id='word_1_68' title='bbox 1449 1132 1564 1195; x_wconf 83' lang='lat' dir='ltr'><strong>ode</strong></span> <span class='ocrx_word' id='word_1_69' title='bbox 1623 1132 1968 1196; x_wconf 83' lang='lat' dir='ltr'><strong>monocolos</strong></span> <span class='ocrx_word' id='word_1_70' title='bbox 2025 1141 2133 1194; x_wconf 87' lang='lat' dir='ltr'><strong>est.</strong></span> <span class='ocrx_word' id='word_1_71' title='bbox 2222 1142 2451 1198; x_wconf 89' lang='lat' dir='ltr'><strong>constat</strong></span> <span class='ocrx_word' id='word_1_72' title='bbox 2494 1136 2651 1196; x_wconf 88' lang='lat' dir='ltr'><strong>enim</strong></span> <span class='ocrx_word' id='word_1_73' title='bbox 2694 1152 2776 1196; x_wconf 82' lang='lat' dir='ltr'><strong>ex</strong></span> <span class='ocrx_word' id='word_1_74' title='bbox 2818 1135 3085 1195; x_wconf 81' lang='lat' dir='ltr'><strong>trimetro</strong></span> <span class='ocrx_word' id='word_1_75' title='bbox 3120 1139 3233 1198; x_wconf 83' lang='lat' dir='ltr'><strong>iam·</strong></span> <span class='ocrx_word' id='word_1_76' title='bbox 3334 1121 3336 1134; x_wconf 60' lang='grc'><strong>’</strong></span> 
     </span>
    </p>
   </div>
   <div class='ocr_carea' id='block_1_6' title="bbox 628 1229 3231 1725">
    <p class='ocr_par' dir='ltr' id='par_1_6' title="bbox 703 1229 3231 1419">
     <span class='ocr_line' id='line_1_10' title="bbox 703 1229 3231 1317; baseline 0.001 -20"><span class='ocrx_word' id='word_1_77' title='bbox 703 1235 863 1306; x_wconf 89' lang='lat' dir='ltr'><strong>bico;</strong></span> <span class='ocrx_word' id='word_1_78' title='bbox 911 1254 1166 1317; x_wconf 87' lang='lat' dir='ltr'><strong>ususque</strong></span> <span class='ocrx_word' id='word_1_79' title='bbox 1221 1229 1518 1296; x_wconf 84' lang='lat' dir='ltr'><strong>i&#39;nvenitur</strong></span> <span class='ocrx_word' id='word_1_80' title='bbox 1561 1234 1676 1297; x_wconf 87' lang='lat' dir='ltr'><strong>hac</strong></span> <span class='ocrx_word' id='word_1_81' title='bbox 1717 1237 1895 1297; x_wconf 87' lang='lat' dir='ltr'><strong>metri</strong></span> <span class='ocrx_word' id='word_1_82' title='bbox 1939 1236 2363 1317; x_wconf 85' lang='lat' dir='ltr'><strong>compositione</strong></span> <span class='ocrx_word' id='word_1_83' title='bbox 2414 1256 2534 1298; x_wconf 91' lang='lat' dir='ltr'><strong>uno</strong></span> <span class='ocrx_word' id='word_1_84' title='bbox 2577 1245 2803 1298; x_wconf 87' lang='lat' dir='ltr'><strong>tantum</strong></span> <span class='ocrx_word' id='word_1_85' title='bbox 2851 1244 3051 1308; x_wconf 88' lang='lat' dir='ltr'><strong>cantu,</strong></span> <span class='ocrx_word' id='word_1_86' title='bbox 3104 1240 3231 1300; x_wconf 87' lang='lat' dir='ltr'><strong>cuius</strong></span> 
     </span>
     <span class='ocr_line' id='line_1_11' title="bbox 703 1336 2770 1419; baseline 0 -20"><span class='ocrx_word' id='word_1_87' title='bbox 703 1339 1064 1419; x_wconf 86' lang='lat' dir='ltr'><strong>principium</strong></span> <span class='ocrx_word' id='word_1_88' title='bbox 1109 1337 1452 1409; x_wconf 85' lang='lat' dir='ltr'><strong>subnotavi,</strong></span> <span class='ocrx_word' id='word_1_89' title='bbox 1500 1336 1622 1399; x_wconf 89' lang='lat' dir='ltr'><strong>Iam</strong></span> <span class='ocrx_word' id='word_1_90' title='bbox 1665 1339 1781 1399; x_wconf 89' lang='lat' dir='ltr'><strong>iam</strong></span> <span class='ocrx_word' id='word_1_91' title='bbox 1830 1337 2056 1399; x_wconf 79' lang='lat' dir='ltr'><strong>efficaci</strong></span> <span class='ocrx_word' id='word_1_92' title='bbox 2099 1337 2175 1398; x_wconf 88' lang='lat' dir='ltr'><strong>do</strong></span> <span class='ocrx_word' id='word_1_93' title='bbox 2218 1356 2427 1400; x_wconf 90' lang='lat' dir='ltr'><strong>manus</strong></span> <span class='ocrx_word' id='word_1_94' title='bbox 2468 1340 2770 1400; x_wconf 80' lang='lat' dir='ltr'><strong>scientiae.</strong></span> 
     </span>
    </p>

    <p class='ocr_par' dir='ltr' id='par_1_7' title="bbox 628 1439 3230 1725">
     <span class='ocr_line' id='line_1_12' title="bbox 628 1439 3230 1522; baseline 0.002 -26"><span class='ocrx_word' id='word_1_95' title='bbox 628 1455 678 1497; x_wconf 81' lang='grc' dir='ltr'><strong>ιο</strong></span> <span class='ocrx_word' id='word_1_96' title='bbox 873 1441 978 1502; x_wconf 89' lang='lat' dir='ltr'><strong>His</strong></span> <span class='ocrx_word' id='word_1_97' title='bbox 1033 1439 1309 1502; x_wconf 88' lang='lat' dir='ltr'><strong>omnibus</strong></span> <span class='ocrx_word' id='word_1_98' title='bbox 1362 1441 1568 1501; x_wconf 88' lang='lat' dir='ltr'><strong>metris</strong></span> <span class='ocrx_word' id='word_1_99' title='bbox 1623 1441 1829 1522; x_wconf 87' lang='lat' dir='ltr'><strong>scripti</strong></span> <span class='ocrx_word' id='word_1_100' title='bbox 1884 1448 2021 1502; x_wconf 89' lang='lat' dir='ltr'><strong>sunt</strong></span> <span class='ocrx_word' id='word_1_101' title='bbox 2074 1446 2349 1520; x_wconf 86' lang='lat' dir='ltr'><strong>quattuor</strong></span> <span class='ocrx_word' id='word_1_102' title='bbox 2414 1442 2739 1503; x_wconf 82' lang='lat' dir='ltr'><strong>carminum</strong></span> <span class='ocrx_word' id='word_1_103' title='bbox 2812 1439 2973 1510; x_wconf 87' lang='lat' dir='ltr'><strong>libri,</strong></span> <span class='ocrx_word' id='word_1_104' title='bbox 3044 1441 3230 1521; x_wconf 88' lang='lat' dir='ltr'><strong>epodon</strong></span> 
     </span>
     <span class='ocr_line' id='line_1_13' title="bbox 707 1539 3228 1624; baseline 0.001 -20"><span class='ocrx_word' id='word_1_105' title='bbox 707 1561 1070 1624; x_wconf 80' lang='lat' dir='ltr'><strong>carmenque</strong></span> <span class='ocrx_word' id='word_1_106' title='bbox 1125 1541 1448 1606; x_wconf 83' lang='lat' dir='ltr'><strong>saeculare.</strong></span> <span class='ocrx_word' id='word_1_107' title='bbox 1538 1550 1801 1604; x_wconf 88' lang='lat' dir='ltr'><strong>ceterum</strong></span> <span class='ocrx_word' id='word_1_108' title='bbox 1864 1544 2005 1604; x_wconf 88' lang='lat' dir='ltr'><strong>artis</strong></span> <span class='ocrx_word' id='word_1_109' title='bbox 2063 1543 2331 1621; x_wconf 86' lang='lat' dir='ltr'><strong>poeticae</strong></span> <span class='ocrx_word' id='word_1_110' title='bbox 2388 1539 2765 1622; x_wconf 89' lang='lat' dir='ltr'><strong>epistolarum</strong></span> <span class='ocrx_word' id='word_1_111' title='bbox 2824 1550 2885 1604; x_wconf 90' lang='lat' dir='ltr'><strong>et</strong></span> <span class='ocrx_word' id='word_1_112' title='bbox 2938 1561 3228 1606; x_wconf 83' lang='lat' dir='ltr'><strong>sermonum</strong></span> 
     </span>
     <span class='ocr_line' id='line_1_14' title="bbox 703 1647 1655 1725; baseline 0.001 -18"><span class='ocrx_word' id='word_1_113' title='bbox 703 1647 950 1708; x_wconf 88' lang='lat' dir='ltr'><strong>heroico</strong></span> <span class='ocrx_word' id='word_1_114' title='bbox 991 1647 1209 1725; x_wconf 83' lang='lat' dir='ltr'><strong>iugiter</strong></span> <span class='ocrx_word' id='word_1_115' title='bbox 1254 1647 1655 1708; x_wconf 88' lang='lat' dir='ltr'><strong>continentur.</strong></span> 
     </span>
    </p>
   </div>
   <div class='ocr_carea' id='block_1_7' title="bbox 705 1832 3225 1971">
    <p class='ocr_par' dir='ltr' id='par_1_8' title="bbox 705 1832 3225 1971">
     <span class='ocr_line' id='line_1_15' title="bbox 845 1832 3225 1899; baseline -0.001 -15"><span class='ocrx_word' id='word_1_116' title='bbox 845 1835 878 1884; x_wconf 85' lang='lat'><strong>2</strong></span> <span class='ocrx_word' id='word_1_117' title='bbox 905 1847 1086 1885; x_wconf 86' lang='lat' dir='ltr'><strong>serenu</strong></span> <span class='ocrx_word' id='word_1_118' title='bbox 1227 1833 1261 1885; x_wconf 82' lang='lat'>5</span> <span class='ocrx_word' id='word_1_119' title='bbox 1295 1847 1400 1884; x_wconf 88' lang='lat' dir='ltr'><strong>uno</strong></span> <span class='ocrx_word' id='word_1_120' title='bbox 1433 1840 1603 1884; x_wconf 74' lang='lat' dir='ltr'><strong>tamen</strong></span> <span class='ocrx_word' id='word_1_121' title='bbox 1637 1840 1791 1884; x_wconf 78' lang='lat' dir='ltr'><strong>cantu</strong></span> <span class='ocrx_word' id='word_1_122' title='bbox 1928 1832 2203 1899; x_wconf 77' lang='lat' dir='ltr'><strong>asscriptus</strong></span> <span class='ocrx_word' id='word_1_123' title='bbox 2344 1833 2375 1880; x_wconf 88' lang='grc'><strong>7</strong></span> <span class='ocrx_word' id='word_1_124' title='bbox 2410 1841 2587 1884; x_wconf 78' lang='lat' dir='ltr'><strong>contra</strong></span> <span class='ocrx_word' id='word_1_125' title='bbox 2619 1833 2755 1883; x_wconf 86' lang='lat' dir='ltr'><strong>enim</strong></span> <span class='ocrx_word' id='word_1_126' title='bbox 2790 1833 3059 1883; x_wconf 83' lang='lat' dir='ltr'><strong>trimetrum</strong></span> <span class='ocrx_word' id='word_1_127' title='bbox 3088 1834 3225 1882; x_wconf 82' lang='lat' dir='ltr'><strong>iambi-</strong></span> 
     </span>
     <span class='ocr_line' id='line_1_16' title="bbox 705 1903 2178 1971; baseline -0.001 -17"><span class='ocrx_word' id='word_1_128' title='bbox 705 1919 824 1955; x_wconf 88' lang='lat' dir='ltr'><strong>cum</strong></span> <span class='ocrx_word' id='word_1_129' title='bbox 859 1911 938 1954; x_wconf 86' lang='lat' dir='ltr'><strong>est</strong></span> <span class='ocrx_word' id='word_1_130' title='bbox 1079 1905 1143 1956; x_wconf 84' lang='lat'><strong>12</strong></span> <span class='ocrx_word' id='word_1_131' title='bbox 1179 1903 1385 1956; x_wconf 83' lang='lat' dir='ltr'><strong>heroico</strong></span> <span class='ocrx_word' id='word_1_132' title='bbox 1421 1905 1653 1971; x_wconf 80' lang='lat' dir='ltr'><strong>iungitur</strong></span> <span class='ocrx_word' id='word_1_133' title='bbox 1687 1903 2007 1954; x_wconf 81' lang='lat' dir='ltr'><strong>continentur</strong></span> <span class='ocrx_word' id='word_1_134' title='bbox 2029 1918 2178 1958; x_wconf 65' lang='lat' dir='ltr'><strong>sxa.</strong></span> 
     </span>
    </p>
   </div>
   <div class='ocr_carea' id='block_1_8' title="bbox 3334 1999 3339 2954">
    <p class='ocr_par' dir='ltr' id='par_1_9' title="bbox 3334 1999 3339 2954">
     <span class='ocr_line' id='line_1_17' title="bbox 3334 1999 3339 2954; baseline 0 0"><span class='ocrx_word' id='word_1_135' title='bbox 3334 1999 3339 2954; x_wconf 95' lang='lat' dir='ltr'><strong> </strong></span> 
     </span>
    </p>
   </div>
   <div class='ocr_carea' id='block_1_9' title="bbox 3334 3129 3338 3648">
    <p class='ocr_par' dir='ltr' id='par_1_10' title="bbox 3334 3129 3338 3648">
     <span class='ocr_line' id='line_1_18' title="bbox 3334 3129 3338 3648; baseline 0 0"><span class='ocrx_word' id='word_1_136' title='bbox 3334 3129 3338 3648; x_wconf 95' lang='lat' dir='ltr'><strong> </strong></span> 
     </span>
    </p>
   </div>
  </div>
 </body>
</html>
