3434 5442
937 328 1338 390 INSTITVTA
1385 327 1669 389 ARTIVM
1713 328 1855 391 778.
1882 328 2007 391 779
2657 330 2774 391 169

297 460 338 501 p.
366 446 560 489 τοο-ωε
592 445 646 486 n.
2360 458 2404 499 p.
2434 446 2589 487 402--5
2620 448 2673 488 v.

209 537 338 598 pore
376 517 568 597 specie
613 516 872 595 perfecta
925 517 1048 578 sive
1106 515 1372 578 absoluta
1431 518 1716 596 scriptum
1762 522 1851 577 est
1910 523 1967 577 et
2008 516 2291 578 ulteriore
2340 519 2603 597 perfecta
2654 520 2773 579 sive

207 618 449 683 absoluta
489 621 776 699 scriptum
819 618 956 689 suit,
1015 620 1225 681 eodem
1271 620 1450 681 modo
1509 620 1721 681 eodem
1766 625 2031 697 tempore
2081 622 2279 698 specie
2324 618 2775 706 plusquamper-

207 724 338 783 fecta
385 722 506 782 sive
547 701 914 782 recordativa
961 719 1048 783 vel
1103 729 1306 782 exacta
1352 723 1638 801 scriptum
1701 728 1829 783 erat
1882 729 1943 783 et
1984 720 2267 783 ulteriore
2320 721 2773 803 plusquamper-

206 826 336 885 fecta
391 824 510 885 sive
558 822 922 885 recordativa
979 823 1068 884 vel
1125 831 1326 885 exacta
1387 826 1670 904 scriptum
1734 824 1957 893 suerat,
2014 824 2223 885 eodem
2274 826 2453 886 modo
2507 832 2774 904 tempore

206 928 384 987 futuro
425 924 740 987 scribetur.
809 924 1062 1003 gerundi
1105 930 1242 987 sunt
1278 926 1444 995 haec,
1487 926 1785 988 scribendi
1826 925 1915 986 vel
1954 925 2277 997 scribundi,
2323 926 2637 989 scribendo
2684 927 2773 989 vel
2826 952 2851 991 5

204 1028 532 1099 scribundo,
585 1026 964 1091 scribendum
1016 1026 1102 1088 vel
1148 1028 1559 1098 scribundum,
1605 1029 1911 1108 scriptum.
2000 1040 2267 1109 tempora
2322 1030 2771 1109 participiorum

203 1132 495 1191 trahuntur
537 1129 612 1191 ab
657 1130 772 1191 hoc
814 1129 998 1191 verbo
1041 1131 1230 1191 activo
1271 1130 1409 1201 duo,
1455 1122 1741 1211 praesens
1775 1129 2064 1200 scribens,
2114 1131 2377 1193 futurum
2422 1134 2771 1211 scripturus

203 1252 397 1295 nomen
431 1234 711 1312 scriptor,
756 1230 1072 1312 appellatio
1116 1232 1428 1313 scriptura.
1470 1235 1479 1311 Ι
1559 1286 1566 1292 .
1654 1308 1664 1317 ⁶

255 1372 260 1377 -
354 1334 682 1397 Declinatio
746 1336 972 1414 passiva
1037 1336 1246 1395 tertiae
1309 1336 1740 1414 coniugationis
1807 1342 2136 1415 correptae.
2170 1330 2199 1417 ΙΙ
2227 1335 2459 1397 scribor
2524 1335 2773 1398 verbum

203 1439 472 1519 passivum
514 1436 830 1497 indicativo
866 1438 988 1498 sire
1021 1438 1457 1517 pronuntiativo
1495 1436 1672 1498 modo
1707 1438 1927 1500 dictum
1968 1440 2252 1518 temporis
2289 1440 2618 1517 praesentis
2652 1442 2773 1501 sive
2802 1461 2850 1503 ιο

203 1542 447 1602 instantis
493 1540 729 1601 numeri
773 1538 1090 1618 singularis
1131 1540 1359 1615 figurae
1403 1538 1686 1618 simplicis
1743 1558 2035 1619 personae
2076 1540 2303 1620 primae
2348 1542 2773 1619 coniugationis

203 1642 384 1704 tertiae
426 1648 758 1720 correptae,
803 1640 966 1721 quod
1006 1626 1400 1703 declinabitur
1429 1644 1532 1705 sic.
1619 1642 1796 1704 modo
1841 1642 2152 1703 indicativo
2187 1643 2307 1704 sive
2338 1644 2772 1722 pronuntiativo

201 1753 446 1824 tempore
478 1738 782 1823 praesenti
817 1744 940 1805 sive
975 1745 1212 1804 instanti
1257 1747 1493 1807 numeri
1523 1743 1838 1823 singularis
1880 1744 2115 1805 scribor
2150 1743 2431 1806 scriberis
2474 1745 2771 1816 scribitur,

205 1848 415 1909 numeri
467 1845 720 1925 pluralis
779 1844 1098 1909 scribimur
1156 1845 1489 1907 scribimini
1553 1846 1925 1909 scribuntur:
2003 1847 2213 1908 eodem
2272 1847 2449 1908 modo
2504 1856 2793 1926 tempore·

203 1951 498 2028 praeterito
545 1950 744 2027 specie
787 1947 1137 2027 imperfecta
1190 1950 1310 2009 sive
1357 1950 1553 2009 minus
1599 1967 1774 2029 quam
1822 1948 2085 2027 perfecta
2134 1948 2228 2011 vel
2274 1950 2605 2011 inchoativa
2662 1969 2770 2011 nu·
2804 1972 2851 2013 ιε,

203 2053 332 2113 meri
378 2050 695 2129 singularis
747 2048 1058 2112 scribebat·
1111 2049 1473 2112 scribebaris
1517 2049 1923 2120 scribebatur,
1976 2049 2210 2113 numeri
2254 2050 2503 2131 pluralis
2548 2050 2773 2113 scribe·

203 2152 392 2215 bamur
433 2151 856 2215 scribebamini
898 2151 1343 2215 scribebantur:
1391 2152 1602 2214 eodem
1632 2153 1810 2214 modo
1854 2154 2061 2215 eodem
2092 2161 2361 2233 tempore
2404 2156 2602 2233 specie
2640 2171 2775 2232 per-

205 2254 334 2317 fecta
375 2257 494 2318 sive
537 2254 804 2317 absoluta
851 2256 1085 2317 numeri
1127 2253 1442 2333 singularis
1485 2256 1743 2334 scriptus
1786 2273 1914 2317 sum
1960 2258 2218 2336 scriptus
2262 2275 2325 2317 es
2368 2258 2625 2336 scriptus
2668 2263 2775 2327 est,

204 2360 412 2419 numeri
451 2356 699 2438 pluralis
742 2358 950 2436 scripti
984 2375 1188 2419 sumus
1229 2358 1434 2437 scripti
1467 2360 1606 2419 estis
1639 2359 1847 2438 scripti
1878 2364 2044 2429 sunt:
2093 2365 2151 2419 et
2192 2357 2479 2420 ulteriore
2513 2359 2777 2437 perfecta

203 2462 306 2520 sive
355 2458 628 2522 absoluta
693 2461 928 2521 numeri
980 2457 1296 2537 singularis
1363 2462 1620 2540 scriptus
1677 2460 1762 2520 fui
1818 2462 2073 2539 scriptus
2125 2460 2283 2522 suisti
2338 2462 2593 2540 scriptus
2648 2461 2771 2531 fuit,
2800 2480 2854 2521 20

203 2564 412 2623 numeri
474 2561 724 2642 pluralis
788 2564 997 2642 scripti
1055 2562 1273 2624 fuimus
1337 2564 1546 2641 scripti
1602 2562 1791 2624 fuistis
1852 2564 2055 2643 scripti
2122 2563 2364 2625 fuerunt
2428 2562 2519 2624 vel
2574 2564 2773 2624 suere:

203 2664 388 2725 eodem
433 2665 614 2726 modo
661 2664 869 2726 eodem
919 2672 1188 2744 tempore
1244 2666 1441 2743 specie
1483 2663 2064 2746 plusquamperfecta
2113 2667 2233 2727 sive
2274 2664 2643 2727 recordativa
2686 2663 2777 2726 vel

205 2774 384 2827 exacta
426 2768 664 2829 numeri
707 2766 1022 2845 singularis
1063 2768 1322 2846 scriptus
1360 2784 1521 2827 eram
1567 2768 1825 2846 scriptus
1870 2786 2001 2828 eras
2046 2768 2305 2846 scriptus
2352 2774 2498 2837 erat,
2542 2767 2777 2827 numeri

205 2868 422 2946 pluralis
464 2870 672 2948 scripti
717 2886 954 2931 eramus
994 2869 1200 2948 scripti
1245 2870 1420 2930 eratis
1477 2869 1682 2947 scripti
1728 2876 1925 2936 erant;
2001 2876 2060 2929 et
2102 2867 2387 2930 ulteriore
2432 2867 2775 2947 plusquam-

205 2972 440 3047 perfecta
483 2970 578 3033 vel
607 2970 975 3032 recordativa
1019 2972 1140 3031 sive
1181 2976 1382 3031 exacta
1429 2972 1667 3032 numeri
1709 2969 2025 3049 singularis
2064 2972 2321 3048 scriptus
2365 2972 2592 3031 fueram
2630 2973 2775 3032 scri·
2802 2990 2853 3031 25

205 3078 320 3149 ptus
358 3075 554 3135 fueras
598 3075 855 3153 scriptus
892 3074 1102 3149 fuerat,
1149 3073 1379 3134 numeri
1419 3070 1665 3151 pluralis
1707 3073 1910 3150 scripti
1946 3072 2247 3134 fueramus
2288 3074 2493 3151 scripti
2538 3073 2778 3135 fueratis

205 3176 385 3254 scripti
425 3178 692 3238 fuerant:
739 3175 946 3236 eodem
985 3174 1164 3235 modo
1206 3181 1477 3254 tempore
1521 3174 1724 3235 futuro
1770 3176 1891 3235 sive
1934 3176 2281 3254 promissivo
2320 3176 2497 3236 modo
2544 3177 2777 3237 numeri

206 3276 496 3355 singularis
539 3276 772 3339 scribat·
814 3276 1094 3339 scriberis
1138 3275 1452 3346 scribetur,
1497 3276 1733 3338 numeri
1774 3275 2019 3355 pluralis
2063 3275 2395 3338 scribemur
2434 3276 2777 3339 scribemini

207 3379 538 3442 scribentur.
630 3379 808 3441 modo
852 3380 1200 3458 imperativo
1235 3386 1502 3459 tempore
1545 3381 1845 3457 praesenti
1898 3381 2019 3440 sive
2055 3379 2299 3440 instanti
2343 3379 2415 3441 ad
2454 3380 2775 3441 secundam

209 3487 256 3540 et
295 3484 518 3545 tertiam
574 3500 888 3561 personam
933 3487 1162 3543 tantum
1209 3482 1442 3563 numeri
1485 3480 1801 3559 singularis
1852 3481 2119 3542 scribere
2164 3480 2492 3551 scribatur,
2540 3484 2775 3543 numeri
2803 3500 2857 3541 ³0

207 3581 424 3659 pluralis
467 3583 800 3645 scribimini
842 3583 1206 3646 scribantur:
1249 3580 1277 3666 ΙΙ
1318 3583 1528 3645 eodem
1576 3584 1751 3645 modo
1810 3589 2081 3663 tempore
2128 3584 2329 3647 futuro
2383 3586 2616 3646 numeri
2660 3586 2779 3645 sin-

209 3684 406 3761 gularis
449 3684 732 3747 scribitor
775 3685 1080 3757 scribitor‚
1138 3688 1375 3747 numeri
1417 3684 1661 3765 pluralis
1714 3686 2093 3747 scribiminor
2148 3686 2509 3749 scribuntur.
2600 3688 2779 3748 modo

208 3786 408 3849 infinito
449 3792 574 3850 sive
609 3794 902 3865 perpetuo
942 3790 1206 3850 numeris
1256 3794 1314 3849 et
1353 3790 1625 3867 personis
1679 3789 1941 3850 confusis
1993 3795 2263 3867 tempore
2309 3792 2609 3868 praesenti
2661 3791 2782 3851 sive

209 3887 420 3951 instanti
467 3890 682 3958 scribi,
744 3890 950 3952 eodem
993 3890 1170 3953 modo
1228 3898 1496 3970 tempore
1551 3892 1870 3969 praeterito
1926 3892 2213 3969 scriptum
2260 3908 2388 3953 esse
2444 3888 2535 3953 vel
2582 3892 2779 3962 fuisse,

211 3990 390 4053 eodem
436 3992 618 4054 modo
673 3999 938 4071 tempore
982 3992 1180 4054 l'uturo
1237 3994 1519 4072 scriptum
1565 3993 1656 4053 iri.
1748 3990 1924 4053 modo
1979 3995 2235 4072 optativo
2291 4000 2561 4071 tempore
2605 4012 2779 4072 prae·
2807 4008 2858 4048 ³⁵

211 4096 340 4155 senti
383 4096 500 4157 sive
543 4096 788 4157 instanti
829 4096 1062 4158 numeri
1109 4092 1426 4172 singularis
1474 4097 1694 4157 utinam
1738 4092 2003 4163 scribar‚
2050 4078 2271 4155 utinam
2312 4094 2621 4165 scribariS,
2668 4097 2779 4155 uti-

210 4210 324 4256 nam
353 4196 678 4266 scribatur;
723 4197 954 4258 numeri
985 4195 1229 4275 pluralis
1269 4196 1491 4258 utInam
1525 4196 1877 4267 scribamur‚
1912 4198 2134 4258 utinam
2168 4195 2525 4267 scribamini,
2558 4198 2779 4258 utinam

211 4296 553 4361 scribantur:
621 4299 832 4361 eodem
878 4298 1054 4361 modo
1099 4305 1368 4379 tempore
1402 4300 1725 4378 praeterito
1780 4300 1977 4378 specie
2019 4297 2364 4377 imperfecta
2416 4299 2539 4359 sive
2586 4300 2782 4358 minus

213 4415 366 4475 quam
407 4402 672 4481 perfecta
719 4400 809 4462 vel
855 4386 1181 4463 inchoativa
1239 4398 1490 4485 numelri
1533 4400 1851 4481 singularis
1905 4401 2128 4461 utinam
2178 4400 2505 4472 scriberer,
2554 4400 2781 4462 utinam

212 4500 554 4575 scribereriS,
595 4504 818 4565 utinam
849 4502 1244 4581 scriberetur3
1291 4503 1526 4565 numeri
1559 4502 1801 4582 pluralis
1840 4504 2063 4565 utinam
2098 4502 2519 4573 scriberemur,
2561 4504 2781 4565 utinam
2807 4516 2860 4557 4⁰

211 4602 624 4675 scriberemini,
693 4607 918 4667 utinam
963 4604 1400 4667 scriberentur:
1481 4604 1688 4667 eodem
1748 4606 1925 4667 modo
1994 4604 2201 4667 eodem
2257 4614 2523 4684 tempore
2584 4608 2781 4685 specie

337 4816 400 4868 32
435 4820 719 4871 scribuntor
753 4836 812 4871 νυ
847 4818 1142 4871 scribuntur
1177 4818 1224 4870 R
1362 4818 1430 4871 33
1467 4820 1578 4870 sive
1616 4826 1867 4886 perpetuo
1900 4834 1993 4871 om.
2034 4818 2151 4883 RB,
2191 4820 2311 4870 add.
2352 4836 2381 4870 v
