<?xml version="1.0" encoding="UTF-8"?>
<!DOCTYPE html PUBLIC "-//W3C//DTD XHTML 1.0 Transitional//EN"
    "http://www.w3.org/TR/xhtml1/DTD/xhtml1-transitional.dtd">
<html xmlns="http://www.w3.org/1999/xhtml" xml:lang="en" lang="en">
 <head>
  <title>
</title>
<meta http-equiv="Content-Type" content="text/html;charset=utf-8" />
  <meta name='ocr-system' content='tesseract 3.04.00' />
  <meta name='ocr-capabilities' content='ocr_page ocr_carea ocr_par ocr_line ocrx_word'/>
</head>
<body>
  <div class='ocr_page' id='page_1' title='image "./grammaticilatin01unkngoog_0519.png"; bbox 0 0 3434 5442; ppageno 0'>
   <div class='ocr_carea' id='block_1_1' title="bbox 639 313 3111 476">
    <p class='ocr_par' dir='ltr' id='par_1_1' title="bbox 639 313 3111 476">
     <span class='ocr_line' id='line_1_1' title="bbox 639 313 2055 381; baseline -0.004 0"><span class='ocrx_word' id='word_1_1' title='bbox 639 316 762 381; x_wconf 77' lang='lat'><strong>458</strong></span> <span class='ocrx_word' id='word_1_2' title='bbox 1814 313 2055 377; x_wconf 82' lang='lat' dir='ltr'><strong><em>SERVH</em></strong></span> 
     </span>
     <span class='ocr_line' id='line_1_2' title="bbox 742 421 3111 476; baseline -0.001 -12"><span class='ocrx_word' id='word_1_3' title='bbox 742 434 784 474; x_wconf 76' lang='lat' dir='ltr'><strong>p.</strong></span> <span class='ocrx_word' id='word_1_4' title='bbox 817 421 912 464; x_wconf 80' lang='lat'>1818</span> <span class='ocrx_word' id='word_1_5' title='bbox 939 421 988 464; x_wconf 81' lang='lat' dir='ltr'><strong>P.</strong></span> <span class='ocrx_word' id='word_1_6' title='bbox 2782 435 2829 476; x_wconf 72' lang='lat' dir='ltr'><strong>p.</strong></span> <span class='ocrx_word' id='word_1_7' title='bbox 2856 421 2952 464; x_wconf 68' lang='lat' dir='ltr'><strong>aas.</strong></span> <span class='ocrx_word' id='word_1_8' title='bbox 2980 421 3037 464; x_wconf 72' lang='lat' dir='ltr'><strong>aa</strong></span> <span class='ocrx_word' id='word_1_9' title='bbox 3066 421 3111 462; x_wconf 86' lang='lat' dir='ltr'><strong>c.</strong></span> 
     </span>
    </p>
   </div>
   <div class='ocr_carea' id='block_1_2' title="bbox 549 499 3233 3740">
    <p class='ocr_par' dir='ltr' id='par_1_2' title="bbox 549 499 3233 3740">
     <span class='ocr_line' id='line_1_3' title="bbox 639 499 3197 583; baseline 0 -22"><span class='ocrx_word' id='word_1_10' title='bbox 639 501 780 562; x_wconf 89' lang='lat' dir='ltr'><strong>bum</strong></span> <span class='ocrx_word' id='word_1_11' title='bbox 825 500 1187 563; x_wconf 77' lang='lat' dir='ltr'><strong>tribrachum</strong></span> <span class='ocrx_word' id='word_1_12' title='bbox 1235 502 1562 582; x_wconf 84' lang='lat' dir='ltr'><strong>spondeum</strong></span> <span class='ocrx_word' id='word_1_13' title='bbox 1595 501 1885 583; x_wconf 78' lang='lat' dir='ltr'>dactylum</span> <span class='ocrx_word' id='word_1_14' title='bbox 1918 509 2297 582; x_wconf 79' lang='lat' dir='ltr'><strong>anapaestum</strong></span> <span class='ocrx_word' id='word_1_15' title='bbox 2315 549 2330 571; x_wconf 89' lang='lat'><strong>,</strong></span> <span class='ocrx_word' id='word_1_16' title='bbox 2377 500 2525 564; x_wconf 79' lang='lat' dir='ltr'><strong>locis</strong></span> <span class='ocrx_word' id='word_1_17' title='bbox 2562 509 2761 564; x_wconf 87' lang='lat' dir='ltr'><strong>autem</strong></span> <span class='ocrx_word' id='word_1_18' title='bbox 2804 499 3055 580; x_wconf 85' lang='lat' dir='ltr'><strong>paribus</strong></span> <span class='ocrx_word' id='word_1_19' title='bbox 3090 507 3197 562; x_wconf 85' lang='lat' dir='ltr'><strong>tan·</strong></span> 
     </span>
     <span class='ocr_line' id='line_1_4' title="bbox 641 602 3197 685; baseline 0 -21"><span class='ocrx_word' id='word_1_20' title='bbox 641 612 766 665; x_wconf 89' lang='lat' dir='ltr'><strong>tum</strong></span> <span class='ocrx_word' id='word_1_21' title='bbox 804 603 1066 666; x_wconf 88' lang='lat' dir='ltr'><strong>iambum</strong></span> <span class='ocrx_word' id='word_1_22' title='bbox 1112 602 1199 665; x_wconf 88' lang='lat' dir='ltr'><strong>vel</strong></span> <span class='ocrx_word' id='word_1_23' title='bbox 1245 603 1640 675; x_wconf 79' lang='lat' dir='ltr'><strong>tribrachum,</strong></span> <span class='ocrx_word' id='word_1_24' title='bbox 1688 612 1748 666; x_wconf 92' lang='lat' dir='ltr'><strong>et</strong></span> <span class='ocrx_word' id='word_1_25' title='bbox 1790 605 1945 684; x_wconf 89' lang='lat' dir='ltr'><strong>apud</strong></span> <span class='ocrx_word' id='word_1_26' title='bbox 1989 605 2247 666; x_wconf 88' lang='lat' dir='ltr'><strong>comicos</strong></span> <span class='ocrx_word' id='word_1_27' title='bbox 2290 604 2633 684; x_wconf 80' lang='lat' dir='ltr'><strong>frequenter</strong></span> <span class='ocrx_word' id='word_1_28' title='bbox 2676 612 3095 685; x_wconf 76' lang='lat' dir='ltr'><strong>anapaestum,</strong></span> <span class='ocrx_word' id='word_1_29' title='bbox 3131 605 3197 665; x_wconf 85' lang='lat' dir='ltr'><strong>ita</strong></span> 
     </span>
     <span class='ocr_line' id='line_1_5' title="bbox 641 704 3197 788; baseline 0.001 -22"><span class='ocrx_word' id='word_1_30' title='bbox 641 714 837 767; x_wconf 90' lang='lat' dir='ltr'><strong>tamen</strong></span> <span class='ocrx_word' id='word_1_31' title='bbox 893 712 960 788; x_wconf 89' lang='lat' dir='ltr'><strong>ut</strong></span> <span class='ocrx_word' id='word_1_32' title='bbox 1012 705 1333 768; x_wconf 89' lang='lat' dir='ltr'><strong>multarum</strong></span> <span class='ocrx_word' id='word_1_33' title='bbox 1389 707 1653 769; x_wconf 81' lang='lat' dir='ltr'><strong>brevium</strong></span> <span class='ocrx_word' id='word_1_34' title='bbox 1714 707 1982 768; x_wconf 87' lang='lat' dir='ltr'><strong>iunctura</strong></span> <span class='ocrx_word' id='word_1_35' title='bbox 2041 708 2272 768; x_wconf 87' lang='lat' dir='ltr'><strong>vitetur.</strong></span> <span class='ocrx_word' id='word_1_36' title='bbox 2362 705 2465 767; x_wconf 88' lang='lat' dir='ltr'><strong>sed</strong></span> <span class='ocrx_word' id='word_1_37' title='bbox 2532 726 2604 768; x_wconf 84' lang='lat' dir='ltr'><strong>ex</strong></span> <span class='ocrx_word' id='word_1_38' title='bbox 2668 704 2867 768; x_wconf 82' lang='lat' dir='ltr'><strong>multis</strong></span> <span class='ocrx_word' id='word_1_39' title='bbox 2930 704 3197 768; x_wconf 82' lang='lat' dir='ltr'><strong>tredecim</strong></span> 
     </span>
     <span class='ocr_line' id='line_1_6' title="bbox 639 808 1387 871; baseline 0.003 -3"><span class='ocrx_word' id='word_1_40' title='bbox 639 809 770 869; x_wconf 89' lang='lat' dir='ltr'><strong>usui</strong></span> <span class='ocrx_word' id='word_1_41' title='bbox 814 808 1100 870; x_wconf 87' lang='lat' dir='ltr'><strong>tradenda</strong></span> <span class='ocrx_word' id='word_1_42' title='bbox 1144 808 1387 871; x_wconf 84' lang='lat' dir='ltr'><strong>subieci.</strong></span> 
     </span>
     <span class='ocr_line' id='line_1_7' title="bbox 581 907 3199 992; baseline -0 -19"><span class='ocrx_word' id='word_1_43' title='bbox 581 928 604 964; x_wconf 76' lang='lat'><strong>⁵</strong></span> <span class='ocrx_word' id='word_1_44' title='bbox 809 907 818 990; x_wconf 79' lang='grc' dir='ltr'>Ι</span> <span class='ocrx_word' id='word_1_45' title='bbox 879 911 962 973; x_wconf 88' lang='lat' dir='ltr'><strong>De</strong></span> <span class='ocrx_word' id='word_1_46' title='bbox 1007 911 1426 992; x_wconf 89' lang='lat' dir='ltr'><strong>aristophanio.</strong></span> <span class='ocrx_word' id='word_1_47' title='bbox 1515 911 1977 990; x_wconf 85' lang='lat' dir='ltr'><strong>aristophanium</strong></span> <span class='ocrx_word' id='word_1_48' title='bbox 2036 917 2267 973; x_wconf 85' lang='lat' dir='ltr'><strong>constat</strong></span> <span class='ocrx_word' id='word_1_49' title='bbox 2306 917 2681 972; x_wconf 90' lang='lat' dir='ltr'><strong>monometro</strong></span> <span class='ocrx_word' id='word_1_50' title='bbox 2725 909 3199 991; x_wconf 70' lang='lat' dir='ltr'><strong>hypercatalecto,</strong></span> 
     </span>
     <span class='ocr_line' id='line_1_8' title="bbox 635 1010 2329 1083; baseline -0.001 -9"><span class='ocrx_word' id='word_1_51' title='bbox 635 1019 699 1074; x_wconf 92' lang='lat' dir='ltr'><strong>ut</strong></span> <span class='ocrx_word' id='word_1_52' title='bbox 742 1020 832 1073; x_wconf 85' lang='lat' dir='ltr'><strong>est</strong></span> <span class='ocrx_word' id='word_1_53' title='bbox 875 1013 1016 1083; x_wconf 89' lang='lat' dir='ltr'><strong>hoc,</strong></span> <span class='ocrx_word' id='word_1_54' title='bbox 2324 1010 2329 1016; x_wconf 85' lang='lat'>&#39;</span> 
     </span>
     <span class='ocr_line' id='line_1_9' title="bbox 1206 1114 1748 1195; baseline 0.004 -21"><span class='ocrx_word' id='word_1_55' title='bbox 1206 1114 1384 1178; x_wconf 86' lang='lat' dir='ltr'><strong>valles</strong></span> <span class='ocrx_word' id='word_1_56' title='bbox 1429 1134 1537 1195; x_wconf 88' lang='lat' dir='ltr'><strong>per</strong></span> <span class='ocrx_word' id='word_1_57' title='bbox 1581 1117 1748 1176; x_wconf 69' lang='lat' dir='ltr'><strong>imae.</strong></span> 
     </span>
     <span class='ocr_line' id='line_1_10' title="bbox 806 1214 3199 1298; baseline -0.001 -19"><span class='ocrx_word' id='word_1_58' title='bbox 806 1217 889 1279; x_wconf 89' lang='lat' dir='ltr'><strong>De</strong></span> <span class='ocrx_word' id='word_1_59' title='bbox 936 1216 1249 1298; x_wconf 88' lang='lat' dir='ltr'><strong>euripidio.</strong></span> <span class='ocrx_word' id='word_1_60' title='bbox 1319 1217 1673 1297; x_wconf 84' lang='lat' dir='ltr'><strong>euripidium</strong></span> <span class='ocrx_word' id='word_1_61' title='bbox 1720 1224 1951 1279; x_wconf 80' lang='lat' dir='ltr'><strong>constat</strong></span> <span class='ocrx_word' id='word_1_62' title='bbox 1993 1217 2245 1279; x_wconf 89' lang='lat' dir='ltr'><strong>dimetro</strong></span> <span class='ocrx_word' id='word_1_63' title='bbox 2288 1214 2825 1296; x_wconf 79' lang='lat' dir='ltr'><strong>brachycatalecto,</strong></span> <span class='ocrx_word' id='word_1_64' title='bbox 2872 1225 2939 1278; x_wconf 90' lang='lat' dir='ltr'><strong>ut</strong></span> <span class='ocrx_word' id='word_1_65' title='bbox 2970 1225 3063 1278; x_wconf 82' lang='lat' dir='ltr'><strong>est</strong></span> <span class='ocrx_word' id='word_1_66' title='bbox 3086 1216 3199 1288; x_wconf 89' lang='lat' dir='ltr'><strong>hoc,</strong></span> 
     </span>
     <span class='ocr_line' id='line_1_11' title="bbox 1201 1318 1801 1382; baseline 0.002 -2"><span class='ocrx_word' id='word_1_67' title='bbox 1201 1320 1346 1381; x_wconf 80' lang='lat' dir='ltr'><strong>Aiax</strong></span> <span class='ocrx_word' id='word_1_68' title='bbox 1390 1319 1534 1382; x_wconf 76' lang='lat' dir='ltr'><strong>furit</strong></span> <span class='ocrx_word' id='word_1_69' title='bbox 1574 1318 1801 1381; x_wconf 79' lang='lat' dir='ltr'><strong>dolena.</strong></span> 
     </span>
     <span class='ocr_line' id='line_1_12' title="bbox 567 1418 3199 1492; baseline -0.002 -8"><span class='ocrx_word' id='word_1_70' title='bbox 567 1430 615 1472; x_wconf 75' lang='lat'><strong>1⁰</strong></span> <span class='ocrx_word' id='word_1_71' title='bbox 811 1423 894 1485; x_wconf 88' lang='lat' dir='ltr'><strong>De</strong></span> <span class='ocrx_word' id='word_1_72' title='bbox 939 1423 1337 1483; x_wconf 88' lang='lat' dir='ltr'><strong>anacreontio.</strong></span> <span class='ocrx_word' id='word_1_73' title='bbox 1397 1423 1841 1483; x_wconf 85' lang='lat' dir='ltr'><strong>anacreontium</strong></span> <span class='ocrx_word' id='word_1_74' title='bbox 1888 1428 2117 1484; x_wconf 85' lang='lat' dir='ltr'><strong>constat</strong></span> <span class='ocrx_word' id='word_1_75' title='bbox 2160 1422 2413 1483; x_wconf 89' lang='lat' dir='ltr'><strong>dimetro</strong></span> <span class='ocrx_word' id='word_1_76' title='bbox 2459 1418 2831 1492; x_wconf 80' lang='lat' dir='ltr'><strong>catalectico,</strong></span> <span class='ocrx_word' id='word_1_77' title='bbox 2872 1427 2939 1483; x_wconf 91' lang='lat' dir='ltr'><strong>ut</strong></span> <span class='ocrx_word' id='word_1_78' title='bbox 2968 1429 3059 1482; x_wconf 84' lang='lat' dir='ltr'><strong>est</strong></span> <span class='ocrx_word' id='word_1_79' title='bbox 3084 1420 3199 1482; x_wconf 79' lang='lat' dir='ltr'><strong>hoc·</strong></span> 
     </span>
     <span class='ocr_line' id='line_1_13' title="bbox 1205 1523 1989 1586; baseline -0.003 -1"><span class='ocrx_word' id='word_1_80' title='bbox 1205 1523 1454 1586; x_wconf 84' lang='lat' dir='ltr'><strong>dissolve</strong></span> <span class='ocrx_word' id='word_1_81' title='bbox 1497 1523 1731 1585; x_wconf 89' lang='lat' dir='ltr'><strong>Baccha</strong></span> <span class='ocrx_word' id='word_1_82' title='bbox 1776 1524 1989 1584; x_wconf 81' lang='lat' dir='ltr'><strong>crines.</strong></span> 
     </span>
     <span class='ocr_line' id='line_1_14' title="bbox 801 1623 3199 1696; baseline -0.001 -8"><span class='ocrx_word' id='word_1_83' title='bbox 801 1627 886 1688; x_wconf 90' lang='lat' dir='ltr'><strong>De</strong></span> <span class='ocrx_word' id='word_1_84' title='bbox 931 1625 1319 1688; x_wconf 89' lang='lat' dir='ltr'><strong>archilochio.</strong></span> <span class='ocrx_word' id='word_1_85' title='bbox 1407 1624 1833 1690; x_wconf 84' lang='lat' dir='ltr'><strong>archilochium</strong></span> <span class='ocrx_word' id='word_1_86' title='bbox 1879 1631 2109 1688; x_wconf 88' lang='lat' dir='ltr'><strong>constat</strong></span> <span class='ocrx_word' id='word_1_87' title='bbox 2152 1626 2404 1688; x_wconf 89' lang='lat' dir='ltr'><strong>dimetro</strong></span> <span class='ocrx_word' id='word_1_88' title='bbox 2450 1623 2799 1696; x_wconf 87' lang='lat' dir='ltr'><strong>acatalecto,</strong></span> <span class='ocrx_word' id='word_1_89' title='bbox 2846 1632 2913 1687; x_wconf 86' lang='lat' dir='ltr'><strong>ut</strong></span> <span class='ocrx_word' id='word_1_90' title='bbox 2954 1631 3047 1686; x_wconf 87' lang='lat' dir='ltr'><strong>est</strong></span> <span class='ocrx_word' id='word_1_91' title='bbox 3086 1624 3199 1696; x_wconf 87' lang='lat' dir='ltr'><strong>hoc,</strong></span> 
     </span>
     <span class='ocr_line' id='line_1_15' title="bbox 1202 1727 1982 1808; baseline 0 -18"><span class='ocrx_word' id='word_1_92' title='bbox 1202 1745 1414 1790; x_wconf 75' lang='lat' dir='ltr'><strong>serena</strong></span> <span class='ocrx_word' id='word_1_93' title='bbox 1460 1727 1560 1792; x_wconf 86' lang='lat' dir='ltr'><strong>lux</strong></span> <span class='ocrx_word' id='word_1_94' title='bbox 1605 1729 1784 1790; x_wconf 88' lang='lat' dir='ltr'><strong>micat</strong></span> <span class='ocrx_word' id='word_1_95' title='bbox 1824 1727 1982 1808; x_wconf 86' lang='lat' dir='ltr'><strong>polo.</strong></span> 
     </span>
     <span class='ocr_line' id='line_1_16' title="bbox 805 1828 3100 1911; baseline -0 -20"><span class='ocrx_word' id='word_1_96' title='bbox 805 1829 888 1892; x_wconf 88' lang='lat' dir='ltr'><strong>De</strong></span> <span class='ocrx_word' id='word_1_97' title='bbox 932 1829 1173 1892; x_wconf 91' lang='lat' dir='ltr'><strong>alcaico.</strong></span> <span class='ocrx_word' id='word_1_98' title='bbox 1238 1828 1546 1894; x_wconf 83' lang='lat' dir='ltr'><strong>alcaicum</strong></span> <span class='ocrx_word' id='word_1_99' title='bbox 1593 1835 1826 1892; x_wconf 88' lang='lat' dir='ltr'><strong>constat</strong></span> <span class='ocrx_word' id='word_1_100' title='bbox 1868 1831 2121 1892; x_wconf 88' lang='lat' dir='ltr'><strong>dimetro</strong></span> <span class='ocrx_word' id='word_1_101' title='bbox 2164 1829 2667 1911; x_wconf 78' lang='lat' dir='ltr'><strong>hypercatalecto,</strong></span> <span class='ocrx_word' id='word_1_102' title='bbox 2715 1837 2782 1891; x_wconf 92' lang='lat' dir='ltr'><strong>ut</strong></span> <span class='ocrx_word' id='word_1_103' title='bbox 2824 1839 2915 1892; x_wconf 80' lang='lat' dir='ltr'><strong>est</strong></span> <span class='ocrx_word' id='word_1_104' title='bbox 2956 1829 3100 1899; x_wconf 89' lang='lat' dir='ltr'><strong>hoc,</strong></span> 
     </span>
     <span class='ocr_line' id='line_1_17' title="bbox 562 1932 2073 2012; baseline -0.001 -18"><span class='ocrx_word' id='word_1_105' title='bbox 562 1940 610 1983; x_wconf 70' lang='lat'><strong>¹⁵</strong></span> <span class='ocrx_word' id='word_1_106' title='bbox 1211 1938 1414 1994; x_wconf 87' lang='lat' dir='ltr'><strong>amant</strong></span> <span class='ocrx_word' id='word_1_107' title='bbox 1454 1949 1678 1994; x_wconf 85' lang='lat' dir='ltr'><strong>venena</strong></span> <span class='ocrx_word' id='word_1_108' title='bbox 1722 1932 2073 2012; x_wconf 88' lang='lat' dir='ltr'><strong>parricidae.</strong></span> 
     </span>
     <span class='ocr_line' id='line_1_18' title="bbox 802 2032 3201 2114; baseline -0.001 -17"><span class='ocrx_word' id='word_1_109' title='bbox 802 2035 886 2097; x_wconf 88' lang='lat' dir='ltr'><strong>De</strong></span> <span class='ocrx_word' id='word_1_110' title='bbox 929 2032 1236 2096; x_wconf 88' lang='lat' dir='ltr'><strong>alcmanio.</strong></span> <span class='ocrx_word' id='word_1_111' title='bbox 1297 2032 1649 2096; x_wconf 89' lang='lat' dir='ltr'><strong>alcmanium</strong></span> <span class='ocrx_word' id='word_1_112' title='bbox 1699 2042 1929 2096; x_wconf 89' lang='lat' dir='ltr'><strong>constat</strong></span> <span class='ocrx_word' id='word_1_113' title='bbox 1971 2036 2242 2096; x_wconf 85' lang='lat' dir='ltr'><strong>trimetro</strong></span> <span class='ocrx_word' id='word_1_114' title='bbox 2283 2032 2823 2114; x_wconf 79' lang='lat' dir='ltr'><strong>brachycatalecto,</strong></span> <span class='ocrx_word' id='word_1_115' title='bbox 2866 2041 2936 2095; x_wconf 90' lang='lat' dir='ltr'><strong>ut</strong></span> <span class='ocrx_word' id='word_1_116' title='bbox 2964 2041 3057 2096; x_wconf 87' lang='lat' dir='ltr'><strong>est</strong></span> <span class='ocrx_word' id='word_1_117' title='bbox 3084 2033 3201 2104; x_wconf 87' lang='lat' dir='ltr'><strong>hoc,</strong></span> 
     </span>
     <span class='ocr_line' id='line_1_19' title="bbox 1203 2135 2279 2216; baseline 0 -18"><span class='ocrx_word' id='word_1_118' title='bbox 1203 2137 1438 2216; x_wconf 79' lang='lat' dir='ltr'><strong>spernis</strong></span> <span class='ocrx_word' id='word_1_119' title='bbox 1481 2135 1734 2197; x_wconf 83' lang='lat' dir='ltr'><strong>decorae</strong></span> <span class='ocrx_word' id='word_1_120' title='bbox 1778 2137 2020 2215; x_wconf 86' lang='lat' dir='ltr'><strong>virginis</strong></span> <span class='ocrx_word' id='word_1_121' title='bbox 2063 2144 2279 2198; x_wconf 89' lang='lat' dir='ltr'><strong>torum.</strong></span> 
     </span>
     <span class='ocr_line' id='line_1_20' title="bbox 800 2237 3202 2319; baseline -0 -18"><span class='ocrx_word' id='word_1_122' title='bbox 800 2239 884 2301; x_wconf 88' lang='lat' dir='ltr'><strong>De</strong></span> <span class='ocrx_word' id='word_1_123' title='bbox 931 2238 1326 2319; x_wconf 84' lang='lat' dir='ltr'><strong>hipponactio.</strong></span> <span class='ocrx_word' id='word_1_124' title='bbox 1389 2237 1833 2318; x_wconf 86' lang='lat' dir='ltr'><strong>hipponactium</strong></span> <span class='ocrx_word' id='word_1_125' title='bbox 1880 2245 2109 2300; x_wconf 88' lang='lat' dir='ltr'><strong>constat</strong></span> <span class='ocrx_word' id='word_1_126' title='bbox 2150 2239 2423 2300; x_wconf 87' lang='lat' dir='ltr'><strong>trimetro</strong></span> <span class='ocrx_word' id='word_1_127' title='bbox 2453 2237 2824 2310; x_wconf 86' lang='lat' dir='ltr'><strong>catalectico,</strong></span> <span class='ocrx_word' id='word_1_128' title='bbox 2867 2247 2934 2300; x_wconf 91' lang='lat' dir='ltr'><strong>ut</strong></span> <span class='ocrx_word' id='word_1_129' title='bbox 2962 2247 3055 2300; x_wconf 86' lang='lat' dir='ltr'><strong>est</strong></span> <span class='ocrx_word' id='word_1_130' title='bbox 3080 2239 3202 2308; x_wconf 89' lang='lat' dir='ltr'><strong>hoc,</strong></span> 
     </span>
     <span class='ocr_line' id='line_1_21' title="bbox 1033 2338 2026 2402; baseline 0.001 -2"><span class='ocrx_word' id='word_1_131' title='bbox 1033 2339 1224 2401; x_wconf 85' lang='lat' dir='ltr'><strong>doctis</strong></span> <span class='ocrx_word' id='word_1_132' title='bbox 1267 2338 1473 2402; x_wconf 87' lang='lat' dir='ltr'><strong>Thalia</strong></span> <span class='ocrx_word' id='word_1_133' title='bbox 1519 2338 1748 2401; x_wconf 85' lang='lat' dir='ltr'><strong>vatibus</strong></span> <span class='ocrx_word' id='word_1_134' title='bbox 1792 2338 2026 2401; x_wconf 87' lang='lat' dir='ltr'><strong>l&#39;avebit.</strong></span> 
     </span>
     <span class='ocr_line' id='line_1_22' title="bbox 556 2440 3201 2515; baseline -0 -12"><span class='ocrx_word' id='word_1_135' title='bbox 556 2449 610 2488; x_wconf 83' lang='lat'><strong>²⁰</strong></span> <span class='ocrx_word' id='word_1_136' title='bbox 805 2442 888 2504; x_wconf 91' lang='lat' dir='ltr'><strong>De</strong></span> <span class='ocrx_word' id='word_1_137' title='bbox 932 2440 1314 2504; x_wconf 88' lang='lat' dir='ltr'><strong>archilochio.</strong></span> <span class='ocrx_word' id='word_1_138' title='bbox 1389 2441 1819 2503; x_wconf 89' lang='lat' dir='ltr'><strong>archilochium</strong></span> <span class='ocrx_word' id='word_1_139' title='bbox 1864 2450 2096 2504; x_wconf 88' lang='lat' dir='ltr'><strong>constat</strong></span> <span class='ocrx_word' id='word_1_140' title='bbox 2141 2443 2407 2503; x_wconf 84' lang='lat' dir='ltr'><strong>trimetro</strong></span> <span class='ocrx_word' id='word_1_141' title='bbox 2452 2440 2793 2515; x_wconf 86' lang='lat' dir='ltr'><strong>acatalecto,</strong></span> <span class='ocrx_word' id='word_1_142' title='bbox 2838 2451 2904 2504; x_wconf 91' lang='lat' dir='ltr'><strong>ut</strong></span> <span class='ocrx_word' id='word_1_143' title='bbox 2946 2451 3039 2504; x_wconf 85' lang='lat' dir='ltr'><strong>est</strong></span> <span class='ocrx_word' id='word_1_144' title='bbox 3078 2443 3201 2510; x_wconf 86' lang='lat' dir='ltr'><strong>hoc,</strong></span> 
     </span>
     <span class='ocr_line' id='line_1_23' title="bbox 1031 2543 2279 2623; baseline 0.002 -19"><span class='ocrx_word' id='word_1_145' title='bbox 1031 2543 1280 2605; x_wconf 81' lang='lat' dir='ltr'><strong>Martem</strong></span> <span class='ocrx_word' id='word_1_146' title='bbox 1325 2544 1528 2623; x_wconf 79' lang='lat' dir='ltr'><strong>fatigat</strong></span> <span class='ocrx_word' id='word_1_147' title='bbox 1568 2543 1855 2623; x_wconf 82' lang='lat' dir='ltr'><strong>prodigus</strong></span> <span class='ocrx_word' id='word_1_148' title='bbox 1897 2545 2049 2606; x_wconf 89' lang='lat' dir='ltr'><strong>vitae</strong></span> <span class='ocrx_word' id='word_1_149' title='bbox 2092 2545 2279 2606; x_wconf 79' lang='lat' dir='ltr'><strong>furor.</strong></span> 
     </span>
     <span class='ocr_line' id='line_1_24' title="bbox 800 2645 3205 2726; baseline -0.002 -17"><span class='ocrx_word' id='word_1_150' title='bbox 800 2647 886 2709; x_wconf 89' lang='lat' dir='ltr'><strong>De</strong></span> <span class='ocrx_word' id='word_1_151' title='bbox 928 2645 1330 2726; x_wconf 90' lang='lat' dir='ltr'><strong>hipponactio.</strong></span> <span class='ocrx_word' id='word_1_152' title='bbox 1417 2645 1861 2726; x_wconf 84' lang='lat' dir='ltr'><strong>hipponactium</strong></span> <span class='ocrx_word' id='word_1_153' title='bbox 1909 2653 2141 2708; x_wconf 88' lang='lat' dir='ltr'><strong>constat</strong></span> <span class='ocrx_word' id='word_1_154' title='bbox 2184 2649 2453 2709; x_wconf 85' lang='lat' dir='ltr'><strong>trimetro</strong></span> <span class='ocrx_word' id='word_1_155' title='bbox 2500 2645 2821 2708; x_wconf 88' lang='lat' dir='ltr'><strong>acatalecto</strong></span> <span class='ocrx_word' id='word_1_156' title='bbox 2866 2645 3103 2716; x_wconf 89' lang='lat' dir='ltr'><strong>claudo,</strong></span> <span class='ocrx_word' id='word_1_157' title='bbox 3146 2655 3205 2706; x_wconf 89' lang='lat' dir='ltr'><strong>ut</strong></span> 
     </span>
     <span class='ocr_line' id='line_1_25' title="bbox 627 2730 3233 2818; baseline -0.001 -8"><span class='ocrx_word' id='word_1_158' title='bbox 627 2755 718 2810; x_wconf 84' lang='lat' dir='ltr'><strong>est</strong></span> <span class='ocrx_word' id='word_1_159' title='bbox 759 2748 904 2818; x_wconf 92' lang='lat' dir='ltr'><strong>hoc,</strong></span> <span class='ocrx_word' id='word_1_160' title='bbox 3226 2730 3233 2736; x_wconf 59' lang='grc'><strong>’</strong></span> 
     </span>
     <span class='ocr_line' id='line_1_26' title="bbox 1031 2851 2703 2930; baseline -0.001 -19"><span class='ocrx_word' id='word_1_161' title='bbox 1031 2867 1259 2930; x_wconf 88' lang='lat' dir='ltr'><strong>pauper</strong></span> <span class='ocrx_word' id='word_1_162' title='bbox 1301 2855 1479 2930; x_wconf 89' lang='lat' dir='ltr'><strong>poeta</strong></span> <span class='ocrx_word' id='word_1_163' title='bbox 1523 2851 1712 2912; x_wconf 88' lang='lat' dir='ltr'><strong>nescit</strong></span> <span class='ocrx_word' id='word_1_164' title='bbox 1755 2857 1921 2911; x_wconf 90' lang='lat' dir='ltr'><strong>antra</strong></span> <span class='ocrx_word' id='word_1_165' title='bbox 1966 2851 2285 2912; x_wconf 85' lang='lat' dir='ltr'><strong>Musarum.</strong></span> <span class='ocrx_word' id='word_1_166' title='bbox 2688 2907 2703 2924; x_wconf 88' lang='grc'><strong><em>,</em></strong></span> 
     </span>
     <span class='ocr_line' id='line_1_27' title="bbox 553 2951 3205 3033; baseline -0.001 -21"><span class='ocrx_word' id='word_1_167' title='bbox 553 2959 607 3000; x_wconf 74' lang='lat'><strong>2⁸</strong></span> <span class='ocrx_word' id='word_1_168' title='bbox 801 2951 885 3013; x_wconf 90' lang='lat' dir='ltr'><strong>De</strong></span> <span class='ocrx_word' id='word_1_169' title='bbox 929 2952 1330 3014; x_wconf 88' lang='lat' dir='ltr'><strong>anacreontio.</strong></span> <span class='ocrx_word' id='word_1_170' title='bbox 1419 2953 1864 3014; x_wconf 84' lang='lat' dir='ltr'><strong>anacreontium</strong></span> <span class='ocrx_word' id='word_1_171' title='bbox 1930 2959 2159 3014; x_wconf 78' lang='lat' dir='ltr'><strong>constat</strong></span> <span class='ocrx_word' id='word_1_172' title='bbox 2232 2953 2501 3014; x_wconf 85' lang='lat' dir='ltr'><strong>trimetro</strong></span> <span class='ocrx_word' id='word_1_173' title='bbox 2566 2951 3070 3033; x_wconf 79' lang='lat' dir='ltr'><strong>hypercatalecto,</strong></span> <span class='ocrx_word' id='word_1_174' title='bbox 3144 2959 3205 3011; x_wconf 92' lang='lat' dir='ltr'><strong>ut</strong></span> 
     </span>
     <span class='ocr_line' id='line_1_28' title="bbox 626 3055 1577 3126; baseline 0 -10"><span class='ocrx_word' id='word_1_175' title='bbox 626 3063 717 3118; x_wconf 86' lang='lat' dir='ltr'><strong>est</strong></span> <span class='ocrx_word' id='word_1_176' title='bbox 759 3055 902 3126; x_wconf 89' lang='lat' dir='ltr'><strong>hoc,</strong></span> <span class='ocrx_word' id='word_1_177' title='bbox 1547 3107 1577 3124; x_wconf 82' lang='grc'><strong>,.</strong></span> 
     </span>
     <span class='ocr_line' id='line_1_29' title="bbox 1029 3155 2286 3238; baseline -0.001 -20"><span class='ocrx_word' id='word_1_178' title='bbox 1029 3174 1199 3218; x_wconf 90' lang='lat' dir='ltr'><strong>amor</strong></span> <span class='ocrx_word' id='word_1_179' title='bbox 1240 3156 1474 3237; x_wconf 89' lang='lat' dir='ltr'><strong>puellae</strong></span> <span class='ocrx_word' id='word_1_180' title='bbox 1518 3165 1727 3238; x_wconf 87' lang='lat' dir='ltr'><strong>pectus</strong></span> <span class='ocrx_word' id='word_1_181' title='bbox 1767 3155 2021 3234; x_wconf 89' lang='lat' dir='ltr'><strong>inprobe</strong></span> <span class='ocrx_word' id='word_1_182' title='bbox 2064 3157 2286 3237; x_wconf 76' lang='lat' dir='ltr'><strong>fatigat.</strong></span> 
     </span>
     <span class='ocr_line' id='line_1_30' title="bbox 794 3257 3198 3342; baseline -0.002 -20"><span class='ocrx_word' id='word_1_183' title='bbox 794 3260 877 3322; x_wconf 88' lang='lat' dir='ltr'><strong>De</strong></span> <span class='ocrx_word' id='word_1_184' title='bbox 921 3259 1344 3342; x_wconf 88' lang='lat' dir='ltr'><strong>aristophanio.</strong></span> <span class='ocrx_word' id='word_1_185' title='bbox 1431 3259 1898 3339; x_wconf 81' lang='lat' dir='ltr'><strong>aristophanium</strong></span> <span class='ocrx_word' id='word_1_186' title='bbox 1964 3267 2196 3322; x_wconf 90' lang='lat' dir='ltr'><strong>constat</strong></span> <span class='ocrx_word' id='word_1_187' title='bbox 2262 3265 2607 3321; x_wconf 86' lang='lat' dir='ltr'><strong>tetrametro</strong></span> <span class='ocrx_word' id='word_1_188' title='bbox 2672 3257 3198 3339; x_wconf 76' lang='lat' dir='ltr'><strong>brachycatalecto,</strong></span> 
     </span>
     <span class='ocr_line' id='line_1_31' title="bbox 620 3361 1004 3432; baseline -0.01 -7"><span class='ocrx_word' id='word_1_189' title='bbox 620 3369 688 3425; x_wconf 90' lang='lat' dir='ltr'><strong>ut</strong></span> <span class='ocrx_word' id='word_1_190' title='bbox 729 3368 820 3424; x_wconf 89' lang='lat' dir='ltr'><strong>est</strong></span> <span class='ocrx_word' id='word_1_191' title='bbox 859 3361 1004 3432; x_wconf 91' lang='lat' dir='ltr'><strong>hoc,</strong></span> 
     </span>
     <span class='ocr_line' id='line_1_32' title="bbox 549 3462 2766 3548; baseline 0.001 -24"><span class='ocrx_word' id='word_1_192' title='bbox 549 3469 636 3548; x_wconf 11' lang='lat'><strong>³⁰⁴</strong></span> <span class='ocrx_word' id='word_1_193' title='bbox 931 3469 1199 3527; x_wconf 87' lang='lat' dir='ltr'><strong>marcent</strong></span> <span class='ocrx_word' id='word_1_194' title='bbox 1239 3462 1553 3534; x_wconf 90' lang='lat' dir='ltr'><strong>lucernae,</strong></span> <span class='ocrx_word' id='word_1_195' title='bbox 1599 3462 1689 3525; x_wconf 93' lang='lat' dir='ltr'><strong>sol</strong></span> <span class='ocrx_word' id='word_1_196' title='bbox 1724 3464 2119 3545; x_wconf 86' lang='lat' dir='ltr'><strong>propinquat,</strong></span> <span class='ocrx_word' id='word_1_197' title='bbox 2169 3482 2287 3526; x_wconf 92' lang='lat' dir='ltr'><strong>non</strong></span> <span class='ocrx_word' id='word_1_198' title='bbox 2332 3471 2530 3528; x_wconf 87' lang='lat' dir='ltr'><strong>tamen</strong></span> <span class='ocrx_word' id='word_1_199' title='bbox 2575 3483 2766 3526; x_wconf 77' lang='lat' dir='ltr'><strong>vacaS.</strong></span> 
     </span>
     <span class='ocr_line' id='line_1_33' title="bbox 794 3565 3200 3647; baseline -0.001 -18"><span class='ocrx_word' id='word_1_200' title='bbox 794 3567 877 3629; x_wconf 88' lang='lat' dir='ltr'><strong>De</strong></span> <span class='ocrx_word' id='word_1_201' title='bbox 922 3565 1346 3645; x_wconf 88' lang='lat' dir='ltr'><strong>aristophanio.</strong></span> <span class='ocrx_word' id='word_1_202' title='bbox 1418 3565 1884 3647; x_wconf 87' lang='lat' dir='ltr'><strong>aristophanium</strong></span> <span class='ocrx_word' id='word_1_203' title='bbox 1932 3573 2162 3628; x_wconf 88' lang='lat' dir='ltr'><strong>constat</strong></span> <span class='ocrx_word' id='word_1_204' title='bbox 2206 3573 2551 3629; x_wconf 87' lang='lat' dir='ltr'><strong>tetrametro</strong></span> <span class='ocrx_word' id='word_1_205' title='bbox 2596 3565 2963 3638; x_wconf 87' lang='lat' dir='ltr'><strong>catalectico,</strong></span> <span class='ocrx_word' id='word_1_206' title='bbox 3006 3574 3071 3626; x_wconf 89' lang='lat' dir='ltr'><strong>ut</strong></span> <span class='ocrx_word' id='word_1_207' title='bbox 3110 3572 3200 3626; x_wconf 89' lang='lat' dir='ltr'><strong>est</strong></span> 
     </span>
     <span class='ocr_line' id='line_1_34' title="bbox 625 3670 768 3740; baseline -0.014 -9"><span class='ocrx_word' id='word_1_208' title='bbox 625 3670 768 3740; x_wconf 89' lang='lat' dir='ltr'><strong>hoc,</strong></span> 
     </span>
    </p>
   </div>
   <div class='ocr_carea' id='block_1_3' title="bbox 619 3852 3199 4898">
    <p class='ocr_par' dir='ltr' id='par_1_3' title="bbox 619 3852 3199 4898">
     <span class='ocr_line' id='line_1_35' title="bbox 763 3852 3199 3923; baseline -0.002 -17"><span class='ocrx_word' id='word_1_209' title='bbox 763 3857 797 3906; x_wconf 82' lang='lat'><strong>2</strong></span> <span class='ocrx_word' id='word_1_210' title='bbox 835 3854 1144 3906; x_wconf 81' lang='lat' dir='ltr'><strong>tribrachum</strong></span> <span class='ocrx_word' id='word_1_211' title='bbox 1183 3856 1316 3906; x_wconf 87' lang='lat' dir='ltr'><strong>hunc</strong></span> <span class='ocrx_word' id='word_1_212' title='bbox 1354 3857 1560 3920; x_wconf 86' lang='lat' dir='ltr'><strong>quidam</strong></span> <span class='ocrx_word' id='word_1_213' title='bbox 1599 3870 1852 3922; x_wconf 78' lang='lat' dir='ltr'><strong>egemona</strong></span> <span class='ocrx_word' id='word_1_214' title='bbox 1898 3857 2075 3908; x_wconf 88' lang='lat' dir='ltr'><strong>dicunt</strong></span> <span class='ocrx_word' id='word_1_215' title='bbox 2112 3862 2161 3905; x_wconf 89' lang='lat' dir='ltr'><strong>et</strong></span> <span class='ocrx_word' id='word_1_216' title='bbox 2197 3856 2248 3906; x_wconf 92' lang='lat' dir='ltr'><em>P</em></span> <span class='ocrx_word' id='word_1_217' title='bbox 2416 3857 2449 3909; x_wconf 83' lang='lat'><strong>3</strong></span> <span class='ocrx_word' id='word_1_218' title='bbox 2482 3853 2597 3923; x_wconf 79' lang='lat' dir='ltr'><strong>sed]</strong></span> <span class='ocrx_word' id='word_1_219' title='bbox 2638 3865 2691 3906; x_wconf 89' lang='lat' dir='ltr'><strong>et</strong></span> <span class='ocrx_word' id='word_1_220' title='bbox 2725 3857 2776 3907; x_wconf 92' lang='lat' dir='ltr'><em>P</em></span> <span class='ocrx_word' id='word_1_221' title='bbox 2939 3855 2973 3906; x_wconf 88' lang='lat'>8</span> <span class='ocrx_word' id='word_1_222' title='bbox 3006 3852 3199 3918; x_wconf 77' lang='lat' dir='ltr'><strong>Euripi-</strong></span> 
     </span>
     <span class='ocr_line' id='line_1_36' title="bbox 626 3925 3197 3990; baseline -0.003 -12"><span class='ocrx_word' id='word_1_223' title='bbox 626 3927 778 3978; x_wconf 83' lang='lat' dir='ltr'><strong>deum</strong></span> <span class='ocrx_word' id='word_1_224' title='bbox 813 3933 1034 3978; x_wconf 84' lang='lat' dir='ltr'><strong>metrum</strong></span> <span class='ocrx_word' id='word_1_225' title='bbox 1067 3933 1266 3978; x_wconf 76' lang='lat' dir='ltr'><strong>constat</strong></span> <span class='ocrx_word' id='word_1_226' title='bbox 1302 3927 1518 3979; x_wconf 84' lang='lat' dir='ltr'><strong>dimetro</strong></span> <span class='ocrx_word' id='word_1_227' title='bbox 1552 3926 1815 3990; x_wconf 88' lang='lat' dir='ltr'><strong>catalecto,</strong></span> <span class='ocrx_word' id='word_1_228' title='bbox 1850 3933 1903 3976; x_wconf 85' lang='lat' dir='ltr'><strong>ut</strong></span> <span class='ocrx_word' id='word_1_229' title='bbox 1938 3935 2017 3977; x_wconf 78' lang='lat' dir='ltr'><strong>eat</strong></span> <span class='ocrx_word' id='word_1_230' title='bbox 2046 3927 2159 3984; x_wconf 82' lang='lat' dir='ltr'><strong>hoc,</strong></span> <span class='ocrx_word' id='word_1_231' title='bbox 2194 3926 2421 3978; x_wconf 77' lang='lat' dir='ltr'><strong>dissolue</strong></span> <span class='ocrx_word' id='word_1_232' title='bbox 2456 3925 2655 3977; x_wconf 85' lang='lat' dir='ltr'><strong>Bacche</strong></span> <span class='ocrx_word' id='word_1_233' title='bbox 2694 3928 2880 3982; x_wconf 82' lang='lat' dir='ltr'><strong>crinea.</strong></span> <span class='ocrx_word' id='word_1_234' title='bbox 2922 3929 3197 3976; x_wconf 80' lang='lat' dir='ltr'><strong>Anacreon·</strong></span> 
     </span>
     <span class='ocr_line' id='line_1_37' title="bbox 621 3992 3199 4061; baseline -0.003 -12"><span class='ocrx_word' id='word_1_235' title='bbox 621 3999 750 4049; x_wconf 89' lang='lat' dir='ltr'><strong>tium</strong></span> <span class='ocrx_word' id='word_1_236' title='bbox 789 4004 988 4048; x_wconf 73' lang='lat' dir='ltr'><strong>constat</strong></span> <span class='ocrx_word' id='word_1_237' title='bbox 1022 3996 1239 4047; x_wconf 81' lang='lat' dir='ltr'><strong>dimetro</strong></span> <span class='ocrx_word' id='word_1_238' title='bbox 1272 3995 1729 4061; x_wconf 70' lang='lat' dir='ltr'><strong>brachycatalecto,</strong></span> <span class='ocrx_word' id='word_1_239' title='bbox 1767 4003 1823 4045; x_wconf 90' lang='lat' dir='ltr'><strong>ut</strong></span> <span class='ocrx_word' id='word_1_240' title='bbox 1856 4004 1933 4047; x_wconf 85' lang='lat' dir='ltr'><strong>est</strong></span> <span class='ocrx_word' id='word_1_241' title='bbox 1964 3997 2093 4059; x_wconf 89' lang='lat' dir='ltr'><strong>hoc,</strong></span> <span class='ocrx_word' id='word_1_242' title='bbox 2118 3997 2253 4046; x_wconf 82' lang='lat' dir='ltr'><strong>Aiax</strong></span> <span class='ocrx_word' id='word_1_243' title='bbox 2287 3996 2414 4048; x_wconf 73' lang='lat' dir='ltr'><strong>furit</strong></span> <span class='ocrx_word' id='word_1_244' title='bbox 2448 3997 2628 4047; x_wconf 78' lang='lat' dir='ltr'><strong>dolena</strong></span> <span class='ocrx_word' id='word_1_245' title='bbox 2667 4009 2702 4052; x_wconf 99' lang='lat'>5</span> <span class='ocrx_word' id='word_1_246' title='bbox 2868 3995 2903 4048; x_wconf 84' lang='lat'>9</span> <span class='ocrx_word' id='word_1_247' title='bbox 2932 3997 3047 4046; x_wconf 80' lang='lat' dir='ltr'><strong>aiax</strong></span> <span class='ocrx_word' id='word_1_248' title='bbox 3076 3992 3199 4042; x_wconf 76' lang='lat' dir='ltr'><strong>furit</strong></span> 
     </span>
     <span class='ocr_line' id='line_1_38' title="bbox 621 4063 3103 4130; baseline -0.002 -12"><span class='ocrx_word' id='word_1_249' title='bbox 621 4067 805 4119; x_wconf 77' lang='lat' dir='ltr'><strong>dolena</strong></span> <span class='ocrx_word' id='word_1_250' title='bbox 841 4067 968 4118; x_wconf 84' lang='lat' dir='ltr'><strong>deae</strong></span> <span class='ocrx_word' id='word_1_251' title='bbox 1007 4066 1166 4117; x_wconf 77' lang='lat' dir='ltr'><strong>decus</strong></span> <span class='ocrx_word' id='word_1_252' title='bbox 1203 4081 1370 4116; x_wconf 87' lang='lat' dir='ltr'><strong>meum</strong></span> <span class='ocrx_word' id='word_1_253' title='bbox 1392 4067 1544 4118; x_wconf 77' lang='lat' dir='ltr'><strong>editio</strong></span> <span class='ocrx_word' id='word_1_254' title='bbox 1563 4066 1865 4130; x_wconf 64' lang='lat' dir='ltr'><strong>Augustam</strong></span> <span class='ocrx_word' id='word_1_255' title='bbox 1971 4066 2122 4118; x_wconf 76' lang='lat' dir='ltr'><strong>fuerit</strong></span> <span class='ocrx_word' id='word_1_256' title='bbox 2156 4065 2335 4116; x_wconf 80' lang='lat' dir='ltr'><strong>dolens</strong></span> <span class='ocrx_word' id='word_1_257' title='bbox 2365 4068 2413 4116; x_wconf 91' lang='lat' dir='ltr'><em>P</em></span> <span class='ocrx_word' id='word_1_258' title='bbox 2515 4067 2578 4118; x_wconf 88' lang='lat'><strong>11</strong></span> <span class='ocrx_word' id='word_1_259' title='bbox 2603 4063 3103 4119; x_wconf 83' lang='lat' dir='ltr'><strong>bachaSbrachiaP</strong></span> 
     </span>
     <span class='ocr_line' id='line_1_39' title="bbox 623 4132 3197 4190; baseline -0.003 -1"><span class='ocrx_word' id='word_1_260' title='bbox 623 4138 691 4189; x_wconf 88' lang='lat'><strong>12</strong></span> <span class='ocrx_word' id='word_1_261' title='bbox 729 4137 804 4188; x_wconf 90' lang='lat' dir='ltr'><strong>De</strong></span> <span class='ocrx_word' id='word_1_262' title='bbox 837 4135 1178 4188; x_wconf 87' lang='lat' dir='ltr'><strong>archilochico</strong></span> <span class='ocrx_word' id='word_1_263' title='bbox 1211 4137 1608 4190; x_wconf 83' lang='lat' dir='ltr'><strong>archilochicum</strong></span> <span class='ocrx_word' id='word_1_264' title='bbox 1640 4137 1682 4188; x_wconf 88' lang='lat' dir='ltr'><strong><em>S</em></strong></span> <span class='ocrx_word' id='word_1_265' title='bbox 1828 4138 1890 4187; x_wconf 84' lang='lat'><strong>14</strong></span> <span class='ocrx_word' id='word_1_266' title='bbox 1928 4135 2005 4186; x_wconf 84' lang='lat' dir='ltr'><strong>De</strong></span> <span class='ocrx_word' id='word_1_267' title='bbox 2041 4134 2270 4186; x_wconf 86' lang='lat' dir='ltr'><strong>alchaico</strong></span> <span class='ocrx_word' id='word_1_268' title='bbox 2310 4137 2554 4187; x_wconf 79' lang='lat' dir='ltr'><strong>alcaicum</strong></span> <span class='ocrx_word' id='word_1_269' title='bbox 2584 4137 2629 4188; x_wconf 90' lang='lat' dir='ltr'><strong><em>S</em></strong></span> <span class='ocrx_word' id='word_1_270' title='bbox 2663 4137 2727 4186; x_wconf 88' lang='lat' dir='ltr'><strong>de</strong></span> <span class='ocrx_word' id='word_1_271' title='bbox 2760 4137 2938 4188; x_wconf 86' lang='lat' dir='ltr'><strong>altaico</strong></span> <span class='ocrx_word' id='word_1_272' title='bbox 2972 4132 3197 4185; x_wconf 80' lang='lat' dir='ltr'><strong>altaicnm</strong></span> 
     </span>
     <span class='ocr_line' id='line_1_40' title="bbox 621 4203 3197 4271; baseline -0.003 -12"><span class='ocrx_word' id='word_1_273' title='bbox 621 4209 673 4258; x_wconf 91' lang='lat' dir='ltr'><em>P</em></span> <span class='ocrx_word' id='word_1_274' title='bbox 815 4207 881 4259; x_wconf 81' lang='lat'><strong>16</strong></span> <span class='ocrx_word' id='word_1_275' title='bbox 911 4207 976 4258; x_wconf 89' lang='lat' dir='ltr'><strong>de</strong></span> <span class='ocrx_word' id='word_1_276' title='bbox 1012 4205 1236 4258; x_wconf 87' lang='lat' dir='ltr'><strong>almanio</strong></span> <span class='ocrx_word' id='word_1_277' title='bbox 1274 4205 1586 4268; x_wconf 83' lang='lat' dir='ltr'><strong>(alchmauio</strong></span> <span class='ocrx_word' id='word_1_278' title='bbox 1621 4205 1674 4271; x_wconf 76' lang='lat' dir='ltr'><strong>a)</strong></span> <span class='ocrx_word' id='word_1_279' title='bbox 1703 4204 2045 4257; x_wconf 82' lang='lat' dir='ltr'><strong>alchmauinm</strong></span> <span class='ocrx_word' id='word_1_280' title='bbox 2082 4209 2125 4260; x_wconf 98' lang='lat' dir='ltr'><strong><em>S</em></strong></span> <span class='ocrx_word' id='word_1_281' title='bbox 2295 4208 2359 4257; x_wconf 90' lang='grc'><strong>17</strong></span> <span class='ocrx_word' id='word_1_282' title='bbox 2398 4207 2581 4258; x_wconf 65' lang='lat' dir='ltr'><strong>decore</strong></span> <span class='ocrx_word' id='word_1_283' title='bbox 2619 4207 2661 4258; x_wconf 89' lang='lat' dir='ltr'><strong><em>S</em></strong></span> <span class='ocrx_word' id='word_1_284' title='bbox 2800 4215 2962 4258; x_wconf 82' lang='lat' dir='ltr'><strong>torum</strong></span> <span class='ocrx_word' id='word_1_285' title='bbox 2990 4203 3030 4254; x_wconf 88' lang='lat' dir='ltr'><strong><em>S</em></strong></span> <span class='ocrx_word' id='word_1_286' title='bbox 3058 4210 3197 4252; x_wconf 79' lang='lat' dir='ltr'><strong>torus</strong></span> 
     </span>
     <span class='ocr_line' id='line_1_41' title="bbox 628 4272 3197 4343; baseline -0.002 -16"><span class='ocrx_word' id='word_1_287' title='bbox 628 4278 673 4327; x_wconf 91' lang='lat' dir='ltr'><em>P</em></span> <span class='ocrx_word' id='word_1_288' title='bbox 694 4285 831 4328; x_wconf 75' lang='lat' dir='ltr'><strong>toros</strong></span> <span class='ocrx_word' id='word_1_289' title='bbox 869 4291 903 4334; x_wconf 87' lang='lat'>5</span> <span class='ocrx_word' id='word_1_290' title='bbox 1084 4276 1148 4329; x_wconf 89' lang='grc'><strong>18</strong></span> <span class='ocrx_word' id='word_1_291' title='bbox 1186 4277 1250 4327; x_wconf 89' lang='lat' dir='ltr'><strong>de</strong></span> <span class='ocrx_word' id='word_1_292' title='bbox 1277 4275 1538 4343; x_wconf 82' lang='lat' dir='ltr'><strong>&#39;iponactio</strong></span> <span class='ocrx_word' id='word_1_293' title='bbox 1573 4277 1925 4343; x_wconf 83' lang='lat' dir='ltr'><strong>ipponactium</strong></span> <span class='ocrx_word' id='word_1_294' title='bbox 1950 4278 1994 4328; x_wconf 89' lang='lat' dir='ltr'><strong><em>S</em></strong></span> <span class='ocrx_word' id='word_1_295' title='bbox 2170 4275 2234 4328; x_wconf 82' lang='lat'><strong>19</strong></span> <span class='ocrx_word' id='word_1_296' title='bbox 2269 4277 2434 4328; x_wconf 78' lang='lat' dir='ltr'><strong>doctis</strong></span> <span class='ocrx_word' id='word_1_297' title='bbox 2470 4290 2506 4333; x_wconf 86' lang='lat'>5</span> <span class='ocrx_word' id='word_1_298' title='bbox 2542 4283 2595 4329; x_wconf 76' lang='lat' dir='ltr'><strong>et</strong></span> <span class='ocrx_word' id='word_1_299' title='bbox 2630 4275 2803 4328; x_wconf 66' lang='lat' dir='ltr'><strong>codex</strong></span> <span class='ocrx_word' id='word_1_300' title='bbox 2836 4272 3197 4327; x_wconf 68' lang='lat' dir='ltr'><strong>Laurentianus</strong></span> 
     </span>
     <span class='ocr_line' id='line_1_42' title="bbox 621 4345 3193 4404; baseline -0.003 -7"><span class='ocrx_word' id='word_1_301' title='bbox 621 4347 802 4398; x_wconf 75' lang='lat' dir='ltr'><strong>doctus</strong></span> <span class='ocrx_word' id='word_1_302' title='bbox 835 4345 924 4396; x_wconf 87' lang='lat' dir='ltr'><strong>PS</strong></span> <span class='ocrx_word' id='word_1_303' title='bbox 1069 4348 1192 4399; x_wconf 83' lang='lat' dir='ltr'><strong>talia</strong></span> <span class='ocrx_word' id='word_1_304' title='bbox 1229 4345 1277 4395; x_wconf 89' lang='lat' dir='ltr'><em>P</em></span> <span class='ocrx_word' id='word_1_305' title='bbox 1421 4345 1626 4400; x_wconf 77' lang='lat' dir='ltr'><strong>fauebat</strong></span> <span class='ocrx_word' id='word_1_306' title='bbox 1662 4359 1697 4404; x_wconf 88' lang='lat'>5</span> <span class='ocrx_word' id='word_1_307' title='bbox 1872 4345 1941 4396; x_wconf 78' lang='lat'><strong>20</strong></span> <span class='ocrx_word' id='word_1_308' title='bbox 1978 4347 2041 4396; x_wconf 89' lang='lat' dir='ltr'><strong>de</strong></span> <span class='ocrx_word' id='word_1_309' title='bbox 2084 4345 2422 4400; x_wconf 85' lang='lat' dir='ltr'><strong>archilochico</strong></span> <span class='ocrx_word' id='word_1_310' title='bbox 2458 4349 2501 4400; x_wconf 97' lang='lat' dir='ltr'><strong><em>S</em></strong></span> <span class='ocrx_word' id='word_1_311' title='bbox 2533 4347 2599 4397; x_wconf 86' lang='lat' dir='ltr'><strong>de</strong></span> <span class='ocrx_word' id='word_1_312' title='bbox 2634 4345 2945 4398; x_wconf 85' lang='lat' dir='ltr'><strong>archilochio</strong></span> <span class='ocrx_word' id='word_1_313' title='bbox 2976 4345 3193 4394; x_wconf 80' lang='lat' dir='ltr'><strong>trimetro</strong></span> 
     </span>
     <span class='ocr_line' id='line_1_43' title="bbox 623 4413 3193 4481; baseline -0.003 -14"><span class='ocrx_word' id='word_1_314' title='bbox 623 4417 899 4468; x_wconf 84' lang='lat' dir='ltr'><strong>acatalecto</strong></span> <span class='ocrx_word' id='word_1_315' title='bbox 935 4415 986 4464; x_wconf 88' lang='lat' dir='ltr'><em>P</em></span> <span class='ocrx_word' id='word_1_316' title='bbox 1145 4417 1213 4468; x_wconf 79' lang='lat'><strong>21</strong></span> <span class='ocrx_word' id='word_1_317' title='bbox 1265 4417 1442 4468; x_wconf 79' lang='lat' dir='ltr'><strong>faticat</strong></span> <span class='ocrx_word' id='word_1_318' title='bbox 1476 4417 1521 4470; x_wconf 82' lang='lat' dir='ltr'><em>S</em></span> <span class='ocrx_word' id='word_1_319' title='bbox 1676 4417 1816 4466; x_wconf 87' lang='lat' dir='ltr'><strong>uitae</strong></span> <span class='ocrx_word' id='word_1_320' title='bbox 1858 4432 1983 4468; x_wconf 82' lang='lat' dir='ltr'><strong>auru</strong></span> <span class='ocrx_word' id='word_1_321' title='bbox 2020 4419 2071 4467; x_wconf 89' lang='lat' dir='ltr'><em>P</em></span> <span class='ocrx_word' id='word_1_322' title='bbox 2115 4416 2257 4468; x_wconf 78' lang='lat' dir='ltr'><strong>furor</strong></span> <span class='ocrx_word' id='word_1_323' title='bbox 2293 4418 2429 4467; x_wconf 84' lang='lat' dir='ltr'><strong>uitae</strong></span> <span class='ocrx_word' id='word_1_324' title='bbox 2467 4419 2510 4469; x_wconf 90' lang='lat' dir='ltr'><strong><em>S</em></strong></span> <span class='ocrx_word' id='word_1_325' title='bbox 2679 4417 2749 4465; x_wconf 75' lang='lat'><strong>22</strong></span> <span class='ocrx_word' id='word_1_326' title='bbox 2784 4417 2849 4469; x_wconf 86' lang='lat' dir='ltr'><strong>de</strong></span> <span class='ocrx_word' id='word_1_327' title='bbox 2884 4413 3193 4481; x_wconf 80' lang='lat' dir='ltr'><strong>hipponactio</strong></span> 
     </span>
     <span class='ocr_line' id='line_1_44' title="bbox 619 4485 3191 4554; baseline -0.002 -18"><span class='ocrx_word' id='word_1_328' title='bbox 619 4487 848 4540; x_wconf 82' lang='lat' dir='ltr'><strong>trimetro</strong></span> <span class='ocrx_word' id='word_1_329' title='bbox 886 4487 1166 4537; x_wconf 80' lang='lat' dir='ltr'><strong>acatalecto</strong></span> <span class='ocrx_word' id='word_1_330' title='bbox 1207 4486 1289 4538; x_wconf 86' lang='lat' dir='ltr'><strong>P.-</strong></span> <span class='ocrx_word' id='word_1_331' title='bbox 1349 4487 1414 4536; x_wconf 87' lang='lat' dir='ltr'><strong>de</strong></span> <span class='ocrx_word' id='word_1_332' title='bbox 1451 4487 1757 4554; x_wconf 75' lang='lat' dir='ltr'><strong>ypponactio</strong></span> <span class='ocrx_word' id='word_1_333' title='bbox 1792 4488 2153 4552; x_wconf 76' lang='lat' dir='ltr'><strong>ypponactinm</strong></span> <span class='ocrx_word' id='word_1_334' title='bbox 2191 4488 2249 4539; x_wconf 90' lang='lat' dir='ltr'><strong><em>S.</em></strong></span> <span class='ocrx_word' id='word_1_335' title='bbox 2286 4487 2622 4552; x_wconf 72' lang='lat' dir='ltr'><strong>Hipponacta·</strong></span> <span class='ocrx_word' id='word_1_336' title='bbox 2652 4488 2828 4538; x_wconf 76' lang='lat' dir='ltr'><strong>claudi</strong></span> <span class='ocrx_word' id='word_1_337' title='bbox 2862 4485 3191 4550; x_wconf 64' lang='lat' dir='ltr'><strong>deffinitio-neu,</strong></span> 
     </span>
     <span class='ocr_line' id='line_1_45' title="bbox 621 4552 3191 4624; baseline -0.002 -18"><span class='ocrx_word' id='word_1_338' title='bbox 621 4556 1014 4623; x_wconf 84' lang='lat' dir='ltr'><strong>Hipponactium</strong></span> <span class='ocrx_word' id='word_1_339' title='bbox 1037 4584 1102 4594; x_wconf 90' lang='lat'>-</span> <span class='ocrx_word' id='word_1_340' title='bbox 1124 4557 1411 4616; x_wconf 80' lang='lat' dir='ltr'><strong>Musarum,</strong></span> <span class='ocrx_word' id='word_1_341' title='bbox 1444 4556 1538 4611; x_wconf 76' lang='lat' dir='ltr'><strong>hoc</strong></span> <span class='ocrx_word' id='word_1_342' title='bbox 1563 4557 1672 4608; x_wconf 83' lang='lat' dir='ltr'><strong>loco</strong></span> <span class='ocrx_word' id='word_1_343' title='bbox 1693 4559 1923 4607; x_wconf 68' lang='lat' dir='ltr'><strong>omissam</strong></span> <span class='ocrx_word' id='word_1_344' title='bbox 1956 4560 2008 4608; x_wconf 63' lang='lat' dir='ltr'><strong>ia</strong></span> <span class='ocrx_word' id='word_1_345' title='bbox 2035 4559 2139 4620; x_wconf 75' lang='lat' dir='ltr'><strong>fine</strong></span> <span class='ocrx_word' id='word_1_346' title='bbox 2172 4557 2491 4608; x_wconf 77' lang='lat' dir='ltr'><strong>iambicorum</strong></span> <span class='ocrx_word' id='word_1_347' title='bbox 2520 4565 2638 4622; x_wconf 73' lang='lat' dir='ltr'><strong>post</strong></span> <span class='ocrx_word' id='word_1_348' title='bbox 2653 4556 2779 4624; x_wconf 82' lang='lat'><strong>459,</strong></span> <span class='ocrx_word' id='word_1_349' title='bbox 2797 4557 2829 4609; x_wconf 87' lang='grc'><strong>3</strong></span> <span class='ocrx_word' id='word_1_350' title='bbox 2855 4555 2969 4606; x_wconf 86' lang='lat' dir='ltr'><strong>meli</strong></span> <span class='ocrx_word' id='word_1_351' title='bbox 3000 4552 3135 4604; x_wconf 70' lang='lat' dir='ltr'><strong>habet</strong></span> <span class='ocrx_word' id='word_1_352' title='bbox 3155 4567 3191 4607; x_wconf 84' lang='lat'>5</span> 
     </span>
     <span class='ocr_line' id='line_1_46' title="bbox 620 4623 3189 4691; baseline -0.001 -16"><span class='ocrx_word' id='word_1_353' title='bbox 620 4633 670 4675; x_wconf 77' lang='lat' dir='ltr'><strong>et</strong></span> <span class='ocrx_word' id='word_1_354' title='bbox 703 4629 872 4680; x_wconf 68' lang='lat' dir='ltr'><strong>codem</strong></span> <span class='ocrx_word' id='word_1_355' title='bbox 909 4626 1288 4678; x_wconf 73' lang='lat' dir='ltr'><strong>Laurentianus</strong></span> <span class='ocrx_word' id='word_1_356' title='bbox 1297 4645 1318 4685; x_wconf 92' lang='lat'><strong>,·</strong></span> <span class='ocrx_word' id='word_1_357' title='bbox 1357 4635 1478 4691; x_wconf 71' lang='lat' dir='ltr'><strong>post</strong></span> <span class='ocrx_word' id='word_1_358' title='bbox 1516 4627 1581 4678; x_wconf 83' lang='lat'><strong>19</strong></span> <span class='ocrx_word' id='word_1_359' title='bbox 1619 4623 1811 4677; x_wconf 75' lang='lat' dir='ltr'><strong>favebit</strong></span> <span class='ocrx_word' id='word_1_360' title='bbox 1858 4630 2172 4690; x_wconf 61' lang='lat' dir='ltr'><strong>wanaposait</strong></span> <span class='ocrx_word' id='word_1_361' title='bbox 2202 4629 2473 4679; x_wconf 71' lang='lat' dir='ltr'><strong>Santeniua</strong></span> <span class='ocrx_word' id='word_1_362' title='bbox 2646 4628 2715 4680; x_wconf 82' lang='lat'><strong>25</strong></span> <span class='ocrx_word' id='word_1_363' title='bbox 2762 4629 2985 4678; x_wconf 83' lang='lat' dir='ltr'><strong>trimetro</strong></span> <span class='ocrx_word' id='word_1_364' title='bbox 3017 4623 3189 4686; x_wconf 75' lang='lat' dir='ltr'><strong>hyper-</strong></span> 
     </span>
     <span class='ocr_line' id='line_1_47' title="bbox 621 4693 3092 4762; baseline -0 -17"><span class='ocrx_word' id='word_1_365' title='bbox 621 4695 932 4760; x_wconf 79' lang='lat' dir='ltr'><strong>catalectico,</strong></span> <span class='ocrx_word' id='word_1_366' title='bbox 969 4704 1026 4746; x_wconf 89' lang='lat' dir='ltr'><strong>ut</strong></span> <span class='ocrx_word' id='word_1_367' title='bbox 1059 4705 1138 4747; x_wconf 82' lang='lat' dir='ltr'><strong>est</strong></span> <span class='ocrx_word' id='word_1_368' title='bbox 1175 4697 1290 4755; x_wconf 81' lang='lat' dir='ltr'><strong>hoc,</strong></span> <span class='ocrx_word' id='word_1_369' title='bbox 1329 4710 1526 4762; x_wconf 84' lang='lat' dir='ltr'><strong>pauper</strong></span> <span class='ocrx_word' id='word_1_370' title='bbox 1560 4704 1712 4762; x_wconf 85' lang='lat' dir='ltr'><strong>poeta</strong></span> <span class='ocrx_word' id='word_1_371' title='bbox 1748 4697 1909 4748; x_wconf 73' lang='lat' dir='ltr'><strong>nescit</strong></span> <span class='ocrx_word' id='word_1_372' title='bbox 1943 4696 2029 4747; x_wconf 90' lang='lat' dir='ltr'><strong>hic</strong></span> <span class='ocrx_word' id='word_1_373' title='bbox 2064 4705 2207 4748; x_wconf 84' lang='lat' dir='ltr'><strong>antra</strong></span> <span class='ocrx_word' id='word_1_374' title='bbox 2244 4713 2503 4748; x_wconf 87' lang='lat' dir='ltr'><strong>musarum</strong></span> <span class='ocrx_word' id='word_1_375' title='bbox 2540 4711 2576 4754; x_wconf 82' lang='lat'>5</span> <span class='ocrx_word' id='word_1_376' title='bbox 2717 4697 2783 4746; x_wconf 76' lang='lat'><strong>27</strong></span> <span class='ocrx_word' id='word_1_377' title='bbox 2820 4697 3027 4762; x_wconf 81' lang='lat' dir='ltr'><strong>inproue</strong></span> <span class='ocrx_word' id='word_1_378' title='bbox 3054 4693 3092 4744; x_wconf 88' lang='lat' dir='ltr'><strong><em>S</em></strong></span> 
     </span>
     <span class='ocr_line' id='line_1_48' title="bbox 619 4761 3187 4820; baseline -0 -5"><span class='ocrx_word' id='word_1_379' title='bbox 619 4763 690 4815; x_wconf 81' lang='lat'><strong>30</strong></span> <span class='ocrx_word' id='word_1_380' title='bbox 719 4779 819 4814; x_wconf 87' lang='lat' dir='ltr'><strong>non</strong></span> <span class='ocrx_word' id='word_1_381' title='bbox 855 4773 1022 4815; x_wconf 80' lang='lat' dir='ltr'><strong>tamen</strong></span> <span class='ocrx_word' id='word_1_382' title='bbox 1061 4776 1210 4817; x_wconf 86' lang='lat' dir='ltr'><strong>uacat</strong></span> <span class='ocrx_word' id='word_1_383' title='bbox 1246 4767 1288 4817; x_wconf 89' lang='lat' dir='ltr'><strong><em>S</em></strong></span> <span class='ocrx_word' id='word_1_384' title='bbox 1319 4780 1412 4815; x_wconf 87' lang='lat' dir='ltr'><strong>nec</strong></span> <span class='ocrx_word' id='word_1_385' title='bbox 1442 4776 1608 4818; x_wconf 88' lang='lat' dir='ltr'><strong>tamen</strong></span> <span class='ocrx_word' id='word_1_386' title='bbox 1649 4782 1806 4818; x_wconf 80' lang='lat' dir='ltr'><strong>uocas</strong></span> <span class='ocrx_word' id='word_1_387' title='bbox 1844 4769 2009 4819; x_wconf 71' lang='lat' dir='ltr'><strong>codex</strong></span> <span class='ocrx_word' id='word_1_388' title='bbox 2048 4769 2479 4820; x_wconf 75' lang='lat' dir='ltr'><strong>Dar-matadienaia</strong></span> <span class='ocrx_word' id='word_1_389' title='bbox 2514 4781 2649 4818; x_wconf 71' lang='lat' dir='ltr'><strong>nttnc</strong></span> <span class='ocrx_word' id='word_1_390' title='bbox 2686 4769 2799 4819; x_wconf 81' lang='lat' dir='ltr'><strong>uiro</strong></span> <span class='ocrx_word' id='word_1_391' title='bbox 2836 4781 2987 4817; x_wconf 75' lang='lat' dir='ltr'><strong>uaeas</strong></span> <span class='ocrx_word' id='word_1_392' title='bbox 3026 4761 3187 4814; x_wconf 71' lang='lat' dir='ltr'><strong>Meru-</strong></span> 
     </span>
     <span class='ocr_line' id='line_1_49' title="bbox 619 4835 2002 4898; baseline 0.004 -14"><span class='ocrx_word' id='word_1_393' title='bbox 619 4835 702 4884; x_wconf 82' lang='lat' dir='ltr'><strong>lae</strong></span> <span class='ocrx_word' id='word_1_394' title='bbox 737 4836 908 4885; x_wconf 67' lang='lat' dir='ltr'><strong>codex</strong></span> <span class='ocrx_word' id='word_1_395' title='bbox 947 4837 1086 4898; x_wconf 81' lang='lat' dir='ltr'><strong>apud</strong></span> <span class='ocrx_word' id='word_1_396' title='bbox 1122 4837 1414 4888; x_wconf 73' lang='lat' dir='ltr'><strong>Santcnium</strong></span> <span class='ocrx_word' id='word_1_397' title='bbox 1449 4851 1584 4891; x_wconf 85' lang='lat' dir='ltr'><strong>nunc</strong></span> <span class='ocrx_word' id='word_1_398' title='bbox 1612 4852 1735 4887; x_wconf 84' lang='lat' dir='ltr'><strong>uero</strong></span> <span class='ocrx_word' id='word_1_399' title='bbox 1775 4853 1931 4890; x_wconf 79' lang='lat' dir='ltr'><strong>uaeas</strong></span> <span class='ocrx_word' id='word_1_400' title='bbox 1967 4853 2002 4895; x_wconf 80' lang='grc' dir='ltr'><strong><em>ς</em></strong></span> 
     </span>
    </p>
   </div>
   <div class='ocr_carea' id='block_1_4' title="bbox 3369 649 3370 1516">
    <p class='ocr_par' dir='ltr' id='par_1_4' title="bbox 3369 649 3370 1516">
     <span class='ocr_line' id='line_1_50' title="bbox 3369 649 3370 1516; baseline 0 0"><span class='ocrx_word' id='word_1_401' title='bbox 3369 649 3370 1516; x_wconf 95' lang='lat' dir='ltr'><strong> </strong></span> 
     </span>
    </p>
   </div>
  </div>
 </body>
</html>
