<?xml version="1.0" encoding="UTF-8"?>
<!DOCTYPE html PUBLIC "-//W3C//DTD XHTML 1.0 Transitional//EN"
    "http://www.w3.org/TR/xhtml1/DTD/xhtml1-transitional.dtd">
<html xmlns="http://www.w3.org/1999/xhtml" xml:lang="en" lang="en">
 <head>
  <title>
</title>
<meta http-equiv="Content-Type" content="text/html;charset=utf-8" />
  <meta name='ocr-system' content='tesseract 3.04.00' />
  <meta name='ocr-capabilities' content='ocr_page ocr_carea ocr_par ocr_line ocrx_word'/>
</head>
<body>
  <div class='ocr_page' id='page_1' title='image "./grammaticilatin01unkngoog_0260.png"; bbox 0 0 3434 5442; ppageno 0'>
   <div class='ocr_carea' id='block_1_1' title="bbox 1133 317 2763 385">
    <p class='ocr_par' dir='ltr' id='par_1_1' title="bbox 1133 317 2763 385">
     <span class='ocr_line' id='line_1_1' title="bbox 1133 317 2763 385; baseline 0.002 -5"><span class='ocrx_word' id='word_1_1' title='bbox 1133 317 1508 381; x_wconf 80' lang='lat' dir='ltr'><strong>APPENDIX</strong></span> <span class='ocrx_word' id='word_1_2' title='bbox 1554 317 1806 381; x_wconf 81' lang='lat'>38-45</span> <span class='ocrx_word' id='word_1_3' title='bbox 2646 323 2763 385; x_wconf 82' lang='lat'><strong>199</strong></span> 
     </span>
    </p>
   </div>
   <div class='ocr_carea' id='block_1_2' title="bbox 218 436 2760 584">
    <p class='ocr_par' dir='ltr' id='par_1_2' title="bbox 218 436 2760 584">
     <span class='ocr_line' id='line_1_2' title="bbox 2283 436 2661 487; baseline 0.013 -13"><span class='ocrx_word' id='word_1_4' title='bbox 2283 446 2287 455; x_wconf 83' lang='lat'>¹</span> <span class='ocrx_word' id='word_1_5' title='bbox 2344 447 2387 487; x_wconf 82' lang='lat' dir='ltr'><strong>p.</strong></span> <span class='ocrx_word' id='word_1_6' title='bbox 2416 436 2506 477; x_wconf 70' lang='lat'><strong>445.</strong></span> <span class='ocrx_word' id='word_1_7' title='bbox 2527 437 2578 477; x_wconf 67' lang='lat'><strong>46</strong></span> <span class='ocrx_word' id='word_1_8' title='bbox 2610 437 2661 481; x_wconf 88' lang='lat' dir='ltr'><strong>V.</strong></span> 
     </span>
     <span class='ocr_line' id='line_1_3' title="bbox 218 504 2760 584; baseline 0 -16"><span class='ocrx_word' id='word_1_9' title='bbox 218 525 392 568; x_wconf 84' lang='lat' dir='ltr'><strong>socrus</strong></span> <span class='ocrx_word' id='word_1_10' title='bbox 418 523 530 566; x_wconf 84' lang='lat' dir='ltr'><strong>non</strong></span> <span class='ocrx_word' id='word_1_11' title='bbox 562 523 756 576; x_wconf 86' lang='lat' dir='ltr'><strong>soora,</strong></span> <span class='ocrx_word' id='word_1_12' title='bbox 799 506 993 584; x_wconf 88' lang='lat' dir='ltr'><strong>neptis</strong></span> <span class='ocrx_word' id='word_1_13' title='bbox 1025 523 1144 567; x_wconf 90' lang='lat' dir='ltr'><strong>non</strong></span> <span class='ocrx_word' id='word_1_14' title='bbox 1183 504 1455 584; x_wconf 90' lang='lat' dir='ltr'><strong>nepticla,</strong></span> <span class='ocrx_word' id='word_1_15' title='bbox 1497 522 1646 566; x_wconf 89' lang='lat' dir='ltr'><strong>anus</strong></span> <span class='ocrx_word' id='word_1_16' title='bbox 1675 523 1793 566; x_wconf 91' lang='lat' dir='ltr'><strong>non</strong></span> <span class='ocrx_word' id='word_1_17' title='bbox 1826 504 2033 576; x_wconf 90' lang='lat' dir='ltr'><strong>anicla,</strong></span> <span class='ocrx_word' id='word_1_18' title='bbox 2077 506 2291 568; x_wconf 79' lang='lat' dir='ltr'><strong>tondeo</strong></span> <span class='ocrx_word' id='word_1_19' title='bbox 2326 524 2445 566; x_wconf 88' lang='lat' dir='ltr'><strong>non</strong></span> <span class='ocrx_word' id='word_1_20' title='bbox 2484 508 2760 579; x_wconf 90' lang='lat' dir='ltr'><strong>detondo,</strong></span> 
     </span>
    </p>
   </div>
   <div class='ocr_carea' id='block_1_3' title="bbox 211 605 2839 2215">
    <p class='ocr_par' dir='ltr' id='par_1_3' title="bbox 211 605 2839 2215">
     <span class='ocr_line' id='line_1_4' title="bbox 217 605 2761 688; baseline -0 -16"><span class='ocrx_word' id='word_1_21' title='bbox 217 613 352 672; x_wconf 81' lang='lat' dir='ltr'><strong>rivus</strong></span> <span class='ocrx_word' id='word_1_22' title='bbox 381 625 492 668; x_wconf 93' lang='lat' dir='ltr'><strong>non</strong></span> <span class='ocrx_word' id='word_1_23' title='bbox 535 608 692 678; x_wconf 89' lang='lat' dir='ltr'><strong>rius,</strong></span> <span class='ocrx_word' id='word_1_24' title='bbox 743 609 938 688; x_wconf 82' lang='lat' dir='ltr'>imago</span> <span class='ocrx_word' id='word_1_25' title='bbox 983 625 1102 668; x_wconf 89' lang='lat' dir='ltr'><strong>non</strong></span> <span class='ocrx_word' id='word_1_26' title='bbox 1145 625 1383 686; x_wconf 84' lang='lat' dir='ltr'><strong>emago,</strong></span> <span class='ocrx_word' id='word_1_27' title='bbox 1437 623 1619 685; x_wconf 83' lang='lat' dir='ltr'><strong>pavor</strong></span> <span class='ocrx_word' id='word_1_28' title='bbox 1665 625 1787 667; x_wconf 91' lang='lat' dir='ltr'><strong>non</strong></span> <span class='ocrx_word' id='word_1_29' title='bbox 1827 625 2002 687; x_wconf 83' lang='lat' dir='ltr'><strong>paor,</strong></span> <span class='ocrx_word' id='word_1_30' title='bbox 2052 605 2297 670; x_wconf 91' lang='lat' dir='ltr'><strong>coluber</strong></span> <span class='ocrx_word' id='word_1_31' title='bbox 2341 625 2461 668; x_wconf 88' lang='lat' dir='ltr'><strong>non</strong></span> <span class='ocrx_word' id='word_1_32' title='bbox 2499 608 2761 680; x_wconf 90' lang='lat' dir='ltr'><strong>colober,</strong></span> 
     </span>
     <span class='ocr_line' id='line_1_5' title="bbox 215 707 2760 791; baseline 0 -19"><span class='ocrx_word' id='word_1_33' title='bbox 215 712 384 790; x_wconf 81' lang='lat' dir='ltr'><strong>adipes</strong></span> <span class='ocrx_word' id='word_1_34' title='bbox 409 726 522 770; x_wconf 89' lang='lat' dir='ltr'><strong>non</strong></span> <span class='ocrx_word' id='word_1_35' title='bbox 555 707 757 789; x_wconf 79' lang='lat' dir='ltr'><strong>alipes,</strong></span> <span class='ocrx_word' id='word_1_36' title='bbox 801 708 1006 770; x_wconf 84' lang='lat' dir='ltr'><strong>sibilus</strong></span> <span class='ocrx_word' id='word_1_37' title='bbox 1039 727 1158 771; x_wconf 91' lang='lat' dir='ltr'><strong>non</strong></span> <span class='ocrx_word' id='word_1_38' title='bbox 1189 707 1394 780; x_wconf 86' lang='lat' dir='ltr'><strong>sifilus,</strong></span> <span class='ocrx_word' id='word_1_39' title='bbox 1436 708 1725 770; x_wconf 74' lang='lat' dir='ltr'><strong>frustrum</strong></span> <span class='ocrx_word' id='word_1_40' title='bbox 1757 726 1877 769; x_wconf 88' lang='lat' dir='ltr'><strong>non</strong></span> <span class='ocrx_word' id='word_1_41' title='bbox 1906 710 2177 780; x_wconf 81' lang='lat' dir='ltr'><strong>frustum,</strong></span> <span class='ocrx_word' id='word_1_42' title='bbox 2224 708 2393 789; x_wconf 90' lang='lat' dir='ltr'><strong>plebs</strong></span> <span class='ocrx_word' id='word_1_43' title='bbox 2424 728 2543 772; x_wconf 91' lang='lat' dir='ltr'><strong>non</strong></span> <span class='ocrx_word' id='word_1_44' title='bbox 2574 711 2760 791; x_wconf 89' lang='lat' dir='ltr'><strong>pleps,</strong></span> 
     </span>
     <span class='ocr_line' id='line_1_6' title="bbox 213 809 2762 894; baseline 0.001 -22"><span class='ocrx_word' id='word_1_45' title='bbox 213 811 452 892; x_wconf 81' lang='lat' dir='ltr'><strong>garrulus</strong></span> <span class='ocrx_word' id='word_1_46' title='bbox 487 828 610 870; x_wconf 88' lang='lat' dir='ltr'><strong>non</strong></span> <span class='ocrx_word' id='word_1_47' title='bbox 653 809 914 890; x_wconf 81' lang='lat' dir='ltr'><strong>garulus,</strong></span> <span class='ocrx_word' id='word_1_48' title='bbox 957 809 1283 891; x_wconf 82' lang='lat' dir='ltr'><strong>parentalia</strong></span> <span class='ocrx_word' id='word_1_49' title='bbox 1325 828 1444 873; x_wconf 92' lang='lat' dir='ltr'><strong>non</strong></span> <span class='ocrx_word' id='word_1_50' title='bbox 1485 809 1841 889; x_wconf 84' lang='lat' dir='ltr'><strong>parantalia,</strong></span> <span class='ocrx_word' id='word_1_51' title='bbox 1888 809 2085 872; x_wconf 84' lang='lat' dir='ltr'>celebs</span> <span class='ocrx_word' id='word_1_52' title='bbox 2123 827 2243 872; x_wconf 88' lang='lat' dir='ltr'><strong>non</strong></span> <span class='ocrx_word' id='word_1_53' title='bbox 2280 810 2505 890; x_wconf 90' lang='lat' dir='ltr'><strong>celeps,</strong></span> <span class='ocrx_word' id='word_1_54' title='bbox 2552 813 2762 894; x_wconf 83' lang='lat' dir='ltr'><strong>poples</strong></span> 
     </span>
     <span class='ocr_line' id='line_1_7' title="bbox 215 883 2813 993; baseline 0.003 -19"><span class='ocrx_word' id='word_1_55' title='bbox 215 931 308 974; x_wconf 91' lang='lat' dir='ltr'><strong>non</strong></span> <span class='ocrx_word' id='word_1_56' title='bbox 345 883 568 992; x_wconf 68' lang='lat' dir='ltr'><strong>poplex,</strong></span> <span class='ocrx_word' id='word_1_57' title='bbox 615 911 880 992; x_wconf 82' lang='lat' dir='ltr'><strong>locuples</strong></span> <span class='ocrx_word' id='word_1_58' title='bbox 922 930 1044 974; x_wconf 90' lang='lat' dir='ltr'><strong>non</strong></span> <span class='ocrx_word' id='word_1_59' title='bbox 1083 911 1388 992; x_wconf 81' lang='lat' dir='ltr'><strong>locuplex,</strong></span> <span class='ocrx_word' id='word_1_60' title='bbox 1434 911 1646 990; x_wconf 81' lang='lat' dir='ltr'><strong>robigo</strong></span> <span class='ocrx_word' id='word_1_61' title='bbox 1693 929 1815 973; x_wconf 89' lang='lat' dir='ltr'><strong>non</strong></span> <span class='ocrx_word' id='word_1_62' title='bbox 1858 912 2102 992; x_wconf 82' lang='lat' dir='ltr'><strong>rubigo,</strong></span> <span class='ocrx_word' id='word_1_63' title='bbox 2154 912 2345 993; x_wconf 87' lang='lat' dir='ltr'><strong>plasta</strong></span> <span class='ocrx_word' id='word_1_64' title='bbox 2388 932 2509 976; x_wconf 86' lang='lat' dir='ltr'><strong>nou</strong></span> <span class='ocrx_word' id='word_1_65' title='bbox 2553 914 2757 988; x_wconf 89' lang='lat' dir='ltr'><strong>hlasta,</strong></span> <span class='ocrx_word' id='word_1_66' title='bbox 2786 943 2813 982; x_wconf 84' lang='lat'><strong>5</strong></span> 
     </span>
     <span class='ocr_line' id='line_1_8' title="bbox 213 1013 2759 1094; baseline 0.001 -18"><span class='ocrx_word' id='word_1_67' title='bbox 213 1016 448 1094; x_wconf 80' lang='lat' dir='ltr'><strong>bipennis</strong></span> <span class='ocrx_word' id='word_1_68' title='bbox 489 1031 611 1076; x_wconf 90' lang='lat' dir='ltr'><strong>non</strong></span> <span class='ocrx_word' id='word_1_69' title='bbox 651 1013 927 1094; x_wconf 89' lang='lat' dir='ltr'><strong>bipinnis,</strong></span> <span class='ocrx_word' id='word_1_70' title='bbox 976 1022 1418 1078; x_wconf 81' lang='lat' dir='ltr'><strong>ermeneumata</strong></span> <span class='ocrx_word' id='word_1_71' title='bbox 1461 1031 1580 1074; x_wconf 89' lang='lat' dir='ltr'><strong>non</strong></span> <span class='ocrx_word' id='word_1_72' title='bbox 1625 1016 2043 1086; x_wconf 88' lang='lat' dir='ltr'><strong>erminomata‚</strong></span> <span class='ocrx_word' id='word_1_73' title='bbox 2088 1023 2313 1094; x_wconf 81' lang='lat' dir='ltr'><strong>tymum</strong></span> <span class='ocrx_word' id='word_1_74' title='bbox 2352 1034 2472 1076; x_wconf 89' lang='lat' dir='ltr'><strong>non</strong></span> <span class='ocrx_word' id='word_1_75' title='bbox 2512 1023 2759 1088; x_wconf 87' lang='lat' dir='ltr'><strong>tumum,</strong></span> 
     </span>
     <span class='ocr_line' id='line_1_9' title="bbox 212 1115 2761 1199; baseline 0.002 -23"><span class='ocrx_word' id='word_1_76' title='bbox 212 1118 368 1177; x_wconf 77' lang='lat' dir='ltr'><strong>strofa</strong></span> <span class='ocrx_word' id='word_1_77' title='bbox 407 1135 526 1176; x_wconf 88' lang='lat' dir='ltr'><strong>non</strong></span> <span class='ocrx_word' id='word_1_78' title='bbox 571 1123 803 1194; x_wconf 85' lang='lat' dir='ltr'><strong>stropa,</strong></span> <span class='ocrx_word' id='word_1_79' title='bbox 867 1115 1138 1179; x_wconf 84' lang='lat' dir='ltr'><strong>bitumen</strong></span> <span class='ocrx_word' id='word_1_80' title='bbox 1181 1134 1302 1177; x_wconf 89' lang='lat' dir='ltr'><strong>non</strong></span> <span class='ocrx_word' id='word_1_81' title='bbox 1347 1115 1664 1186; x_wconf 88' lang='lat' dir='ltr'><strong>butumen,</strong></span> <span class='ocrx_word' id='word_1_82' title='bbox 1730 1133 1973 1194; x_wconf 88' lang='lat' dir='ltr'><strong>mergus</strong></span> <span class='ocrx_word' id='word_1_83' title='bbox 2022 1133 2141 1178; x_wconf 91' lang='lat' dir='ltr'><strong>non</strong></span> <span class='ocrx_word' id='word_1_84' title='bbox 2184 1117 2514 1196; x_wconf 73' lang='lat' dir='ltr'><strong>mergulae,</strong></span> <span class='ocrx_word' id='word_1_85' title='bbox 2572 1127 2761 1199; x_wconf 81' lang='lat' dir='ltr'><strong>myrta</strong></span> 
     </span>
     <span class='ocr_line' id='line_1_10' title="bbox 212 1216 2759 1298; baseline 0.001 -20"><span class='ocrx_word' id='word_1_86' title='bbox 212 1237 308 1278; x_wconf 92' lang='lat' dir='ltr'><strong>non</strong></span> <span class='ocrx_word' id='word_1_87' title='bbox 347 1226 568 1290; x_wconf 86' lang='lat' dir='ltr'><strong>murta,</strong></span> <span class='ocrx_word' id='word_1_88' title='bbox 627 1216 842 1280; x_wconf 86' lang='lat' dir='ltr'><strong>ziziber</strong></span> <span class='ocrx_word' id='word_1_89' title='bbox 897 1235 1018 1280; x_wconf 86' lang='lat' dir='ltr'><strong>non</strong></span> <span class='ocrx_word' id='word_1_90' title='bbox 1069 1219 1314 1298; x_wconf 84' lang='lat' dir='ltr'><strong>ziziper,</strong></span> <span class='ocrx_word' id='word_1_91' title='bbox 1367 1218 1656 1298; x_wconf 88' lang='lat' dir='ltr'><strong>iunipirus</strong></span> <span class='ocrx_word' id='word_1_92' title='bbox 1715 1235 1838 1278; x_wconf 90' lang='lat' dir='ltr'><strong>non</strong></span> <span class='ocrx_word' id='word_1_93' title='bbox 1882 1219 2217 1298; x_wconf 90' lang='lat' dir='ltr'><strong>iuniperus,</strong></span> <span class='ocrx_word' id='word_1_94' title='bbox 2277 1218 2606 1282; x_wconf 88' lang='lat' dir='ltr'><strong>tolerabilis</strong></span> <span class='ocrx_word' id='word_1_95' title='bbox 2640 1239 2759 1281; x_wconf 89' lang='lat' dir='ltr'><strong>non</strong></span> 
     </span>
     <span class='ocr_line' id='line_1_11' title="bbox 213 1315 2758 1404; baseline 0.001 -24"><span class='ocrx_word' id='word_1_96' title='bbox 213 1317 533 1389; x_wconf 86' lang='lat' dir='ltr'><strong>tulerahilis,</strong></span> <span class='ocrx_word' id='word_1_97' title='bbox 595 1318 835 1382; x_wconf 87' lang='lat' dir='ltr'><strong>basilica</strong></span> <span class='ocrx_word' id='word_1_98' title='bbox 877 1337 998 1382; x_wconf 92' lang='lat' dir='ltr'><strong>non</strong></span> <span class='ocrx_word' id='word_1_99' title='bbox 1027 1315 1056 1404; x_wconf 75' lang='grc' dir='ltr'><strong>ΙΙ</strong></span> <span class='ocrx_word' id='word_1_100' title='bbox 1085 1318 1388 1390; x_wconf 89' lang='lat' dir='ltr'><strong>bassilica,</strong></span> <span class='ocrx_word' id='word_1_101' title='bbox 1439 1318 1674 1398; x_wconf 17' lang='lat' dir='ltr'><strong>‘tribula</strong></span> <span class='ocrx_word' id='word_1_102' title='bbox 1725 1337 1843 1381; x_wconf 89' lang='lat' dir='ltr'><strong>non</strong></span> <span class='ocrx_word' id='word_1_103' title='bbox 1890 1320 2091 1392; x_wconf 89' lang='lat' dir='ltr'><strong>tribla,</strong></span> <span class='ocrx_word' id='word_1_104' title='bbox 2157 1322 2359 1384; x_wconf 85' lang='lat' dir='ltr'><strong>viridis</strong></span> <span class='ocrx_word' id='word_1_105' title='bbox 2398 1339 2517 1384; x_wconf 89' lang='lat' dir='ltr'><strong>non</strong></span> <span class='ocrx_word' id='word_1_106' title='bbox 2560 1322 2758 1392; x_wconf 87' lang='lat' dir='ltr'><strong>virdis,</strong></span> 
     </span>
     <span class='ocr_line' id='line_1_12' title="bbox 213 1420 2839 1494; baseline 0.003 -12"><span class='ocrx_word' id='word_1_107' title='bbox 213 1420 586 1482; x_wconf 79' lang='lat' dir='ltr'><strong>constabilitus</strong></span> <span class='ocrx_word' id='word_1_108' title='bbox 615 1439 735 1483; x_wconf 90' lang='lat' dir='ltr'><strong>non</strong></span> <span class='ocrx_word' id='word_1_109' title='bbox 771 1421 1140 1494; x_wconf 74' lang='lat' dir='ltr'><strong>instabilitas,</strong></span> <span class='ocrx_word' id='word_1_110' title='bbox 1179 1423 1388 1484; x_wconf 86' lang='lat' dir='ltr'><strong>Sirena</strong></span> <span class='ocrx_word' id='word_1_111' title='bbox 1428 1439 1546 1483; x_wconf 92' lang='lat' dir='ltr'><strong>non</strong></span> <span class='ocrx_word' id='word_1_112' title='bbox 1591 1421 1835 1490; x_wconf 89' lang='lat' dir='ltr'><strong>Serena,</strong></span> <span class='ocrx_word' id='word_1_113' title='bbox 1884 1424 2137 1484; x_wconf 87' lang='lat' dir='ltr'><strong>musium</strong></span> <span class='ocrx_word' id='word_1_114' title='bbox 2182 1422 2271 1485; x_wconf 85' lang='lat' dir='ltr'><strong>vel</strong></span> <span class='ocrx_word' id='word_1_115' title='bbox 2308 1423 2594 1486; x_wconf 82' lang='lat' dir='ltr'><strong>musivum</strong></span> <span class='ocrx_word' id='word_1_116' title='bbox 2642 1441 2759 1484; x_wconf 91' lang='lat' dir='ltr'><strong>non</strong></span> <span class='ocrx_word' id='word_1_117' title='bbox 2790 1447 2839 1489; x_wconf 82' lang='grc' dir='ltr'><strong>ιο</strong></span> 
     </span>
     <span class='ocr_line' id='line_1_13' title="bbox 213 1521 2757 1604; baseline 0.001 -20"><span class='ocrx_word' id='word_1_118' title='bbox 213 1541 444 1585; x_wconf 86' lang='lat' dir='ltr'><strong>museum</strong></span> <span class='ocrx_word' id='word_1_119' title='bbox 463 1571 479 1593; x_wconf 94' lang='lat'><strong>,</strong></span> <span class='ocrx_word' id='word_1_120' title='bbox 523 1521 728 1585; x_wconf 88' lang='lat' dir='ltr'><strong>labsus</strong></span> <span class='ocrx_word' id='word_1_121' title='bbox 769 1541 890 1585; x_wconf 89' lang='lat' dir='ltr'><strong>non</strong></span> <span class='ocrx_word' id='word_1_122' title='bbox 933 1523 1162 1602; x_wconf 88' lang='lat' dir='ltr'><strong>lapsus,</strong></span> <span class='ocrx_word' id='word_1_123' title='bbox 1208 1521 1516 1602; x_wconf 82' lang='lat' dir='ltr'><strong>orilegium</strong></span> <span class='ocrx_word' id='word_1_124' title='bbox 1557 1541 1674 1585; x_wconf 91' lang='lat' dir='ltr'><strong>non</strong></span> <span class='ocrx_word' id='word_1_125' title='bbox 1722 1522 2087 1604; x_wconf 82' lang='lat' dir='ltr'><strong>orologium,</strong></span> <span class='ocrx_word' id='word_1_126' title='bbox 2128 1526 2313 1587; x_wconf 84' lang='lat' dir='ltr'><strong>ostiae</strong></span> <span class='ocrx_word' id='word_1_127' title='bbox 2350 1542 2467 1586; x_wconf 89' lang='lat' dir='ltr'><strong>non</strong></span> <span class='ocrx_word' id='word_1_128' title='bbox 2506 1525 2757 1603; x_wconf 78' lang='lat' dir='ltr'><strong>hostiae,</strong></span> 
     </span>
     <span class='ocr_line' id='line_1_14' title="bbox 213 1623 2759 1705; baseline 0.001 -20"><span class='ocrx_word' id='word_1_129' title='bbox 213 1624 534 1686; x_wconf 81' lang='lat' dir='ltr'><strong>Februarius</strong></span> <span class='ocrx_word' id='word_1_130' title='bbox 575 1643 696 1687; x_wconf 89' lang='lat' dir='ltr'><strong>non</strong></span> <span class='ocrx_word' id='word_1_131' title='bbox 739 1625 1088 1698; x_wconf 77' lang='lat' dir='ltr'><strong>FebrariuS,</strong></span> <span class='ocrx_word' id='word_1_132' title='bbox 1147 1623 1296 1705; x_wconf 88' lang='lat' dir='ltr'><strong>glari</strong></span> <span class='ocrx_word' id='word_1_133' title='bbox 1338 1643 1456 1686; x_wconf 92' lang='lat' dir='ltr'><strong>non</strong></span> <span class='ocrx_word' id='word_1_134' title='bbox 1503 1623 1714 1694; x_wconf 91' lang='lat' dir='ltr'><strong>cracli,</strong></span> <span class='ocrx_word' id='word_1_135' title='bbox 1764 1625 1912 1687; x_wconf 88' lang='lat' dir='ltr'><strong>allec</strong></span> <span class='ocrx_word' id='word_1_136' title='bbox 1954 1645 2071 1686; x_wconf 89' lang='lat' dir='ltr'><strong>non</strong></span> <span class='ocrx_word' id='word_1_137' title='bbox 2118 1625 2301 1698; x_wconf 87' lang='lat' dir='ltr'><strong>allex,</strong></span> <span class='ocrx_word' id='word_1_138' title='bbox 2356 1626 2597 1688; x_wconf 88' lang='lat' dir='ltr'><strong>rabidus</strong></span> <span class='ocrx_word' id='word_1_139' title='bbox 2640 1645 2759 1689; x_wconf 90' lang='lat' dir='ltr'><strong>non</strong></span> 
     </span>
     <span class='ocr_line' id='line_1_15' title="bbox 211 1725 2759 1807; baseline 0.001 -20"><span class='ocrx_word' id='word_1_140' title='bbox 211 1727 472 1796; x_wconf 78' lang='lat' dir='ltr'><strong>rabiosus,</strong></span> <span class='ocrx_word' id='word_1_141' title='bbox 523 1726 934 1790; x_wconf 86' lang='lat' dir='ltr'><strong>tintinaculum</strong></span> <span class='ocrx_word' id='word_1_142' title='bbox 975 1747 1098 1790; x_wconf 88' lang='lat' dir='ltr'><strong>non</strong></span> <span class='ocrx_word' id='word_1_143' title='bbox 1135 1725 1584 1798; x_wconf 84' lang='lat' dir='ltr'><strong>tintinabulum,</strong></span> <span class='ocrx_word' id='word_1_144' title='bbox 1631 1726 1799 1788; x_wconf 82' lang='lat' dir='ltr'><strong>Adon</strong></span> <span class='ocrx_word' id='word_1_145' title='bbox 1838 1746 1959 1790; x_wconf 91' lang='lat' dir='ltr'><strong>non</strong></span> <span class='ocrx_word' id='word_1_146' title='bbox 2004 1727 2295 1798; x_wconf 80' lang='lat' dir='ltr'><strong>Adonius,</strong></span> <span class='ocrx_word' id='word_1_147' title='bbox 2350 1729 2602 1807; x_wconf 81' lang='lat' dir='ltr'><strong>grundio</strong></span> <span class='ocrx_word' id='word_1_148' title='bbox 2642 1747 2759 1790; x_wconf 91' lang='lat' dir='ltr'><strong>non</strong></span> 
     </span>
     <span class='ocr_line' id='line_1_16' title="bbox 211 1827 2763 1911; baseline 0.001 -22"><span class='ocrx_word' id='word_1_149' title='bbox 211 1829 446 1908; x_wconf 84' lang='lat' dir='ltr'><strong>grunnio,</strong></span> <span class='ocrx_word' id='word_1_150' title='bbox 491 1827 705 1908; x_wconf 80' lang='lat' dir='ltr'><strong>vapulo</strong></span> <span class='ocrx_word' id='word_1_151' title='bbox 749 1847 868 1891; x_wconf 91' lang='lat' dir='ltr'><strong>non</strong></span> <span class='ocrx_word' id='word_1_152' title='bbox 905 1828 1098 1908; x_wconf 88' lang='lat' dir='ltr'><strong>baplo,</strong></span> <span class='ocrx_word' id='word_1_153' title='bbox 1142 1847 1333 1892; x_wconf 88' lang='lat' dir='ltr'><strong>necne</strong></span> <span class='ocrx_word' id='word_1_154' title='bbox 1369 1847 1490 1890; x_wconf 91' lang='lat' dir='ltr'><strong>non</strong></span> <span class='ocrx_word' id='word_1_155' title='bbox 1535 1846 1789 1899; x_wconf 89' lang='lat' dir='ltr'><strong>necnec,</strong></span> <span class='ocrx_word' id='word_1_156' title='bbox 1830 1829 2047 1909; x_wconf 87' lang='lat' dir='ltr'><strong>passim</strong></span> <span class='ocrx_word' id='word_1_157' title='bbox 2092 1847 2212 1891; x_wconf 91' lang='lat' dir='ltr'><strong>non</strong></span> <span class='ocrx_word' id='word_1_158' title='bbox 2255 1832 2443 1910; x_wconf 87' lang='lat' dir='ltr'><strong>passi,</strong></span> <span class='ocrx_word' id='word_1_159' title='bbox 2490 1831 2763 1911; x_wconf 86' lang='lat' dir='ltr'><strong>numquit</strong></span> 
     </span>
     <span class='ocr_line' id='line_1_17' title="bbox 211 1931 2839 2013; baseline 0.002 -23"><span class='ocrx_word' id='word_1_160' title='bbox 211 1949 306 1991; x_wconf 89' lang='lat' dir='ltr'><strong>non</strong></span> <span class='ocrx_word' id='word_1_161' title='bbox 349 1933 642 2010; x_wconf 88' lang='lat' dir='ltr'><strong>mimquit,</strong></span> <span class='ocrx_word' id='word_1_162' title='bbox 703 1948 1026 2011; x_wconf 86' lang='lat' dir='ltr'><strong>numquam</strong></span> <span class='ocrx_word' id='word_1_163' title='bbox 1071 1949 1190 1993; x_wconf 88' lang='lat' dir='ltr'><strong>non</strong></span> <span class='ocrx_word' id='word_1_164' title='bbox 1235 1949 1530 2013; x_wconf 86' lang='lat' dir='ltr'><strong>numqua,</strong></span> <span class='ocrx_word' id='word_1_165' title='bbox 1595 1931 1905 1993; x_wconf 89' lang='lat' dir='ltr'><strong>nobiscum</strong></span> <span class='ocrx_word' id='word_1_166' title='bbox 1950 1949 2069 1993; x_wconf 88' lang='lat' dir='ltr'><strong>non</strong></span> <span class='ocrx_word' id='word_1_167' title='bbox 2124 1949 2401 2002; x_wconf 72' lang='lat' dir='ltr'><strong>noscam,</strong></span> <span class='ocrx_word' id='word_1_168' title='bbox 2456 1932 2759 1994; x_wconf 88' lang='lat' dir='ltr'><strong>vobiscum</strong></span> <span class='ocrx_word' id='word_1_169' title='bbox 2790 1956 2839 1996; x_wconf 72' lang='grc' dir='ltr'><strong>ιε»</strong></span> 
     </span>
     <span class='ocr_line' id='line_1_18' title="bbox 213 2032 2759 2113; baseline 0.001 -21"><span class='ocrx_word' id='word_1_170' title='bbox 213 2051 306 2093; x_wconf 90' lang='lat' dir='ltr'><strong>non</strong></span> <span class='ocrx_word' id='word_1_171' title='bbox 344 2051 610 2103; x_wconf 69' lang='lat' dir='ltr'><strong>roseum,</strong></span> <span class='ocrx_word' id='word_1_172' title='bbox 671 2035 870 2096; x_wconf 64' lang='lat' dir='ltr'><strong>nescio</strong></span> <span class='ocrx_word' id='word_1_173' title='bbox 905 2032 1006 2094; x_wconf 91' lang='lat' dir='ltr'><strong>ubi</strong></span> <span class='ocrx_word' id='word_1_174' title='bbox 1049 2051 1168 2094; x_wconf 90' lang='lat' dir='ltr'><strong>non</strong></span> <span class='ocrx_word' id='word_1_175' title='bbox 1209 2032 1593 2104; x_wconf 89' lang='lat' dir='ltr'><strong>nesciocube,</strong></span> <span class='ocrx_word' id='word_1_176' title='bbox 1638 2032 1871 2113; x_wconf 87' lang='lat' dir='ltr'><strong>pridem</strong></span> <span class='ocrx_word' id='word_1_177' title='bbox 1918 2051 2035 2094; x_wconf 90' lang='lat' dir='ltr'><strong>non</strong></span> <span class='ocrx_word' id='word_1_178' title='bbox 2078 2034 2277 2113; x_wconf 86' lang='lat' dir='ltr'><strong>pride,</strong></span> <span class='ocrx_word' id='word_1_179' title='bbox 2324 2032 2461 2095; x_wconf 90' lang='lat' dir='ltr'><strong>olim</strong></span> <span class='ocrx_word' id='word_1_180' title='bbox 2502 2052 2619 2096; x_wconf 86' lang='lat' dir='ltr'><strong>non</strong></span> <span class='ocrx_word' id='word_1_181' title='bbox 2662 2034 2759 2104; x_wconf 91' lang='lat' dir='ltr'><strong>oli,</strong></span> 
     </span>
     <span class='ocr_line' id='line_1_19' title="bbox 211 2133 2010 2215; baseline 0.001 -21"><span class='ocrx_word' id='word_1_182' title='bbox 211 2134 374 2196; x_wconf 83' lang='lat' dir='ltr'><strong>adhuc</strong></span> <span class='ocrx_word' id='word_1_183' title='bbox 413 2151 532 2195; x_wconf 87' lang='lat' dir='ltr'><strong>non</strong></span> <span class='ocrx_word' id='word_1_184' title='bbox 577 2133 750 2206; x_wconf 87' lang='lat' dir='ltr'><strong>aduc,</strong></span> <span class='ocrx_word' id='word_1_185' title='bbox 797 2133 955 2196; x_wconf 91' lang='lat' dir='ltr'><strong>idem</strong></span> <span class='ocrx_word' id='word_1_186' title='bbox 997 2153 1117 2197; x_wconf 89' lang='lat' dir='ltr'><strong>non</strong></span> <span class='ocrx_word' id='word_1_187' title='bbox 1161 2135 1274 2206; x_wconf 89' lang='lat' dir='ltr'><strong>ide,</strong></span> <span class='ocrx_word' id='word_1_188' title='bbox 1320 2135 1545 2198; x_wconf 86' lang='lat' dir='ltr'><strong>amfora</strong></span> <span class='ocrx_word' id='word_1_189' title='bbox 1589 2152 1707 2196; x_wconf 88' lang='lat' dir='ltr'><strong>non</strong></span> <span class='ocrx_word' id='word_1_190' title='bbox 1748 2153 2010 2215; x_wconf 89' lang='lat' dir='ltr'><strong>ampora.</strong></span> 
     </span>
    </p>
   </div>
   <div class='ocr_carea' id='block_1_4' title="bbox 210 2337 2843 3846">
    <p class='ocr_par' dir='ltr' id='par_1_4' title="bbox 210 2337 2759 2520">
     <span class='ocr_line' id='line_1_20' title="bbox 351 2337 2759 2419; baseline 0.001 -21"><span class='ocrx_word' id='word_1_191' title='bbox 351 2337 502 2399; x_wconf 85' lang='lat' dir='ltr'><strong>lnter</strong></span> <span class='ocrx_word' id='word_1_192' title='bbox 539 2345 806 2400; x_wconf 88' lang='lat' dir='ltr'><strong>austrum</strong></span> <span class='ocrx_word' id='word_1_193' title='bbox 841 2346 901 2400; x_wconf 88' lang='lat' dir='ltr'><strong>et</strong></span> <span class='ocrx_word' id='word_1_194' title='bbox 937 2345 1162 2401; x_wconf 88' lang='lat' dir='ltr'><strong>ostrum</strong></span> <span class='ocrx_word' id='word_1_195' title='bbox 1205 2338 1322 2400; x_wconf 91' lang='lat' dir='ltr'><strong>hoc</strong></span> <span class='ocrx_word' id='word_1_196' title='bbox 1363 2339 1629 2409; x_wconf 88' lang='lat' dir='ltr'><strong>interest,</strong></span> <span class='ocrx_word' id='word_1_197' title='bbox 1675 2337 1835 2419; x_wconf 87' lang='lat' dir='ltr'><strong>quod</strong></span> <span class='ocrx_word' id='word_1_198' title='bbox 1880 2345 2147 2402; x_wconf 82' lang='lat' dir='ltr'><strong>austrum</strong></span> <span class='ocrx_word' id='word_1_199' title='bbox 2178 2346 2411 2402; x_wconf 86' lang='lat' dir='ltr'><strong>ventum</strong></span> <span class='ocrx_word' id='word_1_200' title='bbox 2453 2340 2759 2418; x_wconf 81' lang='lat' dir='ltr'><strong>significat,</strong></span> 
     </span>
     <span class='ocr_line' id='line_1_21' title="bbox 210 2440 1542 2520; baseline 0.003 -22"><span class='ocrx_word' id='word_1_201' title='bbox 210 2448 398 2500; x_wconf 65' lang='lat' dir='ltr'><strong>«suum</strong></span> <span class='ocrx_word' id='word_1_202' title='bbox 437 2457 580 2501; x_wconf 84' lang='lat' dir='ltr'><strong>vero</strong></span> <span class='ocrx_word' id='word_1_203' title='bbox 619 2458 948 2520; x_wconf 88' lang='lat' dir='ltr'><strong>purpuram</strong></span> <span class='ocrx_word' id='word_1_204' title='bbox 993 2459 1124 2502; x_wconf 91' lang='lat' dir='ltr'><strong>esse</strong></span> <span class='ocrx_word' id='word_1_205' title='bbox 1161 2440 1542 2503; x_wconf 85' lang='lat' dir='ltr'><strong>demonstrat.</strong></span> 
     </span>
    </p>

    <p class='ocr_par' dir='ltr' id='par_1_5' title="bbox 211 2541 2841 2708">
     <span class='ocr_line' id='line_1_22' title="bbox 349 2541 2841 2623; baseline 0.002 -21"><span class='ocrx_word' id='word_1_206' title='bbox 349 2541 504 2604; x_wconf 86' lang='lat' dir='ltr'><strong>lnter</strong></span> <span class='ocrx_word' id='word_1_207' title='bbox 539 2541 652 2602; x_wconf 88' lang='lat' dir='ltr'><strong>hos</strong></span> <span class='ocrx_word' id='word_1_208' title='bbox 693 2550 754 2604; x_wconf 92' lang='lat' dir='ltr'><strong>et</strong></span> <span class='ocrx_word' id='word_1_209' title='bbox 793 2560 860 2606; x_wconf 87' lang='lat' dir='ltr'><strong>os</strong></span> <span class='ocrx_word' id='word_1_210' title='bbox 904 2542 1018 2604; x_wconf 89' lang='lat' dir='ltr'><strong>hoc</strong></span> <span class='ocrx_word' id='word_1_211' title='bbox 1057 2544 1335 2613; x_wconf 86' lang='lat' dir='ltr'><strong>interest,</strong></span> <span class='ocrx_word' id='word_1_212' title='bbox 1393 2543 1552 2622; x_wconf 89' lang='lat' dir='ltr'><strong>quod</strong></span> <span class='ocrx_word' id='word_1_213' title='bbox 1604 2542 1715 2604; x_wconf 92' lang='lat' dir='ltr'><strong>hos</strong></span> <span class='ocrx_word' id='word_1_214' title='bbox 1755 2559 2086 2623; x_wconf 88' lang='lat' dir='ltr'><strong>pronomen</strong></span> <span class='ocrx_word' id='word_1_215' title='bbox 2128 2543 2449 2620; x_wconf 81' lang='lat' dir='ltr'><strong>significat,</strong></span> <span class='ocrx_word' id='word_1_216' title='bbox 2508 2561 2575 2604; x_wconf 88' lang='lat' dir='ltr'><strong>os</strong></span> <span class='ocrx_word' id='word_1_217' title='bbox 2618 2561 2758 2606; x_wconf 86' lang='lat' dir='ltr'><strong>vero</strong></span> <span class='ocrx_word' id='word_1_218' title='bbox 2790 2566 2841 2606; x_wconf 63' lang='grc' dir='ltr'><strong>το</strong></span> 
     </span>
     <span class='ocr_line' id='line_1_23' title="bbox 211 2643 1000 2708; baseline 0.006 -7"><span class='ocrx_word' id='word_1_219' title='bbox 211 2643 398 2704; x_wconf 77' lang='lat' dir='ltr'><strong>vultum</strong></span> <span class='ocrx_word' id='word_1_220' title='bbox 440 2661 575 2706; x_wconf 87' lang='lat' dir='ltr'><strong>esse</strong></span> <span class='ocrx_word' id='word_1_221' title='bbox 617 2643 1000 2708; x_wconf 87' lang='lat' dir='ltr'><strong>demonstrat.</strong></span> 
     </span>
    </p>

    <p class='ocr_par' dir='ltr' id='par_1_6' title="bbox 213 2744 2767 2912">
     <span class='ocr_line' id='line_1_24' title="bbox 349 2744 2767 2826; baseline 0 -19"><span class='ocrx_word' id='word_1_222' title='bbox 349 2746 505 2808; x_wconf 89' lang='lat' dir='ltr'><strong>Inter</strong></span> <span class='ocrx_word' id='word_1_223' title='bbox 561 2744 724 2808; x_wconf 89' lang='lat' dir='ltr'><strong>labat</strong></span> <span class='ocrx_word' id='word_1_224' title='bbox 779 2755 841 2810; x_wconf 90' lang='lat' dir='ltr'><strong>et</strong></span> <span class='ocrx_word' id='word_1_225' title='bbox 887 2745 1040 2808; x_wconf 83' lang='lat' dir='ltr'><strong>lavat</strong></span> <span class='ocrx_word' id='word_1_226' title='bbox 1093 2747 1209 2809; x_wconf 90' lang='lat' dir='ltr'><strong>hoc</strong></span> <span class='ocrx_word' id='word_1_227' title='bbox 1253 2748 1528 2818; x_wconf 85' lang='lat' dir='ltr'><strong>interest,</strong></span> <span class='ocrx_word' id='word_1_228' title='bbox 1588 2747 1747 2826; x_wconf 89' lang='lat' dir='ltr'><strong>quod</strong></span> <span class='ocrx_word' id='word_1_229' title='bbox 1803 2744 1961 2808; x_wconf 88' lang='lat' dir='ltr'><strong>labat</strong></span> <span class='ocrx_word' id='word_1_230' title='bbox 2010 2754 2179 2810; x_wconf 88' lang='lat' dir='ltr'><strong>nutat</strong></span> <span class='ocrx_word' id='word_1_231' title='bbox 2234 2747 2551 2826; x_wconf 84' lang='lat' dir='ltr'><strong>significat,</strong></span> <span class='ocrx_word' id='word_1_232' title='bbox 2611 2745 2767 2810; x_wconf 88' lang='lat' dir='ltr'><strong>lavat</strong></span> 
     </span>
     <span class='ocr_line' id='line_1_25' title="bbox 213 2847 1201 2912; baseline 0.002 -6"><span class='ocrx_word' id='word_1_233' title='bbox 213 2866 324 2908; x_wconf 76' lang='lat' dir='ltr'><strong>vero</strong></span> <span class='ocrx_word' id='word_1_234' title='bbox 357 2847 608 2910; x_wconf 87' lang='lat' dir='ltr'><strong>lotorem</strong></span> <span class='ocrx_word' id='word_1_235' title='bbox 652 2853 788 2912; x_wconf 84' lang='lat' dir='ltr'><strong>esse&#39;</strong></span> <span class='ocrx_word' id='word_1_236' title='bbox 820 2850 1201 2912; x_wconf 86' lang='lat' dir='ltr'><strong>demonstrat.</strong></span> 
     </span>
    </p>

    <p class='ocr_par' dir='ltr' id='par_1_7' title="bbox 215 2947 2836 3132">
     <span class='ocr_line' id='line_1_26' title="bbox 349 2947 2761 3031; baseline -0.001 -21"><span class='ocrx_word' id='word_1_237' title='bbox 349 2949 500 3012; x_wconf 88' lang='lat' dir='ltr'><strong>lnter</strong></span> <span class='ocrx_word' id='word_1_238' title='bbox 547 2950 782 3012; x_wconf 90' lang='lat' dir='ltr'><strong>ebrium</strong></span> <span class='ocrx_word' id='word_1_239' title='bbox 827 2959 886 3014; x_wconf 89' lang='lat' dir='ltr'><strong>et</strong></span> <span class='ocrx_word' id='word_1_240' title='bbox 924 2951 1224 3014; x_wconf 89' lang='lat' dir='ltr'><strong>ebriosum</strong></span> <span class='ocrx_word' id='word_1_241' title='bbox 1265 2949 1382 3011; x_wconf 89' lang='lat' dir='ltr'><strong>hoc</strong></span> <span class='ocrx_word' id='word_1_242' title='bbox 1421 2953 1698 3019; x_wconf 89' lang='lat' dir='ltr'><strong>interest,</strong></span> <span class='ocrx_word' id='word_1_243' title='bbox 1744 2949 1903 3031; x_wconf 89' lang='lat' dir='ltr'><strong>quod</strong></span> <span class='ocrx_word' id='word_1_244' title='bbox 1951 2948 2183 3012; x_wconf 90' lang='lat' dir='ltr'><strong>ebrium</strong></span> <span class='ocrx_word' id='word_1_245' title='bbox 2227 2950 2300 3010; x_wconf 88' lang='lat' dir='ltr'><strong>ad</strong></span> <span class='ocrx_word' id='word_1_246' title='bbox 2339 2958 2571 3030; x_wconf 88' lang='lat' dir='ltr'><strong>tempus</strong></span> <span class='ocrx_word' id='word_1_247' title='bbox 2612 2947 2761 3012; x_wconf 89' lang='lat' dir='ltr'><strong>mul-</strong></span> 
     </span>
     <span class='ocr_line' id='line_1_27' title="bbox 215 3050 2836 3132; baseline 0.002 -22"><span class='ocrx_word' id='word_1_248' title='bbox 215 3061 308 3112; x_wconf 82' lang='lat' dir='ltr'><strong>tum</strong></span> <span class='ocrx_word' id='word_1_249' title='bbox 345 3051 560 3114; x_wconf 78' lang='lat' dir='ltr'><strong>bibisse</strong></span> <span class='ocrx_word' id='word_1_250' title='bbox 597 3053 904 3132; x_wconf 81' lang='lat' dir='ltr'><strong>significat,</strong></span> <span class='ocrx_word' id='word_1_251' title='bbox 953 3053 1254 3114; x_wconf 89' lang='lat' dir='ltr'><strong>ebriosum</strong></span> <span class='ocrx_word' id='word_1_252' title='bbox 1287 3070 1426 3114; x_wconf 81' lang='lat' dir='ltr'><strong>vero</strong></span> <span class='ocrx_word' id='word_1_253' title='bbox 1468 3070 1706 3131; x_wconf 89' lang='lat' dir='ltr'><strong>semper</strong></span> <span class='ocrx_word' id='word_1_254' title='bbox 1750 3050 1999 3113; x_wconf 87' lang='lat' dir='ltr'><strong>multum</strong></span> <span class='ocrx_word' id='word_1_255' title='bbox 2030 3050 2331 3112; x_wconf 85' lang='lat' dir='ltr'><strong>bibentem</strong></span> <span class='ocrx_word' id='word_1_256' title='bbox 2372 3051 2753 3113; x_wconf 86' lang='lat' dir='ltr'><strong>demonstrat.</strong></span> <span class='ocrx_word' id='word_1_257' title='bbox 2784 3075 2836 3116; x_wconf 79' lang='lat'><strong>25</strong></span> 
     </span>
    </p>

    <p class='ocr_par' dir='ltr' id='par_1_8' title="bbox 215 3153 2759 3319">
     <span class='ocr_line' id='line_1_28' title="bbox 350 3153 2759 3234; baseline -0 -19"><span class='ocrx_word' id='word_1_258' title='bbox 350 3154 500 3215; x_wconf 89' lang='lat' dir='ltr'><strong>lnter</strong></span> <span class='ocrx_word' id='word_1_259' title='bbox 541 3153 764 3216; x_wconf 89' lang='lat' dir='ltr'><strong>laetum</strong></span> <span class='ocrx_word' id='word_1_260' title='bbox 807 3164 868 3217; x_wconf 91' lang='lat' dir='ltr'><strong>et</strong></span> <span class='ocrx_word' id='word_1_261' title='bbox 902 3154 1084 3216; x_wconf 89' lang='lat' dir='ltr'><strong>letum</strong></span> <span class='ocrx_word' id='word_1_262' title='bbox 1128 3154 1242 3216; x_wconf 91' lang='lat' dir='ltr'><strong>hoc</strong></span> <span class='ocrx_word' id='word_1_263' title='bbox 1283 3157 1550 3224; x_wconf 89' lang='lat' dir='ltr'><strong>interest,</strong></span> <span class='ocrx_word' id='word_1_264' title='bbox 1595 3153 1753 3234; x_wconf 90' lang='lat' dir='ltr'><strong>quod</strong></span> <span class='ocrx_word' id='word_1_265' title='bbox 1796 3153 2015 3215; x_wconf 90' lang='lat' dir='ltr'><strong>laetum</strong></span> <span class='ocrx_word' id='word_1_266' title='bbox 2058 3153 2413 3232; x_wconf 82' lang='lat' dir='ltr'><strong>gaudentem</strong></span> <span class='ocrx_word' id='word_1_267' title='bbox 2452 3155 2759 3233; x_wconf 85' lang='lat' dir='ltr'><strong>significat,</strong></span> 
     </span>
     <span class='ocr_line' id='line_1_29' title="bbox 215 3253 1475 3319; baseline 0.002 -5"><span class='ocrx_word' id='word_1_268' title='bbox 215 3253 358 3316; x_wconf 80' lang='lat' dir='ltr'><strong>letum</strong></span> <span class='ocrx_word' id='word_1_269' title='bbox 393 3273 532 3317; x_wconf 77' lang='lat' dir='ltr'><strong>vero</strong></span> <span class='ocrx_word' id='word_1_270' title='bbox 575 3264 876 3318; x_wconf 90' lang='lat' dir='ltr'><strong>mortuum</strong></span> <span class='ocrx_word' id='word_1_271' title='bbox 921 3275 1050 3319; x_wconf 87' lang='lat' dir='ltr'><strong>esse</strong></span> <span class='ocrx_word' id='word_1_272' title='bbox 1091 3257 1475 3319; x_wconf 83' lang='lat' dir='ltr'><strong>demonstrat.</strong></span> 
     </span>
    </p>

    <p class='ocr_par' dir='ltr' id='par_1_9' title="bbox 215 3355 2843 3626">
     <span class='ocr_line' id='line_1_30' title="bbox 345 3355 2765 3438; baseline -0.002 -19"><span class='ocrx_word' id='word_1_273' title='bbox 345 3358 500 3420; x_wconf 85' lang='lat' dir='ltr'><strong>Inter</strong></span> <span class='ocrx_word' id='word_1_274' title='bbox 543 3358 888 3438; x_wconf 85' lang='lat' dir='ltr'><strong>capillatum</strong></span> <span class='ocrx_word' id='word_1_275' title='bbox 931 3366 990 3420; x_wconf 89' lang='lat' dir='ltr'><strong>et</strong></span> <span class='ocrx_word' id='word_1_276' title='bbox 1034 3357 1383 3438; x_wconf 88' lang='lat' dir='ltr'><strong>capillosum</strong></span> <span class='ocrx_word' id='word_1_277' title='bbox 1433 3358 1549 3419; x_wconf 89' lang='lat' dir='ltr'><strong>hoc</strong></span> <span class='ocrx_word' id='word_1_278' title='bbox 1591 3359 1869 3427; x_wconf 85' lang='lat' dir='ltr'><strong>interest,</strong></span> <span class='ocrx_word' id='word_1_279' title='bbox 1925 3357 2083 3438; x_wconf 86' lang='lat' dir='ltr'><strong>quod</strong></span> <span class='ocrx_word' id='word_1_280' title='bbox 2134 3355 2467 3435; x_wconf 87' lang='lat' dir='ltr'><strong>capillatum</strong></span> <span class='ocrx_word' id='word_1_281' title='bbox 2520 3355 2765 3435; x_wconf 86' lang='lat' dir='ltr'><strong>capillos</strong></span> 
     </span>
     <span class='ocr_line' id='line_1_31' title="bbox 215 3457 2764 3541; baseline 0 -22"><span class='ocrx_word' id='word_1_282' title='bbox 215 3461 424 3536; x_wconf 68' lang='lat' dir='ltr'><strong>grandes</strong></span> <span class='ocrx_word' id='word_1_283' title='bbox 459 3460 782 3523; x_wconf 89' lang='lat' dir='ltr'><strong>habentem</strong></span> <span class='ocrx_word' id='word_1_284' title='bbox 821 3461 1128 3539; x_wconf 81' lang='lat' dir='ltr'><strong>significat,</strong></span> <span class='ocrx_word' id='word_1_285' title='bbox 1168 3459 1513 3541; x_wconf 87' lang='lat' dir='ltr'><strong>capillosum</strong></span> <span class='ocrx_word' id='word_1_286' title='bbox 1563 3477 1699 3520; x_wconf 78' lang='lat' dir='ltr'><strong>vero</strong></span> <span class='ocrx_word' id='word_1_287' title='bbox 1737 3458 2019 3538; x_wconf 89' lang='lat' dir='ltr'><strong>pilosum,</strong></span> <span class='ocrx_word' id='word_1_288' title='bbox 2062 3457 2121 3519; x_wconf 91' lang='lat' dir='ltr'><strong>id</strong></span> <span class='ocrx_word' id='word_1_289' title='bbox 2168 3465 2257 3520; x_wconf 83' lang='lat' dir='ltr'><strong>est</strong></span> <span class='ocrx_word' id='word_1_290' title='bbox 2296 3459 2591 3520; x_wconf 82' lang='lat' dir='ltr'><strong>hirsutum</strong></span> <span class='ocrx_word' id='word_1_291' title='bbox 2635 3477 2764 3520; x_wconf 88' lang='lat' dir='ltr'><strong>esse</strong></span> 
     </span>
     <span class='ocr_line' id='line_1_32' title="bbox 216 3562 2843 3626; baseline 0.001 -6"><span class='ocrx_word' id='word_1_292' title='bbox 216 3562 554 3626; x_wconf 84' lang='lat' dir='ltr'><strong>demonstrat.</strong></span> <span class='ocrx_word' id='word_1_293' title='bbox 2790 3582 2843 3623; x_wconf 76' lang='lat' dir='ltr'><strong>so</strong></span> 
     </span>
    </p>

    <p class='ocr_par' dir='ltr' id='par_1_10' title="bbox 215 3661 2761 3846">
     <span class='ocr_line' id='line_1_33' title="bbox 347 3661 2761 3746; baseline -0.002 -19"><span class='ocrx_word' id='word_1_294' title='bbox 347 3665 500 3728; x_wconf 87' lang='lat' dir='ltr'><strong>lnter</strong></span> <span class='ocrx_word' id='word_1_295' title='bbox 551 3683 750 3746; x_wconf 83' lang='lat' dir='ltr'><strong>paene</strong></span> <span class='ocrx_word' id='word_1_296' title='bbox 797 3671 852 3725; x_wconf 85' lang='lat' dir='ltr'><strong>et</strong></span> <span class='ocrx_word' id='word_1_297' title='bbox 903 3681 1058 3744; x_wconf 90' lang='lat' dir='ltr'><strong>pene</strong></span> <span class='ocrx_word' id='word_1_298' title='bbox 1113 3664 1230 3726; x_wconf 89' lang='lat' dir='ltr'><strong>hoc</strong></span> <span class='ocrx_word' id='word_1_299' title='bbox 1276 3667 1566 3742; x_wconf 74' lang='lat' dir='ltr'><strong>interest,</strong></span> <span class='ocrx_word' id='word_1_300' title='bbox 1612 3663 1773 3742; x_wconf 86' lang='lat' dir='ltr'><strong>quod</strong></span> <span class='ocrx_word' id='word_1_301' title='bbox 1822 3680 2011 3741; x_wconf 88' lang='lat' dir='ltr'><strong>paene</strong></span> <span class='ocrx_word' id='word_1_302' title='bbox 2064 3661 2409 3725; x_wconf 89' lang='lat' dir='ltr'><strong>adverbium</strong></span> <span class='ocrx_word' id='word_1_303' title='bbox 2456 3663 2761 3740; x_wconf 80' lang='lat' dir='ltr'><strong>significat,</strong></span> 
     </span>
     <span class='ocr_line' id='line_1_34' title="bbox 215 3765 2115 3846; baseline 0.002 -24"><span class='ocrx_word' id='word_1_304' title='bbox 215 3783 332 3844; x_wconf 83' lang='lat' dir='ltr'><strong>pene</strong></span> <span class='ocrx_word' id='word_1_305' title='bbox 365 3785 496 3829; x_wconf 82' lang='lat' dir='ltr'><strong>vero</strong></span> <span class='ocrx_word' id='word_1_306' title='bbox 539 3769 926 3829; x_wconf 89' lang='lat' dir='ltr'><strong>novissimam</strong></span> <span class='ocrx_word' id='word_1_307' title='bbox 968 3773 1198 3846; x_wconf 89' lang='lat' dir='ltr'><strong>partem</strong></span> <span class='ocrx_word' id='word_1_308' title='bbox 1239 3767 1508 3846; x_wconf 90' lang='lat' dir='ltr'><strong>corporis</strong></span> <span class='ocrx_word' id='word_1_309' title='bbox 1553 3783 1686 3828; x_wconf 88' lang='lat' dir='ltr'><strong>esse</strong></span> <span class='ocrx_word' id='word_1_310' title='bbox 1731 3765 2115 3826; x_wconf 89' lang='lat' dir='ltr'><strong>demonstrat.</strong></span> 
     </span>
    </p>
   </div>
   <div class='ocr_carea' id='block_1_5' title="bbox 217 3959 2767 4169">
    <p class='ocr_par' dir='ltr' id='par_1_11' title="bbox 217 3959 2767 4169">
     <span class='ocr_line' id='line_1_35' title="bbox 327 3959 2763 4027; baseline -0.002 -13"><span class='ocrx_word' id='word_1_311' title='bbox 327 3963 344 4014; x_wconf 90' lang='grc'><strong>1</strong></span> <span class='ocrx_word' id='word_1_312' title='bbox 383 3965 570 4015; x_wconf 84' lang='lat' dir='ltr'><strong>tundeo</strong></span> <span class='ocrx_word' id='word_1_313' title='bbox 609 3979 712 4014; x_wconf 85' lang='lat' dir='ltr'><strong>non</strong></span> <span class='ocrx_word' id='word_1_314' title='bbox 743 3963 968 4014; x_wconf 87' lang='lat' dir='ltr'><strong>detundo</strong></span> <span class='ocrx_word' id='word_1_315' title='bbox 1003 3963 1055 4014; x_wconf 91' lang='lat' dir='ltr'><em>B</em></span> <span class='ocrx_word' id='word_1_316' title='bbox 1262 3965 1296 4014; x_wconf 87' lang='lat'>4</span> <span class='ocrx_word' id='word_1_317' title='bbox 1342 3977 1442 4012; x_wconf 88' lang='lat' dir='ltr'><strong>non</strong></span> <span class='ocrx_word' id='word_1_318' title='bbox 1478 3961 1636 4026; x_wconf 85' lang='lat' dir='ltr'><strong>celips</strong></span> <span class='ocrx_word' id='word_1_319' title='bbox 1671 3976 1810 4012; x_wconf 81' lang='lat' dir='ltr'><strong>corr.</strong></span> <span class='ocrx_word' id='word_1_320' title='bbox 1851 3975 1951 4010; x_wconf 89' lang='lat' dir='ltr'><strong>non</strong></span> <span class='ocrx_word' id='word_1_321' title='bbox 1992 3960 2161 4027; x_wconf 85' lang='lat' dir='ltr'><strong>celeps</strong></span> <span class='ocrx_word' id='word_1_322' title='bbox 2198 3960 2249 4010; x_wconf 89' lang='lat' dir='ltr'><em>B</em></span> <span class='ocrx_word' id='word_1_323' title='bbox 2417 3959 2451 4010; x_wconf 88' lang='lat'>8</span> <span class='ocrx_word' id='word_1_324' title='bbox 2488 3959 2763 4027; x_wconf 87' lang='lat' dir='ltr'><strong>iunipirus]</strong></span> 
     </span>
     <span class='ocr_line' id='line_1_36' title="bbox 217 4029 2764 4100; baseline -0.002 -15"><span class='ocrx_word' id='word_1_325' title='bbox 217 4029 300 4098; x_wconf 68' lang='lat' dir='ltr'><strong>‘tq-3</strong></span> <span class='ocrx_word' id='word_1_326' title='bbox 320 4035 334 4084; x_wconf 83' lang='lat' dir='ltr'><strong>i</strong></span> <span class='ocrx_word' id='word_1_327' title='bbox 358 4037 574 4088; x_wconf 76' lang='lat' dir='ltr'><strong>secundo</strong></span> <span class='ocrx_word' id='word_1_328' title='bbox 609 4035 1010 4099; x_wconf 52' lang='lat' dir='ltr'><strong>superscriptum</strong></span> <span class='ocrx_word' id='word_1_329' title='bbox 1034 4046 1087 4081; x_wconf 87' lang='lat' dir='ltr'><strong>e:</strong></span> <span class='ocrx_word' id='word_1_330' title='bbox 1126 4033 1383 4100; x_wconf 62' lang='lat' dir='ltr'><strong>legendum</strong></span> <span class='ocrx_word' id='word_1_331' title='bbox 1413 4031 1638 4098; x_wconf 77' lang='lat' dir='ltr'><strong>forsitan</strong></span> <span class='ocrx_word' id='word_1_332' title='bbox 1675 4031 1943 4095; x_wconf 86' lang='lat' dir='ltr'><strong>iuniperus</strong></span> <span class='ocrx_word' id='word_1_333' title='bbox 1980 4045 2079 4080; x_wconf 90' lang='lat' dir='ltr'><strong>non</strong></span> <span class='ocrx_word' id='word_1_334' title='bbox 2116 4030 2371 4097; x_wconf 87' lang='lat' dir='ltr'><strong>iunipirus</strong></span> <span class='ocrx_word' id='word_1_335' title='bbox 2388 4033 2405 4060; x_wconf 90' lang='lat'>’</span> <span class='ocrx_word' id='word_1_336' title='bbox 2441 4030 2613 4080; x_wconf 81' lang='lat' dir='ltr'><strong>editor</strong></span> <span class='ocrx_word' id='word_1_337' title='bbox 2642 4031 2764 4080; x_wconf 80' lang='lat' dir='ltr'><strong>Vin-</strong></span> 
     </span>
     <span class='ocr_line' id='line_1_37' title="bbox 218 4098 2767 4169; baseline -0.002 -17"><span class='ocrx_word' id='word_1_338' title='bbox 218 4103 466 4157; x_wconf 68' lang='lat' dir='ltr'><strong>debeam</strong></span> <span class='ocrx_word' id='word_1_339' title='bbox 644 4105 682 4156; x_wconf 84' lang='lat'>9</span> <span class='ocrx_word' id='word_1_340' title='bbox 713 4105 864 4169; x_wconf 81' lang='lat' dir='ltr'><strong>tripla</strong></span> <span class='ocrx_word' id='word_1_341' title='bbox 899 4120 1037 4156; x_wconf 81' lang='lat' dir='ltr'><strong>corr.</strong></span> <span class='ocrx_word' id='word_1_342' title='bbox 1074 4103 1228 4153; x_wconf 83' lang='lat' dir='ltr'><strong>tribla</strong></span> <span class='ocrx_word' id='word_1_343' title='bbox 1263 4103 1315 4153; x_wconf 89' lang='lat' dir='ltr'><em>B</em></span> <span class='ocrx_word' id='word_1_344' title='bbox 1488 4103 1548 4153; x_wconf 94' lang='grc'><strong>11</strong></span> <span class='ocrx_word' id='word_1_345' title='bbox 1591 4099 1915 4166; x_wconf 79' lang='lat' dir='ltr'><strong>horologium</strong></span> <span class='ocrx_word' id='word_1_346' title='bbox 1952 4115 2053 4150; x_wconf 91' lang='lat' dir='ltr'><strong>non</strong></span> <span class='ocrx_word' id='word_1_347' title='bbox 2084 4101 2389 4166; x_wconf 83' lang='lat' dir='ltr'><strong>orologium,</strong></span> <span class='ocrx_word' id='word_1_348' title='bbox 2434 4098 2633 4150; x_wconf 84' lang='lat' dir='ltr'><strong>hostiae</strong></span> <span class='ocrx_word' id='word_1_349' title='bbox 2667 4114 2767 4149; x_wconf 90' lang='lat' dir='ltr'><strong>non</strong></span> 
     </span>
    </p>
   </div>
   <div class='ocr_carea' id='block_1_6' title="bbox 219 4167 2772 4871">
    <p class='ocr_par' dir='ltr' id='par_1_12' title="bbox 219 4167 2674 4239">
     <span class='ocr_line' id='line_1_38' title="bbox 219 4167 2674 4239; baseline -0.001 -17"><span class='ocrx_word' id='word_1_350' title='bbox 219 4175 338 4224; x_wconf 75' lang='lat' dir='ltr'><strong>ostiae</strong></span> <span class='ocrx_word' id='word_1_351' title='bbox 369 4176 576 4227; x_wconf 75' lang='lat' dir='ltr'><strong>coniecit</strong></span> <span class='ocrx_word' id='word_1_352' title='bbox 613 4175 782 4225; x_wconf 73' lang='lat' dir='ltr'><strong>editor</strong></span> <span class='ocrx_word' id='word_1_353' title='bbox 807 4173 1210 4226; x_wconf 58' lang='lat' dir='ltr'><strong>Vindobona-ris</strong></span> <span class='ocrx_word' id='word_1_354' title='bbox 1318 4173 1381 4223; x_wconf 90' lang='lat'><strong>12</strong></span> <span class='ocrx_word' id='word_1_355' title='bbox 1417 4182 1568 4239; x_wconf 77' lang='lat' dir='ltr'><strong>gratu</strong></span> <span class='ocrx_word' id='word_1_356' title='bbox 1603 4187 1740 4221; x_wconf 80' lang='lat' dir='ltr'><strong>cor-r.</strong></span> <span class='ocrx_word' id='word_1_357' title='bbox 1780 4170 1913 4237; x_wconf 80' lang='lat' dir='ltr'><strong>glari</strong></span> <span class='ocrx_word' id='word_1_358' title='bbox 1950 4171 2031 4230; x_wconf 82' lang='grc' dir='ltr'><strong>Β,-</strong></span> <span class='ocrx_word' id='word_1_359' title='bbox 2064 4171 2138 4234; x_wconf 74' lang='lat' dir='ltr'><strong>cf.</strong></span> <span class='ocrx_word' id='word_1_360' title='bbox 2174 4185 2335 4234; x_wconf 78' lang='lat' dir='ltr'><strong>supra</strong></span> <span class='ocrx_word' id='word_1_361' title='bbox 2368 4183 2423 4230; x_wconf 80' lang='lat' dir='ltr'><strong>p.</strong></span> <span class='ocrx_word' id='word_1_362' title='bbox 2472 4167 2586 4229; x_wconf 86' lang='grc'><strong>195,</strong></span> <span class='ocrx_word' id='word_1_363' title='bbox 2608 4168 2674 4221; x_wconf 79' lang='grc'><strong>23</strong></span> 
     </span>
    </p>

    <p class='ocr_par' dir='ltr' id='par_1_13' title="bbox 219 4239 2767 4450">
     <span class='ocr_line' id='line_1_39' title="bbox 223 4239 2766 4296; baseline -0.001 -6"><span class='ocrx_word' id='word_1_364' title='bbox 223 4241 267 4291; x_wconf 79' lang='grc'><strong>13</strong></span> <span class='ocrx_word' id='word_1_365' title='bbox 294 4245 632 4296; x_wconf 77' lang='lat' dir='ltr'><strong>tintinabulum</strong></span> <span class='ocrx_word' id='word_1_366' title='bbox 673 4258 776 4294; x_wconf 90' lang='lat' dir='ltr'><strong>non</strong></span> <span class='ocrx_word' id='word_1_367' title='bbox 811 4243 1164 4294; x_wconf 81' lang='lat' dir='ltr'><strong>tintinaculum</strong></span> <span class='ocrx_word' id='word_1_368' title='bbox 1199 4242 1412 4293; x_wconf 73' lang='lat' dir='ltr'><strong>coniecit</strong></span> <span class='ocrx_word' id='word_1_369' title='bbox 1446 4244 1612 4295; x_wconf 77' lang='lat' dir='ltr'><strong>editor</strong></span> <span class='ocrx_word' id='word_1_370' title='bbox 1655 4239 2058 4291; x_wconf 73' lang='lat' dir='ltr'><strong>Vindobonenst&#39;s</strong></span> <span class='ocrx_word' id='word_1_371' title='bbox 2178 4243 2238 4291; x_wconf 88' lang='grc'><strong>18</strong></span> <span class='ocrx_word' id='word_1_372' title='bbox 2278 4241 2411 4289; x_wconf 85' lang='lat' dir='ltr'><strong>Inter</strong></span> <span class='ocrx_word' id='word_1_373' title='bbox 2448 4244 2677 4288; x_wconf 82' lang='lat' dir='ltr'><strong>austrum</strong></span> <span class='ocrx_word' id='word_1_374' title='bbox 2702 4267 2766 4274; x_wconf 89' lang='lat'>—</span> 
     </span>
     <span class='ocr_line' id='line_1_40' title="bbox 220 4309 2767 4375; baseline -0.002 -13"><span class='ocrx_word' id='word_1_375' title='bbox 220 4311 310 4374; x_wconf 82' lang='lat'><strong>²01,</strong></span> <span class='ocrx_word' id='word_1_376' title='bbox 333 4314 390 4365; x_wconf 84' lang='lat'><strong>10</strong></span> <span class='ocrx_word' id='word_1_377' title='bbox 423 4316 647 4366; x_wconf 78' lang='lat' dir='ltr'><strong>delectat</strong></span> <span class='ocrx_word' id='word_1_378' title='bbox 685 4315 1002 4364; x_wconf 85' lang='lat' dir='ltr'><strong>demonstrat</strong></span> <span class='ocrx_word' id='word_1_379' title='bbox 1045 4321 1164 4364; x_wconf 73' lang='lat' dir='ltr'><strong>sunt</strong></span> <span class='ocrx_word' id='word_1_380' title='bbox 1197 4314 1250 4362; x_wconf 80' lang='lat' dir='ltr'><strong>in</strong></span> <span class='ocrx_word' id='word_1_381' title='bbox 1282 4313 1457 4363; x_wconf 77' lang='lat' dir='ltr'><strong>codice</strong></span> <span class='ocrx_word' id='word_1_382' title='bbox 1493 4312 1941 4375; x_wconf 71' lang='lat' dir='ltr'><strong>Montepessulauo</strong></span> <span class='ocrx_word' id='word_1_383' title='bbox 1978 4310 2099 4362; x_wconf 81' lang='lat'><strong>306.</strong></span> <span class='ocrx_word' id='word_1_384' title='bbox 2158 4313 2299 4360; x_wconf 68' lang='lat' dir='ltr'><strong>cuiue</strong></span> <span class='ocrx_word' id='word_1_385' title='bbox 2342 4309 2531 4359; x_wconf 74' lang='lat' dir='ltr'><strong>codicis</strong></span> <span class='ocrx_word' id='word_1_386' title='bbox 2574 4310 2767 4360; x_wconf 71' lang='lat' dir='ltr'><strong>disere-</strong></span> 
     </span>
     <span class='ocr_line' id='line_1_41' title="bbox 219 4377 2633 4450; baseline -0.002 -16"><span class='ocrx_word' id='word_1_387' title='bbox 219 4387 354 4442; x_wconf 71' lang='lat' dir='ltr'><strong>pontia</strong></span> <span class='ocrx_word' id='word_1_388' title='bbox 385 4386 654 4450; x_wconf 69' lang='lat' dir='ltr'><strong>adscripta</strong></span> <span class='ocrx_word' id='word_1_389' title='bbox 692 4391 771 4435; x_wconf 74' lang='lat' dir='ltr'><strong>est</strong></span> <span class='ocrx_word' id='word_1_390' title='bbox 801 4385 1042 4450; x_wconf 70' lang='lat' dir='ltr'><strong>adposita</strong></span> <span class='ocrx_word' id='word_1_391' title='bbox 1077 4381 1139 4431; x_wconf 81' lang='lat' dir='ltr'><em>M</em></span> <span class='ocrx_word' id='word_1_392' title='bbox 1176 4384 1368 4434; x_wconf 76' lang='lat' dir='ltr'><strong>littera.</strong></span> <span class='ocrx_word' id='word_1_393' title='bbox 1437 4399 1696 4436; x_wconf 74' lang='lat' dir='ltr'><strong>momum-</strong></span> <span class='ocrx_word' id='word_1_394' title='bbox 1737 4393 2114 4430; x_wconf 64' lang='lat' dir='ltr'><strong>mrum-:Min</strong></span> <span class='ocrx_word' id='word_1_395' title='bbox 2144 4395 2291 4431; x_wconf 71' lang='lat' dir='ltr'><strong>raom</strong></span> <span class='ocrx_word' id='word_1_396' title='bbox 2322 4391 2526 4430; x_wconf 63' lang='lat' dir='ltr'><strong>untsnn</strong></span> <span class='ocrx_word' id='word_1_397' title='bbox 2566 4377 2633 4428; x_wconf 88' lang='lat' dir='ltr'><em>M</em></span> 
     </span>
    </p>

    <p class='ocr_par' dir='ltr' id='par_1_14' title="bbox 221 4448 2772 4871">
     <span class='ocr_line' id='line_1_42' title="bbox 223 4448 2771 4522; baseline -0.001 -23"><span class='ocrx_word' id='word_1_398' title='bbox 223 4454 322 4514; x_wconf 79' lang='lat' dir='ltr'><strong>quod</strong></span> <span class='ocrx_word' id='word_1_399' title='bbox 351 4465 570 4505; x_wconf 83' lang='lat' dir='ltr'><strong>anstrum</strong></span> <span class='ocrx_word' id='word_1_400' title='bbox 611 4453 874 4522; x_wconf 79' lang='lat' dir='ltr'><strong>significat</strong></span> <span class='ocrx_word' id='word_1_401' title='bbox 905 4463 1102 4522; x_wconf 81' lang='lat' dir='ltr'><strong>patrem</strong></span> <span class='ocrx_word' id='word_1_402' title='bbox 1133 4461 1326 4504; x_wconf 84' lang='lat' dir='ltr'><strong>ostrum</strong></span> <span class='ocrx_word' id='word_1_403' title='bbox 1365 4451 1432 4501; x_wconf 89' lang='lat' dir='ltr'><em>M</em></span> <span class='ocrx_word' id='word_1_404' title='bbox 1567 4451 1633 4502; x_wconf 74' lang='lat'><strong>15)</strong></span> <span class='ocrx_word' id='word_1_405' title='bbox 1671 4465 1895 4518; x_wconf 71' lang='lat' dir='ltr'><strong>pon-pora</strong></span> <span class='ocrx_word' id='word_1_406' title='bbox 1927 4450 1979 4500; x_wconf 89' lang='lat' dir='ltr'><em>B</em></span> <span class='ocrx_word' id='word_1_407' title='bbox 2138 4448 2207 4500; x_wconf 90' lang='lat'><strong>20</strong></span> <span class='ocrx_word' id='word_1_408' title='bbox 2244 4452 2379 4500; x_wconf 86' lang='lat' dir='ltr'><strong>luter</strong></span> <span class='ocrx_word' id='word_1_409' title='bbox 2414 4463 2473 4501; x_wconf 88' lang='lat' dir='ltr'><strong>os</strong></span> <span class='ocrx_word' id='word_1_410' title='bbox 2508 4450 2621 4499; x_wconf 82' lang='lat' dir='ltr'><strong>sine</strong></span> <span class='ocrx_word' id='word_1_411' title='bbox 2652 4448 2687 4497; x_wconf 87' lang='lat' dir='ltr'><strong>h</strong></span> <span class='ocrx_word' id='word_1_412' title='bbox 2722 4456 2771 4498; x_wconf 88' lang='lat' dir='ltr'><strong>et</strong></span> 
     </span>
     <span class='ocr_line' id='line_1_43' title="bbox 221 4519 2772 4590; baseline -0.002 -19"><span class='ocrx_word' id='word_1_413' title='bbox 221 4519 292 4570; x_wconf 77' lang='lat' dir='ltr'><strong>hos</strong></span> <span class='ocrx_word' id='word_1_414' title='bbox 318 4539 416 4574; x_wconf 86' lang='lat' dir='ltr'><strong>cum</strong></span> <span class='ocrx_word' id='word_1_415' title='bbox 445 4525 480 4574; x_wconf 87' lang='lat' dir='ltr'><strong>h</strong></span> <span class='ocrx_word' id='word_1_416' title='bbox 513 4525 614 4575; x_wconf 88' lang='lat' dir='ltr'><strong>hoe</strong></span> <span class='ocrx_word' id='word_1_417' title='bbox 649 4526 883 4590; x_wconf 86' lang='lat' dir='ltr'><strong>interest,</strong></span> <span class='ocrx_word' id='word_1_418' title='bbox 922 4523 1060 4589; x_wconf 87' lang='lat' dir='ltr'><strong>qnod</strong></span> <span class='ocrx_word' id='word_1_419' title='bbox 1098 4537 1156 4574; x_wconf 83' lang='lat' dir='ltr'><strong>os</strong></span> <span class='ocrx_word' id='word_1_420' title='bbox 1194 4522 1390 4572; x_wconf 87' lang='lat' dir='ltr'><strong>uultum</strong></span> <span class='ocrx_word' id='word_1_421' title='bbox 1427 4521 1680 4588; x_wconf 77' lang='lat' dir='ltr'><strong>signifieat</strong></span> <span class='ocrx_word' id='word_1_422' title='bbox 1710 4521 1807 4570; x_wconf 88' lang='lat' dir='ltr'><strong>hos</strong></span> <span class='ocrx_word' id='word_1_423' title='bbox 1842 4535 1965 4570; x_wconf 87' lang='lat' dir='ltr'><strong>uero</strong></span> <span class='ocrx_word' id='word_1_424' title='bbox 1993 4533 2274 4584; x_wconf 88' lang='lat' dir='ltr'><strong>pronomen</strong></span> <span class='ocrx_word' id='word_1_425' title='bbox 2310 4533 2425 4570; x_wconf 85' lang='lat' dir='ltr'><strong>esse</strong></span> <span class='ocrx_word' id='word_1_426' title='bbox 2456 4519 2772 4569; x_wconf 79' lang='lat' dir='ltr'><strong>demonstrat</strong></span> 
     </span>
     <span class='ocr_line' id='line_1_44' title="bbox 227 4588 2768 4656; baseline -0.004 -9"><span class='ocrx_word' id='word_1_427' title='bbox 227 4589 270 4639; x_wconf 68' lang='grc' dir='ltr'><em>Μ</em></span> <span class='ocrx_word' id='word_1_428' title='bbox 377 4597 440 4646; x_wconf 74' lang='lat'><strong>24</strong></span> <span class='ocrx_word' id='word_1_429' title='bbox 475 4597 616 4646; x_wconf 85' lang='lat' dir='ltr'><strong>luter</strong></span> <span class='ocrx_word' id='word_1_430' title='bbox 648 4594 883 4644; x_wconf 84' lang='lat' dir='ltr'><strong>hebrium</strong></span> <span class='ocrx_word' id='word_1_431' title='bbox 921 4602 969 4644; x_wconf 89' lang='lat' dir='ltr'><strong>et</strong></span> <span class='ocrx_word' id='word_1_432' title='bbox 1005 4594 1300 4644; x_wconf 87' lang='lat' dir='ltr'><strong>hebriosum</strong></span> <span class='ocrx_word' id='word_1_433' title='bbox 1336 4592 1404 4642; x_wconf 88' lang='lat' dir='ltr'><em>M</em></span> <span class='ocrx_word' id='word_1_434' title='bbox 1535 4591 1772 4642; x_wconf 89' lang='lat' dir='ltr'><strong>hebrium</strong></span> <span class='ocrx_word' id='word_1_435' title='bbox 1804 4589 1871 4639; x_wconf 89' lang='lat' dir='ltr'><em>M</em></span> <span class='ocrx_word' id='word_1_436' title='bbox 2003 4589 2073 4639; x_wconf 80' lang='lat'><strong>25</strong></span> <span class='ocrx_word' id='word_1_437' title='bbox 2108 4588 2327 4656; x_wconf 82' lang='lat' dir='ltr'><strong>bibisse]</strong></span> <span class='ocrx_word' id='word_1_438' title='bbox 2365 4589 2592 4639; x_wconf 86' lang='lat' dir='ltr'><strong>benisset</strong></span> <span class='ocrx_word' id='word_1_439' title='bbox 2630 4603 2768 4638; x_wconf 81' lang='lat' dir='ltr'><strong>corr.</strong></span> 
     </span>
     <span class='ocr_line' id='line_1_45' title="bbox 225 4658 2695 4728; baseline -0 -20"><span class='ocrx_word' id='word_1_440' title='bbox 225 4659 390 4714; x_wconf 79' lang='lat' dir='ltr'><strong>bibisset</strong></span> <span class='ocrx_word' id='word_1_441' title='bbox 423 4665 470 4714; x_wconf 89' lang='lat' dir='ltr'><em>B</em></span> <span class='ocrx_word' id='word_1_442' title='bbox 611 4664 685 4715; x_wconf 76' lang='lat'><strong>26</strong></span> <span class='ocrx_word' id='word_1_443' title='bbox 725 4664 863 4714; x_wconf 87' lang='lat' dir='ltr'><strong>Inter</strong></span> <span class='ocrx_word' id='word_1_444' title='bbox 897 4664 1081 4728; x_wconf 75' lang='lat' dir='ltr'><strong>lectum</strong></span> <span class='ocrx_word' id='word_1_445' title='bbox 1119 4679 1234 4714; x_wconf 88' lang='lat' dir='ltr'><strong>cum</strong></span> <span class='ocrx_word' id='word_1_446' title='bbox 1269 4677 1300 4714; x_wconf 79' lang='lat' dir='ltr'><strong>a</strong></span> <span class='ocrx_word' id='word_1_447' title='bbox 1338 4671 1387 4714; x_wconf 86' lang='lat' dir='ltr'><strong>et</strong></span> <span class='ocrx_word' id='word_1_448' title='bbox 1417 4663 1604 4725; x_wconf 77' lang='lat' dir='ltr'><strong>lectum</strong></span> <span class='ocrx_word' id='word_1_449' title='bbox 1638 4663 1751 4711; x_wconf 84' lang='lat' dir='ltr'><strong>sine</strong></span> <span class='ocrx_word' id='word_1_450' title='bbox 1786 4677 1818 4712; x_wconf 82' lang='lat' dir='ltr'><strong>a</strong></span> <span class='ocrx_word' id='word_1_451' title='bbox 1851 4659 1949 4710; x_wconf 88' lang='lat' dir='ltr'><strong>hoc</strong></span> <span class='ocrx_word' id='word_1_452' title='bbox 1987 4660 2197 4711; x_wconf 87' lang='lat' dir='ltr'><strong>interest</strong></span> <span class='ocrx_word' id='word_1_453' title='bbox 2233 4661 2368 4724; x_wconf 87' lang='lat' dir='ltr'><strong>quod</strong></span> <span class='ocrx_word' id='word_1_454' title='bbox 2405 4659 2591 4710; x_wconf 85' lang='lat' dir='ltr'><strong>lectum</strong></span> <span class='ocrx_word' id='word_1_455' title='bbox 2630 4658 2695 4707; x_wconf 85' lang='lat' dir='ltr'><em>M</em></span> 
     </span>
     <span class='ocr_line' id='line_1_46' title="bbox 222 4727 2772 4800; baseline -0 -21"><span class='ocrx_word' id='word_1_456' title='bbox 222 4729 272 4778; x_wconf 75' lang='lat'><strong>‘27</strong></span> <span class='ocrx_word' id='word_1_457' title='bbox 301 4732 462 4783; x_wconf 74' lang='lat' dir='ltr'><strong>laetum</strong></span> <span class='ocrx_word' id='word_1_458' title='bbox 499 4747 626 4784; x_wconf 87' lang='lat' dir='ltr'><strong>uero</strong></span> <span class='ocrx_word' id='word_1_459' title='bbox 665 4733 738 4784; x_wconf 84' lang='lat' dir='ltr'><em>M</em></span> <span class='ocrx_word' id='word_1_460' title='bbox 871 4734 940 4785; x_wconf 80' lang='lat'><strong>29</strong></span> <span class='ocrx_word' id='word_1_461' title='bbox 975 4733 1244 4800; x_wconf 69' lang='lat' dir='ltr'><strong>hyl-sutum</strong></span> <span class='ocrx_word' id='word_1_462' title='bbox 1281 4733 1403 4784; x_wconf 86' lang='grc' dir='ltr'><strong>ΒΜ</strong></span> <span class='ocrx_word' id='word_1_463' title='bbox 1537 4731 1600 4783; x_wconf 87' lang='grc'><strong>31</strong></span> <span class='ocrx_word' id='word_1_464' title='bbox 1642 4733 1777 4782; x_wconf 88' lang='lat' dir='ltr'><strong>Inter</strong></span> <span class='ocrx_word' id='word_1_465' title='bbox 1808 4744 1971 4797; x_wconf 86' lang='lat' dir='ltr'><strong>paene</strong></span> <span class='ocrx_word' id='word_1_466' title='bbox 2008 4745 2122 4780; x_wconf 88' lang='lat' dir='ltr'><strong>cum</strong></span> <span class='ocrx_word' id='word_1_467' title='bbox 2157 4746 2188 4781; x_wconf 85' lang='lat' dir='ltr'><strong>a</strong></span> <span class='ocrx_word' id='word_1_468' title='bbox 2221 4739 2271 4779; x_wconf 90' lang='lat' dir='ltr'><strong>et</strong></span> <span class='ocrx_word' id='word_1_469' title='bbox 2306 4745 2436 4795; x_wconf 88' lang='lat' dir='ltr'><strong>pene</strong></span> <span class='ocrx_word' id='word_1_470' title='bbox 2470 4731 2583 4780; x_wconf 89' lang='lat' dir='ltr'><strong>sine</strong></span> <span class='ocrx_word' id='word_1_471' title='bbox 2610 4744 2642 4779; x_wconf 79' lang='lat' dir='ltr'><strong>a</strong></span> <span class='ocrx_word' id='word_1_472' title='bbox 2674 4727 2772 4778; x_wconf 87' lang='lat' dir='ltr'><strong>hoc</strong></span> 
     </span>
     <span class='ocr_line' id='line_1_47' title="bbox 221 4799 2026 4871; baseline 0 -23"><span class='ocrx_word' id='word_1_473' title='bbox 221 4799 388 4854; x_wconf 73' lang='lat' dir='ltr'><strong>interest</strong></span> <span class='ocrx_word' id='word_1_474' title='bbox 415 4805 547 4868; x_wconf 84' lang='lat' dir='ltr'><strong>qnod</strong></span> <span class='ocrx_word' id='word_1_475' title='bbox 580 4818 720 4870; x_wconf 87' lang='lat' dir='ltr'><strong>pene</strong></span> <span class='ocrx_word' id='word_1_476' title='bbox 758 4803 818 4852; x_wconf 88' lang='lat' dir='ltr'><em>M</em></span> <span class='ocrx_word' id='word_1_477' title='bbox 923 4803 992 4855; x_wconf 79' lang='lat'><strong>32</strong></span> <span class='ocrx_word' id='word_1_478' title='bbox 1021 4819 1156 4871; x_wconf 63' lang='lat' dir='ltr'><strong>pene</strong></span> <span class='ocrx_word' id='word_1_479' title='bbox 1194 4819 1314 4854; x_wconf 88' lang='lat' dir='ltr'><strong>uero</strong></span> <span class='ocrx_word' id='word_1_480' title='bbox 1353 4802 1684 4853; x_wconf 68' lang='lat' dir='ltr'><strong>fortissimam</strong></span> <span class='ocrx_word' id='word_1_481' title='bbox 1723 4810 1921 4868; x_wconf 79' lang='lat' dir='ltr'><strong>partem</strong></span> <span class='ocrx_word' id='word_1_482' title='bbox 1962 4800 2026 4849; x_wconf 91' lang='lat' dir='ltr'><em>M</em></span> 
     </span>
    </p>
   </div>
  </div>
 </body>
</html>
