3434 5442
1120 331 1496 397 APPENDIX
1541 336 1620 397 75
1631 338 1741 397 -1
1761 334 1835 398 10
2646 334 2771 399 203

351 518 512 581 Inter
539 527 814 599 tempore
851 527 910 583 et
953 520 1208 600 tempori
1245 521 1362 583 hoc
1391 522 1656 593 interest,
1703 522 1862 602 quod
1898 528 2167 600 tempore
2210 450 2769 585 ablafivffllimcalsum

193 621 466 700 temporis
502 620 812 700 significat,
856 624 1112 703 tempori
1155 640 1296 685 vero
1339 622 1686 685 adverbium
1732 642 1863 687 esse
1906 626 2289 687 demonstrat.

349 722 514 785 Inter
555 722 814 785 Fructus
852 731 914 786 et
949 724 1222 787 fructuus
1265 726 1382 788 hoc
1421 728 1696 796 interest,
1746 726 1901 805 quod
1946 726 2199 789 Fructus
2244 724 2523 787 vocabula
2578 726 2769 787 homi-

189 842 320 885 num
365 826 724 904 accipimus,
761 826 876 889 hoc
913 834 1002 889 est
1045 828 1282 889 nomina
1327 829 1568 908 propria
1605 828 2021 907 significamus,
2068 825 2341 889 fructuus
2385 845 2525 889 vero
2566 828 2769 909 appel-

188 924 344 987 lativa
391 929 634 991 nomina
679 945 810 991 esse
852 931 1324 1007 pronuntiamus.
2818 954 2843 993 ε,

345 1028 511 1091 Inter
571 1030 728 1091 visos
783 1037 842 1092 et
895 1032 1093 1093 visuus
1148 1031 1262 1093 1106
1325 1032 1602 1101 interest,
1663 1030 1825 1111 quod
1880 1030 2036 1093 visos
2096 1030 2403 1111 participia
2456 1032 2767 1110 significat,

187 1130 376 1191 visuus
417 1150 562 1193 vero
603 1148 820 1194 nomen
863 1132 1276 1213 appellativum
1323 1150 1454 1195 esse
1497 1133 1881 1195 demonstrat.

339 1232 508 1295 Inter
560 1233 778 1297 Bassos
832 1242 892 1297 et
943 1234 1194 1298 bassuus
1245 1235 1362 1297 hoc
1415 1237 1692 1305 interest,
1750 1235 1908 1315 quod
1962 1232 2177 1299 Bassos
2236 1234 2478 1296 nomina
2522 1235 2762 1313 propria

184 1334 460 1413 designat,
508 1334 760 1397 bassuus
803 1354 946 1397 vero
988 1333 1333 1417 appellativa
1377 1338 1612 1399 nomina
1658 1354 1791 1399 esse
1834 1336 2217 1399 demonstrat.

339 1436 508 1498 Inter
535 1436 782 1499 similem
828 1444 888 1499 et
925 1438 1274 1501 similantem
1307 1438 1422 1501 hoc
1453 1439 1717 1510 interest,
1763 1439 1921 1518 quod
1961 1438 2209 1501 similem
2250 1436 2425 1501 talem
2456 1438 2761 1516 significat,
2796 1460 2845 1504 ιο

185 1536 531 1601 similantem
573 1557 718 1601 vero
755 1540 1138 1603 mentientem
1186 1541 1570 1606 demonstrat.

339 1640 506 1702 Inter
559 1648 728 1703 ortus
781 1650 842 1703 et
881 1641 1092 1705 hortus
1145 1642 1262 1704 1106
1313 1644 1592 1715 interest,
1647 1643 1809 1722 quod
1862 1650 2030 1705 ortus
2078 1659 2395 1723 processus
2452 1643 2761 1721 significat,

187 1740 382 1805 hortus
419 1760 563 1804 vero
607 1760 784 1821 agros
827 1761 1110 1806 amoenos
1153 1762 1286 1807 esse
1322 1744 1704 1807 demonstrat.

343 1844 508 1906 [nter
554 1844 790 1907 sobriae
843 1854 903 1907 et
944 1846 1142 1909 sobrie
1195 1846 1310 1909 1106
1362 1848 1638 1917 interest,
1693 1847 1855 1925 quod
1910 1846 2147 1908 sobriae
2199 1864 2419 1909 nomen
2476 1846 2761 1926 designat,

185 1944 368 2007 sobrie
414 1953 616 2009 autem
657 1947 1000 2010 adverbium
1047 1966 1177 2011 esse
1221 1947 1604 2011 demonstrat.
2788 1968 2838 2009 ¹⁵

339 2049 506 2111 lnter
547 2051 824 2112 feminam
869 2058 928 2112 et
969 2050 1186 2113 femina
1225 2050 1338 2111 hoc
1373 2052 1648 2121 interest,
1707 2050 1866 2130 quod
1912 2052 2189 2113 feminam
2226 2048 2529 2113 homiuem
2581 2052 2760 2130 signi-

185 2152 323 2223 ficat,
369 2151 594 2213 femina
632 2159 826 2215 autem
863 2151 1090 2214 femora
1133 2171 1266 2215 esse
1309 2152 1693 2215 demonstrat.

339 2252 503 2315 Inter
545 2272 770 2316 marem
810 2262 868 2316 et
907 2273 1072 2317 mare
1131 2254 1245 2317 hoc
1287 2255 1557 2326 interest,
1609 2255 1772 2333 quod
1811 2272 2037 2317 marem
2094 2252 2419 2316 masculum
2476 2253 2759 2333 designat,

187 2372 334 2416 mare
373 2372 516 2417 vero
561 2354 920 2418 elementum
966 2374 1330 2436 aequoreum
1373 2375 1504 2419 esse
1541 2357 1925 2419 demonstrat.

336 2456 502 2519 lnter
557 2476 762 2539 pyram
819 2465 878 2521 et
929 2460 1126 2538 pirum
1191 2459 1308 2521 hoc
1362 2462 1639 2529 interest,
1706 2458 1866 2538 quod
1930 2476 2135 2540 pyram
2192 2456 2387 2520 locum
2451 2458 2757 2521 ardentem
2786 2481 2839 2522 20

186 2557 475 2637 significat,
519 2560 715 2640 pirum
757 2578 900 2623 vero
943 2578 1186 2639 pomum
1227 2578 1356 2623 esse
1401 2560 1785 2625 demonstrat.

337 2661 502 2724 Inter
537 2663 896 2743 principium
947 2670 1008 2725 et
1049 2664 1279 2726 initium
1335 2663 1450 2726 hoc
1492 2665 1771 2736 interest,
1831 2664 1987 2747 quod
2036 2664 2390 2742 principium
2432 2658 2460 2747 ΙΙ
2506 2664 2759 2742 primam

187 2770 396 2840 partem
433 2766 718 2827 carminis
760 2766 1079 2844 significat,
1133 2766 1365 2828 initium
1409 2784 1548 2828 vero
1594 2767 1768 2828 unius
1804 2768 2092 2847 cuiusque
2140 2768 2231 2827 rei
2276 2766 2584 2827 incidentis
2624 2784 2759 2826 coe-

189 2872 334 2943 ptum
373 2884 508 2929 oese
547 2866 930 2930 demonstrat.
1355 2932 1364 2943 ,

337 2968 500 3031 lnter
541 2987 694 3047 opus
741 2976 801 3031 et
842 2986 1086 3049 operam
1141 2970 1256 3032 1106
1294 2970 1568 3059 interest)
1627 2968 1787 3048 quod
1832 2988 1983 3050 opus
2026 2969 2083 3031 id
2130 2968 2287 3051 quod
2334 2970 2399 3031 fit
2450 2968 2753 3050 significat,
2784 2991 2835 3032 25

188 3087 408 3148 operam
453 3090 598 3133 vero
643 3090 677 3133 a
722 3091 836 3152 qua
877 3072 945 3134 flt
986 3080 1115 3133 esse
1155 3072 1537 3134 demonstrat.

335 3173 500 3234 luter
545 3172 782 3235 foedum
841 3182 900 3235 et
945 3174 1153 3237 foedus
1203 3174 1318 3235 1106
1371 3176 1648 3245 interest,
1705 3174 1864 3255 quod
1926 3174 2165 3236 foedum
2218 3183 2392 3253 turpe
2448 3174 2755 3254 significat,

189 3274 374 3336 foedus
413 3294 558 3337 vero
601 3277 694 3339 ius
736 3276 1052 3339 iurandum
1099 3295 1230 3338 esse
1271 3276 1653 3339 demonstrat.

335 3376 498 3440 luter
541 3377 789 3441 oblitum
829 3385 889 3441 et
921 3376 1169 3440 oblitum
1211 3379 1327 3441 hoc
1363 3380 1626 3450 interest,
1672 3378 1833 3460 quod
1863 3375 2110 3440 oblitum
2144 3384 2421 3458 correpte
2448 3378 2757 3457 perfusum

188 3477 469 3555 significat,
518 3480 762 3544 oblitum
809 3490 1006 3544 autem
1041 3480 1332 3561 producte
1377 3483 1788 3543 immemorem
1832 3498 1961 3543 esse
2000 3482 2384 3543 demonstrat.
2779 3500 2832 3543 ao

338 3584 500 3645 luter
537 3583 796 3645 concidit
839 3592 898 3646 et
943 3584 1201 3645 concidit
1240 3583 1358 3645 hoc
1389 3584 1663 3654 interest,
1725 3584 1885 3663 quod
1926 3585 2182 3646 concidit
2224 3592 2499 3664 correpte
2544 3583 2756 3645 cecidit

187 3684 476 3760 significat,
524 3686 783 3748 concidit
825 3694 1020 3748 autem
1064 3686 1354 3764 producte
1399 3687 1578 3747 scidit
1616 3704 1745 3748 esse
1788 3688 2165 3748 demonstrat.

338 3789 498 3850 luter
535 3790 749 3850 occidit
795 3796 855 3849 et
897 3788 1114 3850 occidit
1164 3789 1282 3850 hoc
1325 3789 1600 3859 interest,
1663 3788 1823 3869 quod
1872 3789 2087 3851 occidit
2126 3796 2403 3869 correpte
2456 3796 2753 3853 mortuum

187 3886 472 3964 significat,
517 3891 730 3953 occidit
765 3898 962 3953 autem
1008 3890 1296 3972 producte
1340 3892 1618 3953 interficit
1660 3890 2045 3953 demonstrat.

335 4092 534 4155 Moror
603 4111 788 4156 conor
854 4094 1104 4157 auxilior
1163 4094 1468 4174 ingredior
1531 4100 1852 4175 percontor
1910 4095 2178 4173 gratulor
2240 4114 2479 4173 grassor
2538 4094 2753 4176 loquor
2780 4112 2831 4153 as

191 4192 380 4255 molior
420 4196 640 4275 fungor
691 4197 882 4259 laetor
929 4195 1218 4278 polliceor
1261 4198 1532 4276 suspicor
1583 4198 1809 4259 morior
1860 4197 2083 4277 largior
2138 4199 2408 4276 paciscor
2459 4200 2753 4275 suffragor

191 4296 444 4359 moderor
481 4318 664 4362 venor
709 4299 957 4361 insidior
997 4300 1208 4381 epulor
1251 4316 1515 4378 auguror
1556 4300 1759 4379 privor
1798 4294 2088 4363 misereor
2126 4298 2413 4361 recordor
2454 4297 2753 4381 obsequor

191 4396 446 4463 adversor
511 4402 816 4479 gratificor
883 4401 1108 4482 glorior
1159 4401 1440 4464 'arbitror
1514 4447 1772 4465 .....
1847 4402 2107 4465 sabricor
2178 4402 2391 4464 diduor
2470 4390 2753 4464 moechor

305 4548 336 4595 4
370 4546 660 4613 accepimus
697 4547 748 4597 B
885 4547 920 4598 9
955 4562 1178 4599 uassuus
1213 4550 1372 4609 (corr.
1411 4548 1656 4614 bassaus)
1691 4562 1816 4599 uero
1850 4548 1931 4600 B.-
1963 4550 2033 4613 cf.
2074 4548 2230 4599 Proh.
2260 4562 2317 4612 ρ.
2344 4546 2447 4599 322
2483 4551 2563 4601 ed.
2597 4551 2751 4603 Vind.

311 4614 372 4664 18
411 4630 552 4667 mare
581 4618 864 4669 masculum
899 4617 952 4669 B
1123 4616 1190 4670 19
1225 4632 1500 4681 aquareum
1534 4618 1587 4669 B
1796 4620 1865 4672 23
1892 4620 2060 4670 carnis
2100 4634 2240 4672 corr.
2278 4619 2518 4669 carminis
2557 4619 2667 4689 ‘th‘
2702 4636 2751 4670 m

190 4694 292 4731 vero
319 4684 474 4737 tribus
497 4690 700 4751 punctis
733 4692 936 4739 notato’
975 4687 1028 4739 B
1191 4686 1262 4740 30
1290 4687 1549 4755 significat
1584 4696 1634 4739 et
1670 4688 1884 4739 oblitum
1924 4696 2092 4739 nutem
2126 4689 2177 4739 B
2348 4688 2416 4741 32
2453 4691 2607 4742 scidit
2638 4706 2753 4743 esse

193 4748 478 4805 demonstrat
502 4774 566 4811 v.-
603 4761 653 4808 in
688 4760 740 4810 B
774 4763 1014 4822 ‘praeter
1047 4774 1074 4810 s
1110 4766 1162 4809 et
1189 4761 1496 4823 partientem
1533 4754 1636 4809 τοῦ
1672 4774 1700 4807 6
1730 4758 1853 4811 nihil
1882 4764 2149 4824 σωριτῶν
2187 4760 2354 4811 editor
2395 4761 2752 4815 Vindobonen-

190 4821 252 4869 *τ’*
377 4824 444 4879 38
485 4826 694 4894 diduor]
731 4829 918 4896 dignor
951 4831 1163 4881 conieci!
1198 4830 1364 4882 editor·
1406 4828 1809 4882 Vindobonemis
1946 4844 2151 4881 moecor
2177 4828 2230 4879 B
