3434 5442
1180 304 1597 367 CATnoucA
1644 307 1722 367 ιιι
1761 305 1926 367 3-6
2169 275 2176 283 ’
2279 327 2283 331 -
2767 310 2846 373 35

360 433 403 473 ρ.
428 419 547 463 usi.
564 420 616 461 aa
640 420 691 462 r.
2437 436 2480 477 p.
2515 423 2672 465 1³⁷.ae
2697 424 2746 465 L.

264 498 502 567 quartae
543 490 991 573 coniugationis,
1038 496 1237 571 specie
1276 492 1535 571 perfecta
1574 492 1790 554 facient
1837 494 1888 553 vi
1929 490 2016 553 vel
2053 495 2110 561 ii.
2159 502 2224 555 ut
2269 494 2402 555 ineo
2447 496 2556 555 inis
2593 496 2728 557 inivi
2759 494 2848 557 vel

262 592 387 660 inii:
434 594 483 651 si
528 609 645 651 non
690 594 990 660 venerint.
1039 593 1333 655 secundae
1380 602 1555 654 erunt
1594 596 2022 673 coniugationis
2069 598 2170 656 nui
2225 596 2496 657 facientia
2549 598 2622 681 in·
2649 600 2847 675 specie

260 694 547 771 perfecta,
602 712 817 756 moneo
862 713 1070 756 mones
1114 697 1333 756 monui.
1428 714 1462 754 o
1504 702 1641 756 ante
1682 714 1755 756 eo
1801 694 2075 757 habentia
2129 698 2338 757 tertiae
2385 698 2741 777 productae,
2787 698 2848 759 id

260 802 344 855 oet
382 800 629 874 quartae
666 802 801 855 sunt
846 798 1273 875 coniugationis
1310 798 1363 857 vi
1399 795 1491 857 vel
1532 797 1575 855 ii
1618 797 1884 858 facientia
1931 799 1990 858 in
2029 800 2226 877 specie
2268 800 2547 878 perfecta,
2595 807 2660 860 ut
2703 818 2850 861 coeo

259 896 375 955 cois
417 896 569 956 coiri
608 896 699 958 vel
743 898 875 959 coii.
945 916 1017 976 p:
1066 898 1220 958 hanc
1261 896 1513 959 litteram
1560 906 1695 959 ante
1743 916 1813 960 eo
1858 897 2103 960 verbum
2151 900 2378 962 habens
2423 918 2542 961 non
2585 902 2844 979 repperi.
2900 929 2926 968 ο

258 1015 325 1075 q:
372 996 529 1057 hanc
573 1016 813 1077 quoque
852 998 1107 1060 litteram
1154 1006 1289 1061 ante
1334 1016 1406 1059 eo
1462 1016 1756 1079 nusquam
1803 1002 2060 1081 repperi.
2149 1018 2212 1063 r:
2261 1001 2408 1063 haec
2465 1001 2658 1064 littera
2714 1010 2850 1064 ante

258 1117 325 1158 eo
361 1100 553 1176 posita
598 1101 1362 1179 secundae-coniugationis
1405 1102 1558 1178 regit
1590 1100 1789 1167 verba.
1838 1104 1932 1162 rui
1975 1103 2196 1163 faciunt
2239 1105 2296 1165 in
2335 1105 2534 1182 specie
2563 1104 2845 1183 perfecta,

258 1218 429 1260 careo
474 1218 647 1262 cares
690 1202 885 1272 carui;
948 1203 1153 1265 tertiae
1195 1202 1516 1281 productae
1571 1203 1625 1262 vi
1682 1202 1766 1263 vel
1824 1204 1892 1272 ii,
1953 1211 2021 1265 ut
2074 1222 2254 1283 pereo
2307 1206 2468 1285 peris
2525 1207 2706 1284 perivi
2758 1204 2850 1265 vel

256 1302 419 1379 perii.
513 1320 543 1361 s
588 1310 725 1364 ante
768 1322 839 1364 eo
880 1308 1068 1385 posita
1121 1322 1301 1367 unum
1349 1305 1589 1383 repperi
1636 1304 1880 1365 verbum
1941 1306 2146 1365 tertiae
2190 1306 2516 1384 productae
2561 1306 2636 1367 ivi
2679 1306 2768 1367 vel
2809 1307 2850 1367 ii

258 1402 477 1464 faciens
536 1405 593 1465 in
650 1406 849 1481 specie
904 1406 1199 1485 perfecta,
1256 1412 1495 1467 transeo
1554 1406 1796 1467 transivi
1837 1406 1924 1466 vel
1981 1408 2207 1467 transii.
2294 1415 2349 1467 t:
2394 1408 2548 1468 hanc
2592 1406 2848 1469 litteram
2878 1434 2928 1475 ιο

260 1511 389 1566 ante
432 1525 507 1567 eo
548 1507 776 1575 inveni,
834 1508 939 1569 sed
1000 1508 1175 1571 verba
1224 1508 1523 1569 secundae
1580 1502 2005 1585 coniugationis
2057 1515 2364 1585 regentem
2423 1516 2482 1569 et
2539 1508 2848 1570 facientem

264 1608 521 1683 speciem
570 1608 893 1686 perfectam
936 1609 1049 1677 tui,
1108 1617 1173 1669 ut
1214 1607 1367 1670 lateo
1411 1608 1582 1678 latui,
1644 1617 1814 1688 pateo
1861 1610 2040 1687 patui.
2131 1611 2336 1671 tertiae
2391 1610 2744 1688 productae,
2791 1610 2850 1673 id
2961 1654 2970 1674 ,

260 1713 347 1768 est
387 1718 641 1786 quartae
690 1711 1120 1789 coniugationis
1150 1712 1195 1771 si
1232 1712 1531 1771 inventum
1564 1705 1592 1793 ΙΙ
1622 1711 1816 1779 fuerit,
1863 1712 2054 1771 veniet
2096 1729 2129 1770 a
2158 1710 2346 1772 verbo
2383 1730 2454 1773 eo
2491 1712 2543 1771 is
2587 1718 2646 1772 et
2681 1712 2853 1773 faciet

260 1810 331 1869 iri
372 1809 463 1870 vel
520 1812 559 1871 ii
618 1813 675 1871 in
726 1813 923 1889 specie
988 1812 1270 1889 perfecta.
1360 1828 1529 1881 nam,
1602 1812 1754 1873 sicut
1811 1820 1946 1873 ante
2010 1811 2214 1882 docui,
2283 1832 2317 1875 e
2379 1821 2514 1875 ante
2579 1832 2614 1873 o
2671 1812 2850 1875 verba

260 1910 533 1973 habentia
580 1914 779 1974 omnia
824 1910 1121 1975 secundae
1164 1921 1301 1975 sunt
1344 1913 1774 1989 coniugationis
1816 1920 2060 1990 excepto
2102 1912 2281 1974 verbo
2327 1932 2396 1975 eo
2440 1916 2508 1983 is,
2553 1922 2611 1974 et
2653 1914 2848 1993 siquid
2883 1942 2930 1983 ιι

245 2012 329 2093 *ab
386 2031 459 2073 eo
528 2015 813 2075 nascitur.
902 2033 1037 2075 nam
1104 2016 1311 2076 tertiae
1372 2022 1507 2075 sunt
1569 2015 1898 2095 productae
1961 2016 2384 2093 coniugationis
2437 2021 2674 2093 praeter
2732 2016 2850 2076 duo

260 2114 433 2175 verba
492 2116 721 2193 primae
774 2117 1230 2194 coniugationiS,
1288 2134 1441 2194 quae
1488 2123 1626 2177 ante
1676 2118 1876 2193 posui,
1933 2134 2202 2177 commeo
2248 2132 2575 2186 commeas,
2623 2134 2852 2179 remeo.

261 2218 423 2277 tertia
468 2216 631 2279 enim
678 2225 950 2296 correpta
996 2217 1329 2296 coniugatio
1371 2237 1443 2279 eo
1482 2236 1601 2279 non
1648 2220 2034 2288 terminatur,
2091 2220 2243 2279 sicut
2284 2236 2468 2298 supra
2511 2220 2850 2280 monstravi.

262 2317 370 2378 hoc
422 2326 625 2379 tamen
678 2320 833 2380 scire
892 2318 1209 2388 debemus,
1271 2320 1429 2398 quod
1486 2322 1695 2380 tertiae
1745 2320 2074 2397 productae
2134 2320 2588 2397 coniugationis,
2645 2319 2702 2381 id
2765 2327 2855 2381 est

258 2427 530 2497 quartae,
578 2418 657 2481 ab
702 2440 773 2481 eo
814 2423 1051 2482 veniens
1087 2422 1317 2499 species
1364 2421 1625 2499 perfecta
1680 2422 1915 2483 duobus
1960 2429 2186 2483 tantum
2233 2422 2426 2483 modis
2465 2424 2840 2490 terminatur,
2873 2450 2925 2493 ω

259 2522 329 2581 ivi
386 2522 475 2582 vel
535 2523 593 2582 ii.
688 2541 751 2583 v:
800 2522 955 2583 hanc
994 2522 1247 2583 litteram
1314 2529 1450 2584 ante
1512 2542 1583 2584 eo
1636 2524 1886 2601 positam
1955 2522 2202 2584 verbum
2262 2521 2490 2584 habens
2555 2522 2851 2585 secundae

262 2626 497 2702 repperi
542 2624 975 2700 coniugationis
1020 2625 1277 2703 speciem
1321 2624 1642 2703 perfectam
1689 2624 1908 2687 faciens
1949 2626 2042 2695 ivi,
2089 2626 2332 2687 coniveo
2363 2626 2598 2687 conives
2628 2627 2848 2694 coniti:

262 2724 459 2785 Cicero
503 2728 741 2805 ‘siqui
786 2727 1000 2789 exire
1048 2726 1313 2795 velint,
1362 2726 1707 2787 conivere
1740 2730 2122 2804 possum’:
2164 2734 2223 2787 et
2266 2744 2444 2788 cereo
2481 2745 2652 2788 ceves
2695 2725 2848 2795 cevi;

262 2824 495 2887 Persius
563 2831 721 2895 εειιι,
784 2826 1137 2896 Romule,
1204 2828 1509 2888 cevesi’.
1601 2846 1635 2887 x
1690 2848 1726 2907 y
1772 2847 1834 2888 z:
1901 2828 2008 2889 bas
2049 2827 2274 2891 litteras
2333 2836 2470 2890 ante
2533 2846 2604 2891 eo
2673 2828 2850 2889 verba

262 2928 533 2989 babentia
574 2946 865 3007 nusquam
913 2930 1169 3007 repperi.
2875 2958 2927 2999 2³

426 3028 720 3099 Quoniam
764 3029 1149 3107 sufficienter,
1196 3037 1260 3091 ut
1289 3029 1565 3099 arbitror,
1610 3030 1685 3091 (le
1717 3030 1911 3092 verbis
1941 3050 1974 3091 e
2003 3041 2139 3093 ante
2183 3050 2218 3091 o
2263 3031 2619 3094 habentibus
2651 3031 2848 3101 docui,

265 3150 634 3211 consequens
673 3128 683 3211 Ι
722 3139 865 3210 puto
906 3132 980 3193 de
1018 3131 1113 3192 his
1158 3139 1432 3201 tractare,
1473 3151 1623 3211 quae
1668 3134 1685 3191 i
1729 3140 1864 3194 ante
1905 3151 1940 3192 ο
1981 3132 2205 3193 habent
2244 3151 2350 3211 per
2394 3132 2656 3211 singulas
2693 3132 2850 3194 litte·

264 3250 355 3291 ras
392 3234 783 3313 antepositas,
833 3251 984 3311 quae
1022 3242 1239 3311 regunt
1280 3235 1533 3311 primam
1580 3235 2054 3311 coniugationem
2097 3234 2188 3295 vel
2236 3236 2468 3297 tertiam
2512 3242 2848 3313 utramque.

266 3352 391 3395 nam
442 3336 707 3397 secunda
758 3337 1095 3413 coniugatio
1140 3354 1211 3397 eo
1268 3343 1491 3396 tantum
1556 3335 1732 3397 modo
1793 3338 2161 3401 terminatur.
2251 3356 2282 3397 a
2327 3344 2464 3397 ante
2508 3338 2568 3397 io
2622 3335 2851 3397 habens

267 3435 507 3498 verbum
555 3438 765 3498 tertiae
810 3445 1120 3514 correptae
1153 3437 1370 3497 inveni
1416 3438 1470 3497 ai
1514 3438 1734 3499 faciens
1793 3440 1850 3498 in
1899 3438 2098 3517 specie
2141 3438 2432 3515 perfecta,
2487 3439 2580 3499 aio
2619 3438 2704 3498 ais
2747 3439 2926 3508 ait,‚0

266 3538 320 3597 ai·
347 3539 475 3599 aisti
516 3540 616 3599 ait.
706 3538 745 3599 b
790 3546 923 3600 ante
959 3540 1017 3600 io
1064 3538 1335 3599 habentia
1385 3540 1589 3599 tertiae
1636 3538 1990 3619 productae,
2042 3538 2098 3599 id
2147 3548 2236 3601 est
2279 3548 2522 3619 quartae
2568 3540 2848 3617 coniuga-

182 3704 193 3711 ,
266 3640 431 3700 tionis
470 3640 671 3703 inveni
718 3642 769 3701 vi
811 3639 896 3701 vel
942 3641 979 3699 ii
1027 3640 1295 3701 facientia
1338 3641 1596 3717 speciem
1642 3642 1986 3721 perfectam,
2033 3642 2228 3703 ambio
2273 3640 2464 3703 ambis
2503 3641 2718 3703 ambivi
2759 3641 2850 3703 vel

266 3740 456 3803 ambii.
519 3761 552 3803 c
590 3748 725 3803 ante
758 3743 813 3802 io
846 3741 1117 3803 habentia
1166 3743 1371 3802 tertiae
1405 3744 1738 3818 productae
1777 3744 1827 3804 vi
1861 3742 1946 3803 vel
1985 3744 2040 3803 xi
2088 3742 2302 3804 facient
2335 3744 2532 3822 specie
2561 3744 2848 3822 perfecta,

267 3826 447 3904 sarcio
478 3844 710 3912 sarcivi,
756 3844 945 3903 vincio
980 3844 1159 3912 vinxi;
1202 3844 1409 3903 tertiae
1444 3862 1582 3905 vero
1612 3851 1926 3923 correptae
1955 3847 2026 3914 ci,
2071 3853 2138 3905 ut
2171 3845 2346 3905 inicio
2381 3846 2572 3907 inieci.
2638 3845 2675 3905 d
2713 3853 2850 3907 ante

229 3993 236 4000 .
268 3944 318 4003 io
346 3964 463 4005 uon
494 3946 712 4006 inveni.
771 3964 833 4006 e:
877 3945 1030 4005 hanc
1060 3963 1297 4024 quoque
1327 3944 1577 4006 litteram
1610 3964 1729 4005 non
1761 3948 1976 4007 inveni.
2041 3947 2068 4006 f
2091 3954 2225 4008 ante
2257 3947 2311 4006 io
2351 3946 2620 4007 babentia
2667 3944 2844 4006 verba
2873 3970 2925 4011 aa

268 4050 469 4107 tertiae
497 4054 639 4107 sunt
672 4034 1015 4125 productae,
1049 4048 1101 4108 vi
1135 4045 1223 4109 vel
1252 4047 1311 4107 fii
1340 4047 1561 4108 faciunt
1590 4048 1788 4125 specie
1819 4050 2097 4127 perfecta,
2129 4048 2300 4109 suffio
2333 4048 2524 4108 suffivi
2553 4047 2642 4108 vel
2673 4047 2844 4109 suffii.

270 4166 441 4209 unum
480 4150 725 4228 repperi
770 4148 1033 4210 eiusdem
1077 4150 1505 4226 coniugationis
1550 4148 1904 4210 defectivum
1950 4166 2190 4227 genere,
2238 4150 2389 4209 sicut
2431 4148 2595 4209 soleo
2639 4148 2848 4209 solitus

270 4266 409 4319 sum,
455 4250 541 4311 sic
586 4248 663 4309 fi'o
708 4250 779 4310 fis
818 4249 1009 4311 factus
1050 4268 1201 4313 sum.
1272 4266 1309 4327 g
1351 4257 1485 4311 ante
1528 4250 1584 4310 io
1626 4250 1852 4311 habens
1892 4250 2138 4313 verbum
2182 4268 2300 4311 non
2345 4250 2556 4311 inveni.
2625 4248 2664 4309 h
2713 4256 2848 4309 ante

400 4506 433 4555 7
470 4504 827 4556 declinationis
863 4519 1049 4571 regens
1074 4504 1125 4553 B
1248 4504 1313 4554 19
1350 4449 1848 4569 igrglterstilgrtt'g'ebzb
1876 4519 1936 4556 eo
1971 4505 2180 4554 ueniens
2216 4506 2384 4554 sciens
2420 4502 2650 4569 perfeeto
2685 4504 2842 4557 duob.

274 4579 455 4625 tantum
490 4575 726 4626 mododis
760 4575 849 4624 iibi
888 4575 971 4623 uel
1006 4575 1043 4623 ii
1071 4574 1123 4624 B
1158 4575 1213 4625 id
1243 4583 1323 4625 eat
1353 4586 1561 4637 quartae
1596 4582 1802 4639 praeter
1837 4575 1938 4624 duo
1976 4574 2132 4623 verba
2162 4574 2226 4623 ab
2263 4588 2323 4624 eo
2361 4576 2614 4623 venientia
2646 4576 2848 4639 species

276 4644 485 4706 perfecta
518 4645 722 4695 duobus
764 4652 957 4695 tautum
998 4644 1165 4694 modis
1204 4644 1529 4710 terminatur,
1580 4645 1649 4693 ivi
1688 4644 1767 4693 vel
1808 4646 1842 4694 ii
1878 4645 2284 4695 Lindemannua:
2332 4642 2388 4693 id
2423 4653 2500 4694 est
2531 4668 2600 4680 —
2637 4646 2848 4693 veniens

274 4726 359 4765 on.
390 4730 424 4771 ς
561 4716 628 4766 22
664 4715 862 4765 faciens
899 4714 969 4763 ibi
1006 4714 1220 4765 conibeo
1256 4714 1464 4763 conibes
1501 4716 1704 4764 conibui
1739 4714 1789 4763 B
1926 4714 1996 4765 23
2031 4728 2186 4763 ceueo
2220 4714 2373 4763 cebes
2405 4714 2552 4765 cebui
2589 4714 2642 4764 B
2778 4714 2847 4763 24

277 4778 493 4851 Persius]
529 4794 628 4835 sat.
672 4786 721 4845 1,
756 4784 825 4835 87
1002 4782 1069 4835 33
1106 4784 1385 4849 productae
1420 4800 1513 4837 om.
1552 4784 1599 4833 B

2350 4868 2442 4933 3*

2914 4615 2947 4649 Ι
