3434 5442
1498 1197 1607 1249 IX.

368 1349 495 1444 llll
546 1349 864 1444 Plinii!
916 1349 1088 1458 ovi
1139 1349 1562 1445 niclivlt
1611 1349 2095 1446 Nouum
2145 1350 2733 1446 inunum)

1176 1502 1920 1598 AtPnAnlii'lco.

1370 1793 1726 1804 -——

414 2001 685 2056 lohannes
714 1998 1056 2061 Mareanova,
1108 2013 1269 2073 quem
1302 2015 1467 2074 supra
1497 2017 1551 2073 p.
1581 2001 1685 2052 269
1712 1997 1946 2054 diximus
1977 1999 2042 2054 ad
2073 1998 2492 2072 inscriptionum
2523 2016 2686 2074 quam
2715 1999 2849 2056 fecit

242 2085 498 2159 syllogen
550 2086 810 2141 adiecisse
854 2084 1359 2142 commentariolum
1398 2083 1565 2140 Probi
1604 2085 1928 2157 genuinum,
1962 2101 2027 2140 eo
2057 2101 2166 2139 non
2199 2091 2491 2140 contentus
2542 2093 2847 2159 nactusque

240 2178 529 2244 praeterea
562 2178 814 2226 notarum
843 2168 1089 2225 libellum
1120 2168 1352 2224 alterum
1383 2185 1506 2226 eum
1538 2185 1700 2242 quem
1731 2168 1834 2224 sub
1859 2168 2095 2224 Vaticani
2125 2169 2346 2224 nomine
2369 2187 2536 2242 supra
2565 2172 2736 2242 p.304
2759 2187 2842 2244 sq.

241 2255 533 2317 edidimus,
557 2256 611 2310 in
636 2253 744 2310 fine
766 2261 944 2310 tamen
970 2253 1044 2308 ita
1066 2253 1461 2327 imperfectum,
1486 2259 1549 2310 ut
1571 2260 1720 2310 extat
1741 2254 1795 2308 in
1818 2253 2003 2310 codice
2021 2253 2300 2325 chigiano,
2325 2255 2669 2311 concinnavit
2691 2262 2847 2311 nota-

240 2356 365 2395 rum
388 2339 715 2396 laterculum
739 2337 1035 2395 secundum
1059 2337 1365 2395 litterarum
1388 2338 1631 2395 ordinem
1654 2337 1928 2412 digestum
1953 2338 2291 2412 eundemque
2311 2345 2504 2412 postea
2528 2337 2654 2394 data
2679 2355 2846 2413 opera

242 2443 306 2480 cx
351 2423 626 2498 lapidibus
664 2425 988 2498 praesertim
1030 2423 1197 2479 auxit.
1256 2422 1601 2480 Laterculum
1646 2424 1791 2480 hunc
1831 2425 1886 2479 in
1927 2422 2221 2480 Mutinensi
2270 2423 2413 2480 libro
2469 2440 2580 2480 non
2631 2421 2842 2502 inveni}

240 2508 465 2565 exhibet
505 2527 630 2566 eum
668 2509 957 2564 Beruensis
1000 2507 1039 2563 s.
1073 2510 1355 2562 194--201
1397 2507 1687 2565 absolutus
1729 2526 1776 2565 a.
1811 2510 1945 2562 1460
1981 2515 2037 2563 et
2077 2507 2201 2564 inde
2241 2507 2504 2582 descripti
2549 2507 2674 2564 libri
2717 2508 2844 2572 duo,

241 2593 385 2650 alter
414 2593 635 2650 comitis
666 2593 785 2650 lulii
812 2592 987 2649 Porro
1019 2591 1435 2650 Mediolanensis
1464 2595 1597 2650 mihi
1627 2592 1937 2667 descriptus
1967 2592 2034 2650 ab
2063 2592 2260 2656 saffeo,
2303 2599 2522 2667 praeter
2551 2600 2712 2651 notas
2741 2593 2843 2650 has

241 2678 435 2736 medici
460 2679 768 2752 argumenti
796 2683 1061 2736 tractatus
1085 2677 1295 2752 aliquot
1320 2679 1651 2752 complexus,
1674 2677 1816 2734 alter
1837 2677 2174 2735 Monacensis
2197 2695 2250 2732 n.
2265 2681 2367 2733 369
2394 2678 2705 2752 descriptus
2729 2695 2847 2735 mea

241 2781 407 2820 causa
436 2763 507 2820 ab
536 2763 763 2826 Halmio,
796 2762 851 2818 in
882 2779 991 2837 quo
1024 2764 1157 2820 haec
1186 2763 1461 2838 reperitur
1490 2763 1850 2837 subscriptio:
1897 2760 2144 2834 ‘scripsi
2165 2762 2574 2820 Har-emamus
2604 2763 2850 2820 Schedel

242 2855 483 2920 accepto
524 2854 580 2904 et
609 2853 744 2904 ante
766 2846 1096 2920 perfectum
1126 2849 1465 2920 opusculum
1494 2849 1748 2905 nondum
1779 2849 1970 2920 posito
1997 2848 2220 2905 calamo
2250 2847 2579 2905 ICCCGLX
2591 2847 2644 2904 V
2663 2851 2724 2903 in
2753 2849 2846 2904 die

240 2935 505 2990 cinerum
544 2933 767 2990 Padue.
827 2933 986 2990 Laus
1025 2934 1201 2996 deo',·
1260 2934 1461 3008 quibus
1501 2933 1712 2990 accedit
1752 2935 1952 3007 opinor
1994 2934 2190 2989 tertius
2228 2932 2510 2990 Parisinus
2550 2934 2743 3004 suppl.
2773 2934 2846 2988 de

244 3019 427 3075 Notre
456 3019 645 3074 Dame
672 3021 776 3074 258
803 3018 841 3074 s.
874 3019 943 3072 49
972 3035 1055 3092 sq.
1088 3019 1331 3093 scriptus
1361 3017 1583 3075 viterbii
1616 3037 1664 3076 a.
1698 3021 1848 3073 1466.
1909 3017 2124 3074 Subieci
2154 3018 2472 3092 speciminis
2501 3035 2666 3076 causa
2692 3018 2846 3073 litte·

244 3119 355 3160 ram
370 3104 437 3167 A,
469 3109 640 3178 prout
667 3103 873 3176 legitur
900 3103 957 3158 in
988 3102 1129 3160 libro
1148 3103 1433 3168 Beruensi;
1466 3103 1539 3160 ihi
1570 3111 1762 3177 postea
1787 3119 1926 3176 quae
1958 3111 2088 3158 sunt
2117 3102 2326 3160 adiecta
2347 3119 2448 3160 nec
2468 3103 2596 3160 dum
2619 3103 2845 3159 fuerunt

242 3191 295 3244 in
316 3187 466 3246 libro
496 3205 623 3246 cum
652 3188 904 3245 viderunt
930 3205 1057 3245 eum
1086 3195 1197 3244 tam
1226 3188 1677 3246 Mediolanensem
1708 3187 1906 3245 librum
1937 3190 2032 3262 qui
2063 3189 2289 3262 scripsit
2303 3204 2480 3263 ‚quam
2503 3188 2841 3251 Schedelius,

242 3276 425 3332 notavi
456 3275 742 3332 asterisco.

722 3375 751 3427 1
805 3377 857 3428 Α
1139 3369 1323 3432 Aulus

718 3479 753 3529 2
804 3480 954 3542 Αυς
1142 3475 1442 3552 Augustus

722 3579 755 3630 3
806 3581 908 3632 ΛΑ
1143 3575 1401 3652 Augusta

719 3683 753 3731 4
806 3683 905 3734 ΑΛ
1140 3676 1475 3756 Augustalis

719 3783 752 3834 5
805 3786 953 3836 Αυκ
1132 3778 1407 3840 Aurelius

720 3885 757 3936 θ
807 3887 904 3948 Ae
1128 3881 1246 3958 agit

721 3989 755 4038 7
806 3988 898 4039 Ac
1125 3983 1279 4043 actio

720 4088 755 4139 8
806 4091 1011 4143 ΑΕΟΝ
1126 4084 1423 4144 actionum

720 4191 754 4242 9
804 4193 932 4243 Am
1134 4187 1359 4246 amicus

689 4292 753 4343 10
803 4295 1051 4346 ›sm-tw
1138 4286 1363 4349 amicus
1403 4295 1607 4348 noster

692 4393 751 4445 11
804 4397 951 4447 Αυε
1128 4389 1446 4450 auctoritas

690 4496 755 4546 12
803 4499 855 4548 Α
1120 4498 1222 4552 aul.

692 4597 755 4648 13
790 4577 896 4650 -Ᾰῖ
1118 4599 1317 4654 autem

692 4699 754 4749 14
805 4701 1053 4752 Arsi-m·
1110 4696 1403 4757 actionem
1448 4692 1688 4754 mandat

689 4800 755 4853 15
804 4803 903 4878 ΑΡ
1109 4796 1267 4875 apud
