3434 5442
934 328 1330 392 INSTITVTA
1369 328 1650 393 ARTIVM
1696 326 2032 393 248—259
2689 328 2770 393 89

456 446 513 489 ,ε
535 446 587 490 n.
2367 474 2380 487 .
2407 446 2586 489 zea-⁸⁴
2609 444 2667 491 ν.

320 460 360 501 p·
379 446 515 581 lgm
554 520 878 598 quaeritur,
923 517 1073 579 haec
1112 518 1278 598 quies
1334 536 1469 579 cum
1512 517 1697 579 isdem
1741 516 1950 579 litteris
1994 459 2363 579 nominativop
2405 526 2464 579 et
2509 520 2768 581 vocativo

232 638 353 682 casu
390 624 613 683 numeri
652 620 965 700 singularis
1010 614 1347 689 definiatur,
1408 619 1623 701 quibus
1662 626 1722 681 et
1761 618 1863 681 illa
1907 620 2177 690 nomina,
2237 638 2390 699 quae
2431 620 2506 682 ab
2551 644 2586 683 e
2631 639 2768 699 pro-

230 722 383 784 ducto
421 724 615 785 venire
652 719 1002 806 probantur,
1047 742 1162 803 qua
1191 723 1265 785 de
1296 740 1470 785 eausa
1512 724 1675 801 quies
1721 722 1794 784 ad
1837 741 1872 785 e
1911 722 2266 801 productum
2309 740 2429 783 non
2473 724 2772 802 pertinere

230 828 631 903 pronuntietur.
696 826 831 889 hae
870 825 943 887 de
988 843 1182 896 causa,
1229 826 1505 902 quoniam
1548 820 1957 905 quaecumque
2003 825 2239 886 nomina
2282 824 2638 887 nominativo
2683 824 2772 888 vel

230 929 461 989 vocativo
488 944 628 990 casu
670 929 909 989 numeri
942 926 1255 1006 singularis
1294 928 1381 988 ies
1422 926 1633 989 litteris
1674 927 2034 999 definiuntur
2073 934 2134 989 et
2175 945 2282 1005 per
2327 936 2556 989 ceteros
2601 945 2770 989 casus
2819 951 2848 993 5

226 1048 329 1091 non
366 1030 435 1091 ad
480 1048 689 1091 sonum
730 1031 948 1109 speciei
1001 1028 1397 1101 declinantur,
1456 1030 1601 1091 haec
1638 1029 1714 1089 ad
1763 1048 1796 1091 e
1838 1036 2212 1109 correptum,
2267 1047 2388 1090 non
2435 1029 2506 1091 ad
2554 1048 2586 1091 e
2631 1046 2770 1109 pro-

226 1132 441 1193 ductum
477 1134 777 1212 pertinere
830 1132 1301 1211 pronuntiantur.
1388 1148 1549 1193 nunc
1592 1150 1728 1193 cum
1777 1134 1944 1215 quies
2001 1150 2111 1211 per
2163 1138 2394 1194 eeteros
2435 1151 2604 1195 casus
2651 1150 2770 1193 non

224 1234 287 1295 ad
318 1235 561 1297 sormam
604 1236 821 1315 speciei
860 1233 1215 1305 declinetur,
1262 1242 1321 1295 et
1360 1234 1495 1295 ideo
1532 1234 1603 1295 ad
1658 1252 1691 1295 e
1733 1235 2086 1313 productum
2134 1251 2252 1294 non
2296 1237 2592 1313 pertinere
2630 1252 2769 1314 pro·

223 1338 517 1399 nuntiatur.

366 1438 509 1501 Item
564 1440 624 1499 in
676 1438 791 1499 hae
842 1456 1019 1518 supra
1070 1438 1223 1499 dicta
1278 1439 1466 1499 forma
1522 1440 1826 1518 quaeritur
1881 1456 1915 1500 a
1979 1437 2170 1499 Plinio
2215 1438 2518 1510 Secundo,
2575 1439 2770 1519 paries
2797 1458 2847 1501 ιο

223 1542 337 1620 quia
375 1538 557 1603 isdem
595 1526 829 1601 litteris
852 1540 1209 1603 nominativo
1252 1538 1343 1601 vel
1383 1542 1645 1603 vocativo
1690 1560 1832 1604 casu
1887 1543 2118 1603 numeri
2161 1540 2474 1620 singularis
2525 1536 2772 1625 deuflni·

224 1652 328 1713 tur,
382 1642 593 1721 quibus
634 1651 695 1705 et
731 1642 831 1705 illa
886 1644 1155 1713 nomina,
1209 1662 1367 1722 quae
1405 1641 1479 1705 ab
1526 1662 1559 1704 e
1601 1642 1894 1721 producto
1939 1644 2138 1705 venire
2189 1643 2597 1721 reperiuntur,
2655 1662 2772 1724 qua

222 1745 285 1805 de
320 1764 487 1807 causa
527 1763 649 1805 non
694 1752 752 1806 et
790 1744 907 1806 hoc
949 1762 1167 1830 nomen
1220 1746 1295 1807 ad
1338 1765 1369 1807 e
1411 1744 1766 1824 productum
1810 1748 2107 1825 pertinere
2149 1747 2578 1823 pronuntietur.
2667 1746 2768 1807 sed

221 1846 337 1907 huic
376 1848 682 1909 intentioni
718 1864 839 1907 non
874 1847 1115 1926 dignum
1162 1854 1251 1909 est
1286 1848 1683 1927 respondere,
1729 1848 2199 1929 quandoquidem
2241 1848 2372 1909 hoe·
2401 1866 2616 1909 nomen
2659 1866 2772 1909 nee

222 1966 311 2025 per
352 1968 553 2011 omnes
598 1966 789 2019 casus,
834 1950 919 2010 eie
962 1951 1046 2009 uti
1090 1968 1273 2028 supra
1310 1950 1385 2011 de
1428 1951 1623 2029 quiete
1667 1950 2008 2039 docuimuS,
2051 1951 2124 2012 ad
2169 1952 2388 2031 speciei
2429 1949 2847 2013 declinatio-1⁵

222 2068 335 2113 nem
389 2060 731 2130 perseveret
750 2099 767 2123 ,
824 2070 937 2115 nec
979 2068 1201 2133 genera
1256 2051 1575 2115 masculina
1620 2052 1693 2113 ad
1740 2070 1773 2113 e
1813 2054 2168 2132 productum
2208 2053 2584 2133 reperiantur
2634 2070 2773 2133 per·

220 2154 415 2223 tinere;
474 2154 795 2234 siquidem,
856 2154 941 2215 sie
982 2156 1069 2215 uti
1112 2162 1291 2233 supra
1344 2153 1683 2223 docuimus,
1743 2156 1902 2234 quod
1953 2153 2238 2218 ablativus
2293 2173 2462 2218 casus
2507 2174 2540 2216 e
2583 2154 2772 2217 littera

220 2256 475 2332 producta
514 2258 865 2319 terminatus
906 2273 1092 2334 genus
1136 2258 1480 2319 femininum
1524 2255 1715 2324 solum
1759 2256 2032 2319 exhibeat
2073 2264 2318 2319 tantum.

365 2358 507 2420 Item
554 2360 888 2437 quaeritur,
946 2359 1070 2421 dies
1112 2376 1244 2420 cum
1282 2378 1391 2438 per
1435 2376 1641 2421 omnes
1680 2378 1853 2422 casus
1893 2360 1968 2421 ad
2008 2378 2042 2419 e
2076 2358 2431 2438 productum
2477 2360 2774 2439 pertinere

220 2462 552 2538 reperiatur,
599 2479 717 2540 qua
760 2460 835 2523 de
876 2478 1051 2522 causa
1098 2460 1387 2541 Vergilius
1427 2462 1583 2523 diem
1628 2468 1687 2523 et
1731 2461 2054 2525 masculino
2096 2478 2316 2540 genere
2361 2463 2771 2541 pronuntiarit.
2797 2479 2848 2523 ω

220 2580 379 2640 quare
415 2564 531 2625 hoc
570 2580 917 2633 monemus,
964 2564 1120 2643 quod
1162 2565 1279 2625 sint
1320 2563 1528 2644 aliqui,
1582 2564 1682 2644 qui
1731 2564 1848 2625 hoe
1901 2563 2362 2627 adseverantium
2403 2582 2532 2627 esse
2575 2582 2771 2627 sense·

218 2672 355 2734 runt,
396 2666 553 2747 quod
592 2666 719 2727 dies
760 2666 895 2740 ideo
953 2666 1231 2727 feminino
1286 2682 1506 2743 genere
1554 2668 1998 2746 pronuntietur,
2059 2666 2218 2746 quod
2270 2668 2330 2728 in
2376 2667 2776 2729 deminutione

220 2764 419 2829 diecula
460 2767 661 2830 faeere
702 2769 1063 2829 inveniatur:
1105 2768 1245 2829 item
1283 2767 1397 2829 hae
1440 2769 1513 2829 de
1542 2788 1717 2831 causa
1759 2769 1887 2831 dies
1920 2768 2244 2831 masculino
2279 2787 2496 2848 genere
2535 2770 2774 2832 adseve-

219 2877 377 2937 retur,
422 2873 703 2948 quoniam
746 2872 809 2931 in
848 2886 1101 2931 numero
1144 2869 1359 2949 plurali
1402 2870 1609 2933 melius
1652 2888 1866 2933 sonare
1899 2873 2212 2950 reperitur,
2257 2878 2323 2933 ut
2364 2877 2504 2950 puta
2549 2872 2771 2951 optimi,

220 2986 321 3029 non
363 2974 615 3050 optimae
658 2972 801 3035 dies,
892 2990 1049 3033 nunc
1086 2990 1197 3033 nos
1231 2972 1346 3035 hoc
1389 2990 1718 3043 monemus,
1765 2975 2038 3051 quoniam
2085 2990 2490 3054 quaecumque
2534 2974 2772 3036 nomina
2799 2990 2850 3031 τε

220 3072 269 3131 in
306 3076 655 3137 nominativo
700 3092 841 3137 casu
899 3076 1130 3135 numeri
1174 3075 1491 3153 singularis
1534 3094 1643 3155 per
1686 3092 1864 3139 unam
1907 3083 2130 3137 mutam
2174 3093 2388 3137 sonare
2432 3076 2770 3145 audiuntur,

220 3172 440 3237 hoc-est
482 3176 647 3241 nulla
692 3175 803 3238 alia
858 3184 1215 3239 consonante
1269 3186 1505 3256 praeter
1554 3175 1734 3241 unam
1777 3184 1998 3239 mutam
2049 3179 2108 3239 in
2152 3178 2360 3239 eodem
2417 3180 2774 3239 nominativo

222 3294 341 3339 casu
380 3280 613 3342 numeri
650 3278 963 3358 singularis
1006 3279 1189 3343 scribi
1238 3280 1649 3359 reperiuntur,
1712 3280 1858 3343 haec
1905 3286 1964 3341 et
2015 3282 2218 3358 generi
2261 3278 2589 3341 masculino
2633 3278 2772 3341 suh-

220 3377 347 3441 iecta
387 3398 513 3443 esse
556 3382 954 3461 reperiuntur.
1042 3382 1145 3444 sed
1188 3383 1325 3463 quia
1364 3381 1373 3466 fi
1412 3384 1559 3445 ratio
1603 3400 1888 3445 sonorum
1929 3387 2036 3451 est,
2082 3390 2141 3443 et
2179 3382 2310 3444 ideo
2353 3381 2468 3443 hoo
2511 3383 2572 3443 in
2615 3384 2776 3444 sonis

221 3485 453 3560 apertius
492 3482 1049 3546 demonstrabimus
2796 3498 2850 3543 ³⁰

366 3584 531 3647 Nune
574 3586 693 3647 hoc
738 3604 1047 3648 monemus
1091 3588 1151 3647 in
1197 3586 1311 3649 hac
1352 3586 1543 3649 forma
1582 3588 1818 3667 generis
1861 3586 2085 3649 scilicet
2123 3586 2423 3658 feminini,
2469 3604 2584 3667 qua
2625 3587 2775 3649 dixi·

222 3702 333 3747 mus
375 3687 623 3751 ablativo
664 3707 807 3751 casu
850 3691 1081 3751 numeri
1114 3688 1447 3769 ·singularis
1492 3692 1733 3752 nomina
1783 3710 1816 3752 e
1857 3690 2048 3752 littera
2107 3690 2395 3769 producta
2449 3690 2771 3759 terminari,

225 3790 357 3866 quod
398 3808 469 3853 ex
510 3810 579 3853 ea
617 3790 753 3870 plus
790 3809 967 3870 quam
1012 3794 1325 3871 nonaginta
1376 3791 1494 3853 duo
1540 3794 1696 3862 soni,
1759 3793 1876 3856 hoc
1918 3799 2008 3855 est
2053 3792 2186 3873 pius
2233 3811 2410 3872 quam
2458 3793 2773 3869 nonaginta

226 3889 321 3951 duo
354 3895 605 3964 nomina,
647 3911 766 3971 non
808 3896 1033 3973 possint
1074 3893 1358 3956 exhiberi.
1426 3894 1501 3956 de
1538 3895 1728 3956 forma
1763 3896 1998 3972 generis
2039 3895 2324 3963 seminini,
2367 3912 2480 3974 qua
2527 3892 2774 3955 ablativo

226 4010 343 4055 casu
394 3998 625 4057 numeri
682 3996 993 4075 singularis
1052 3998 1291 4057 nomina
1340 4016 1373 4059 e
1426 3996 1617 4059 littera
1670 3978 1964 4077 'producta
2021 3996 2434 4066 terminantur,
2490 4002 2772 4076 quantum
2799 4008 2850 4049 ³⁵

226 4097 351 4157 ratio
390 4098 689 4177 poscebat,
738 4100 1128 4164 tractavimus,

368 4198 449 4262 De
496 4220 531 4262 e
574 4208 867 4279 correpto.
958 4220 991 4262 e
1034 4200 1227 4263 littera
1279 4206 1553 4280 correpta
1598 4200 1880 4263 ablativus
1926 4218 2098 4263 casus
2141 4200 2372 4262 numeri
2401 4194 2432 4285 ss
2457 4197 2776 4277 singularis

230 4302 543 4363 terminatus
612 4320 829 4382 genera
894 4304 1199 4365 nominum
1266 4306 1527 4367 continet
1598 4304 1890 4383 quinque,
1973 4302 2358 4365 masculinum
2427 4301 2772 4363 femininum

228 4410 474 4465 neutrum
520 4423 837 4467 commune
882 4422 1077 4467 omne.

343 4542 377 4591 4
410 4543 757 4607 pronuntietur
787 4558 819 4592 r
850 4543 1205 4609 pronuntiatur
1232 4540 1331 4593 RB
1467 4543 1500 4594 5
1535 4542 1613 4592 ies
1647 4541 1830 4593 litteris
1863 4558 1922 4593 rw
1968 4556 2024 4593 es
2061 4540 2244 4591 litteris
2275 4542 2322 4593 R
2467 4540 2527 4593 ll
2571 4540 2692 4607 quia
2725 4540 2773 4592 R

230 4610 305 4671 qui
326 4626 381 4661 ru
513 4614 596 4664 uel
630 4615 867 4665 uocatiuo
904 4613 951 4665 R
996 4620 1045 4663 et
1079 4615 1317 4663 uocatiuo
1352 4627 1384 4661 r
1416 4612 1501 4663 uel
1539 4612 1764 4665 abiatiuo
1801 4612 1850 4663 B
1990 4611 2054 4664 13
2089 4614 2440 4678 pronuntietur
2472 4627 2504 4661 r
2546 4624 2772 4679 pronun-

230 4678 363 4729 tiatur
392 4680 488 4733 RB
612 4684 681 4733 22
718 4684 829 4735 dies
863 4684 981 4735 ideo
1014 4682 1260 4734 feminino
1286 4696 1477 4750 genere
1509 4686 1864 4749 pronuntietur
1897 4682 1945 4733 R
1981 4683 2118 4734 diem
2152 4684 2270 4734 ideo
2304 4682 2551 4734 feminino
2585 4696 2774 4748 genere

236 4761 331 4799 esse
360 4754 705 4815 pronuntietur
740 4754 789 4805 B
928 4752 997 4805 23
1036 4754 1367 4805 adeeueretur
1399 4753 1447 4804 R
1477 4768 1613 4805 corr.
1650 4754 1982 4805 adseueratur
2009 4754 2062 4803 B
2199 4752 2268 4805 26
2308 4768 2400 4821 per
2433 4754 2482 4806 R
2518 4753 2560 4804 si
2598 4766 2692 4819 per
2726 4752 2774 4803 B

350 4820 413 4873 30
446 4822 903 4877 demonstrabimus
938 4824 985 4877 R
1016 4824 1473 4876 demonstrauimus
1512 4822 1564 4873 B
2551 4862 2556 4869 .
