3434 5442
1718 95 1748 107 d

940 328 1337 402 INSTITVTA
1380 329 1663 393 ARTtvM
1708 328 2044 393 290—312
2685 326 2768 391 95

308 458 347 498 ρ.
376 445 467 487 20⁹.
486 446 535 487 ιο
562 444 613 485 n.
2331 456 2378 498 p.
2405 443 2584 487 ποι-ω
2609 442 2668 487 ν.

231 516 327 577 'iac
358 516 559 587 forma,
582 534 719 594 «φη
748 517 999 579 diximus
1042 535 1221 596 supra
1250 518 1389 579 dicti
1424 519 1663 595 generis
1688 517 1926 578 nomina
1971 517 2324 595 nominativo
2355 534 2494 578 casu
2539 516 2768 577 numeri

214 617 508 694 singularis
550 636 657 679 ans
698 618 909 681 litteris
947 620 1197 689 definiri,
1242 619 1357 680 hoc
1400 637 1711 680 monemus
1755 618 1914 697 quod
1957 637 2132 698 quam
2175 618 2416 697 plurimi
2459 619 2608 685 soni,
2655 618 2770 679 hoc

212 726 291 781 est
338 738 509 798 quam
570 720 821 797 plurima
888 723 1152 791 nomina,
1226 721 1449 799 possint
1517 720 1804 783 exhiberi.
1891 723 2030 783 item
2075 739 2143 783 ex
2191 721 2302 781 hac
2363 720 2585 791 forma,
2654 738 2766 799 qua

212 821 445 883 diximus
486 840 665 902 supra
714 825 917 903 scripti
974 824 1211 900 generis
1264 824 1503 883 nomina
1562 824 1922 883 nominativo
1977 840 2119 883 casu
2173 824 2408 884 numeri
2457 820 2770 899 singularis

210 940 303 983 ens
339 922 545 984 litteris
584 925 845 995 definiri,
890 924 1007 985 hoc
1046 942 1357 986 monemus
1398 925 1557 1002 quod
1599 942 1778 1003 quam
1823 923 2059 1004 plurimi
2095 926 2254 993 soni,
2308 923 2422 985 hoc
2460 932 2548 985 est
2591 942 2766 1003 quani
2819 950 2845 989 s

208 1024 441 1101 plurima
486 1026 746 1097 nomina,
793 1029 1017 1105 possint
1060 1027 1341 1089 exhiberi.
1428 1028 1570 1089 item
1616 1046 1687 1088 ex
1733 1026 1844 1087 hac
1882 1025 2090 1095 forma,
2137 1043 2252 1104 qua
2293 1024 2544 1087 diximus
2588 1042 2766 1103 supra

206 1108 391 1204 scripti
430 1129 678 1203 generis
727 1130 965 1189 nomina
1010 1131 1365 1190 nominativo
1412 1146 1551 1189 casu
1606 1130 1838 1189 numeri
1882 1127 2194 1206 singularis
2235 1145 2332 1189 ers
2373 1127 2582 1189 litteris
2628 1126 2769 1189 defi·

206 1229 322 1295 niti,
366 1228 481 1289 hoc
522 1247 833 1291 monemus
874 1230 1029 1311 quod
1080 1229 1213 1309 plus
1257 1249 1433 1310 quam
1476 1230 1752 1292 undecim
1795 1231 1941 1300 soni,
1990 1230 2104 1291 hoc
2145 1236 2234 1291 est
2275 1247 2452 1309 quam
2493 1228 2768 1291 undecim

206 1330 455 1401 nomina,
516 1350 637 1392 non
692 1334 918 1411 possint
972 1332 1258 1395 exhiberi.
1291 1328 1329 1415 ΙΙ
1372 1333 1513 1395 item
1556 1351 1627 1393 ex
1676 1332 1790 1393 hac
1839 1332 2059 1401 forma,
2117 1350 2234 1409 qua
2285 1333 2536 1393 diximus
2589 1348 2766 1409 supra

204 1434 389 1509 scripti
432 1436 673 1510 generis
731 1436 967 1497 nomina
1010 1435 1365 1496 nominativo
1410 1450 1551 1496 casu
1602 1435 1834 1500 numeri
1877 1432 2192 1512 singularis
2236 1451 2334 1494 ors
2374 1432 2582 1494 litteris
2625 1430 2766 1493 deti-
2796 1456 2846 1497 zo

204 1534 333 1603 uiri,
394 1534 511 1595 hoc
554 1552 867 1599 monemus
921 1537 1078 1615 quod
1132 1534 1263 1615 plus
1318 1554 1495 1615 quam
1560 1536 1764 1597 decem
1818 1538 1974 1607 soni,
2043 1536 2158 1597 hoc
2201 1543 2290 1597 est
2343 1554 2518 1617 quam
2563 1534 2766 1596 decem

204 1637 440 1707 nomina,
490 1654 617 1704 non
660 1639 888 1716 possint
930 1637 1213 1700 exhiheri.
2457 1642 2462 1649 '

354 1738 511 1799 Sane
555 1738 675 1800 hoc
718 1757 1059 1808 monemus,
1104 1738 1261 1817 quod
1308 1740 1365 1800 in
1410 1738 1500 1801 his
1543 1739 1894 1828 generibus,
1943 1757 2194 1818 quorum
2237 1740 2490 1801 diximus
2529 1739 2768 1799 nomina
2835 1770 2842 1777 ·

204 1836 435 1899 ablativo
484 1858 633 1901 casu
694 1843 926 1902 numeri
979 1838 1293 1920 singularis
1348 1860 1380 1901 e
1432 1840 1627 1903 littera
1684 1848 1958 1921 correpta
2017 1842 2350 1912 terminari,
2411 1842 2532 1901 sint
2589 1838 2768 1919 aliqui

206 1941 469 2002 tredecim
516 1943 684 2013 soni,
748 1942 863 2003 hoc
906 1948 997 2003 est
1036 1943 1317 2005 tredecim
1377 1945 1642 2013 nomina,
1700 1962 1854 2024 quae
1908 1946 1971 2003 in
2015 1946 2283 2023 genetivo
2339 1960 2479 2004 casu
2536 1942 2770 2002 numeri
2798 1966 2846 2007 is

207 2042 505 2121 singularis
555 2047 619 2104 in
648 2060 769 2104 uno
799 2042 1085 2105 vocabulo
1130 2062 1237 2106 suo
1282 2044 1513 2107 duabus
1554 2044 1646 2105 his
1690 2047 1896 2107 formis
1937 2045 2308 2115 definiantur,
2349 2043 2406 2105 id
2439 2052 2528 2105 est
2565 2044 2612 2104 is
2645 2050 2704 2105 et
2729 2044 2766 2110 i,

204 2155 260 2206 ut
294 2154 432 2223 puta
474 2146 661 2207 huius
697 2145 941 2207 Achillis
994 2153 1051 2207 et
1094 2146 1267 2207 huius
1308 2146 1533 2208 Achilli.
1623 2165 1782 2208 nunc
1837 2148 1984 2209 haec
2025 2150 2264 2208 nomina
2319 2164 2435 2225 qua
2479 2146 2552 2206 de
2595 2163 2766 2206 causa

203 2246 253 2307 in
291 2265 469 2327 supra
511 2248 675 2309 dicto
724 2266 865 2310 casu
906 2268 979 2309 ex
1026 2255 1275 2327 utraque
1324 2248 1513 2311 forma
1554 2250 1844 2327 permissa
1891 2250 2005 2311 sint
2047 2266 2290 2320 sonare,
2347 2248 2464 2309 hoc
2505 2249 2566 2309 in
2611 2248 2773 2309 sonis

206 2358 583 2428 conpetenter
621 2349 1023 2411 tractabimus.

356 2452 505 2515 Item
556 2453 615 2513 in
657 2470 835 2531 supra
880 2452 1051 2513 dictis
1094 2452 1429 2515 nominibus
1471 2451 1587 2514 hoc
1614 2470 1945 2523 monemus,
1991 2453 2150 2533 quod
2180 2454 2296 2513 sint
2337 2454 2487 2516 intra
2519 2451 2772 2530 quadra·
2798 2474 2852 2515 ω

206 2554 345 2629 ginta
385 2562 623 2633 septem
666 2571 875 2625 sonoS,
920 2554 1034 2615 hoc
1074 2561 1165 2615 est
1204 2555 1355 2615 intra
1400 2555 1783 2634 quadraginta
1827 2562 2050 2635 septem
2091 2556 2361 2626 nomina,
2405 2574 2558 2634 quae
2601 2573 2772 2615 accu-

206 2658 369 2717 sativo
408 2674 559 2719 casu
599 2658 834 2719 numeri
874 2656 1185 2735 singularis
1228 2675 1303 2718 en
1344 2655 1553 2718 litteris
1595 2659 1971 2719 inveniantur
2019 2658 2279 2729 definiri,
2333 2664 2398 2718 ut
2435 2663 2576 2736 puta
2613 2656 2776 2717 hunc

206 2756 453 2819 Achillen
488 2758 651 2819 hanc
694 2758 921 2819 Barcen
965 2767 1023 2819 et
1066 2766 1259 2820 cetera
1304 2758 1457 2821 talia.
1546 2776 1705 2822 nunc
1743 2768 1802 2821 et
1845 2760 1992 2822 haec
2036 2761 2272 2821 nomina
2325 2778 2438 2839 qua
2484 2760 2558 2821 de
2601 2777 2774 2820 causa

206 2861 523 2923 accusativo
580 2879 719 2922 casu
773 2862 1005 2921 numeri
1058 2859 1369 2940 singularis
1413 2879 1489 2924 en
1531 2859 1741 2923 litteris
1795 2860 2173 2931 definiantur,
2238 2864 2298 2923 in
2342 2862 2500 2921 sonis
2557 2878 2774 2939 conpe-

207 2967 380 3023 tenter
424 2961 831 3023 tractabimus
2799 2984 2850 3025 πο

362 3065 509 3126 item
552 3066 615 3125 in
654 3081 831 3143 supra
861 3064 1031 3127 dictis
1074 3064 1411 3127 nominibus
1450 3070 1589 3125 sunt
1630 3063 1824 3142 aliqua
1865 3066 2122 3135 nomina,
2167 3082 2320 3144 quae
2348 3066 2608 3125 vocativo
2639 3084 2774 3127 casu

210 3167 424 3229 numeri
474 3149 797 3245 singularis
854 3174 912 3227 et
957 3176 991 3227 e
1050 3176 1109 3229 et
1150 3186 1215 3227 es
1262 3165 1469 3227 litteris
1524 3168 1944 3237 terminentur,
2005 3178 2068 3228 ut
2118 3174 2258 3246 puta
2313 3185 2347 3226 o
2396 3166 2676 3229 Chremes
2719 3175 2780 3229 et

210 3287 239 3327 ο
276 3268 551 3331 Chreme.
640 3268 743 3329 sed
786 3268 933 3329 haec
970 3286 1086 3348 qua
1131 3269 1205 3329 de
1249 3287 1421 3329 causa
1476 3270 1537 3329 in
1578 3286 1756 3346 supra
1797 3267 1974 3355 dicto·
1999 3260 2139 3330 casu
2181 3288 2254 3330 ex
2298 3274 2546 3348 utraque
2589 3271 2778 3331 forma

210 3368 593 3438 declinentur,
639 3370 699 3430 in
736 3372 897 3431 sonis
938 3376 1326 3449 ,conpetenter
1370 3369 1770 3431 tractabimus,
1861 3420 1868 3425 .

362 3473 511 3535 Item
561 3473 621 3533 in
662 3490 839 3550 supra
882 3472 1049 3534 dictis
1096 3472 1433 3534 nominibus
1481 3480 1621 3533 sunt
1672 3470 1862 3551 aliqua
1921 3475 2187 3543 nomina,
2245 3490 2398 3551 quae
2449 3476 2776 3535 accusativo
2803 3492 2855 3535 ao

213 3589 337 3634 casu
389 3574 632 3638 numeri
674 3572 917 3652 pluralis
968 3576 1032 3635 in
1074 3592 1193 3636 uno
1235 3572 1518 3635 vocabulo
1562 3594 1671 3637 suo
1708 3574 1938 3640 duabus
1981 3576 2182 3637 formis
2222 3577 2595 3653 reperiantur
2639 3576 2779 3667 deli-

213 3676 341 3744 uiri,
384 3677 445 3738 id
492 3684 589 3738 est
630 3694 693 3737 es
736 3684 795 3737 et
836 3677 915 3745 is,
962 3683 1027 3737 ut
1068 3684 1210 3755 puta
1247 3672 1257 3757 Ι
1297 3676 1406 3739 hos
1442 3695 1647 3739 omnes
1690 3685 1750 3739 et
1801 3678 1908 3739 hos
1951 3680 2160 3739 omnis,
2247 3695 2408 3739 nunc
2449 3680 2622 3740 etiam
2665 3678 2782 3739 hoc

214 3792 525 3849 monemus,
569 3777 727 3857 quod
764 3779 880 3839 sint
924 3777 1119 3858 aliqui,
1169 3780 1271 3857 qui
1314 3780 1375 3838 in
1404 3778 1611 3841 eodem
1654 3797 1835 3857 supra
1863 3779 2020 3841 dicto
2065 3799 2205 3843 casu
2247 3780 2360 3841 hoc
2397 3787 2779 3859 praeceptum

216 3878 639 3941 observandum
685 3897 813 3941 esse
866 3868 1209 3951 senserunt,
1277 3880 1335 3940 id
1383 3886 1471 3940 est
1513 3887 1607 3949 ut,
1676 3882 1914 3960 quando
1971 3884 2272 3959 genetivus
2325 3900 2497 3943 casus
2553 3882 2782 3943 numeri

216 3978 441 4057 pluralis
482 4000 589 4044 um
630 3980 841 4043 litteris
892 3989 1026 4060 post
1072 3978 1511 4063 consonansstem
1556 3981 1958 4053 concluditur,
2025 3991 2168 4046 tunc
2213 3985 2572 4045 accusativus
2611 4000 2784 4044 casus
2807 3997 2858 4039 as

218 4086 433 4147 numeri
478 4082 723 4164 pluralis
761 4100 825 4145 es
853 4082 1061 4145 litteris
1104 4083 1431 4154 definiatur,
1478 4090 1543 4144 ut
1582 4091 1726 4163 puta
1765 4083 1976 4145 horum
2010 4086 2298 4163 parietum
2341 4084 2451 4147 hos
2496 4086 2780 4165 parietes;

220 4190 429 4247 atvero
466 4193 611 4248 tunc
654 4186 1015 4247 accusativus
1046 4204 1215 4247 casus
1242 4187 1475 4245 numeri
1510 4183 1754 4264 pluralis
1784 4186 1831 4245 is
1861 4184 2066 4247 litteris
2099 4186 2498 4257 concludatur,
2547 4186 2782 4265 quando

220 4289 509 4363 genetivus
569 4306 739 4351 casus
792 4288 1026 4350 numeri
1076 4286 1321 4367 pluralis
1374 4289 1497 4348 ium
1552 4286 1763 4349 litteris
1817 4287 2122 4359 definitur,
2182 4296 2246 4349 ut
2289 4296 2432 4369 puta
2479 4288 2588 4349 hos
2631 4286 2779 4357 talis,

2721 4389 2744 4425 Ι

345 4491 381 4541 6
417 4506 485 4542 ex
520 4508 579 4543 ru
612 4492 751 4543 in'R
856 4494 920 4543 17
954 4490 1107 4542 huius
1142 4490 1373 4543 acchillis
1412 4500 1461 4542 et
1494 4491 1647 4541 huius
1684 4492 1888 4542 acchilli
1911 4491 1972 4543 'R
2077 4492 2142 4543 18
2178 4508 2332 4559 supra
2370 4493 2504 4544 dicto
2542 4510 2600 4544 νυ
2634 4508 2784 4561 prae-

226 4556 345 4609 dicto
380 4562 427 4613 R
588 4563 691 4613 sint
723 4562 805 4612 Br
840 4575 960 4612 sunt
1001 4564 1046 4611 Κ
1222 4561 1287 4613 19
1318 4562 1644 4613 tractabimus
1681 4563 1728 4613 R
1765 4564 2090 4613 tractuuimus
2126 4562 2178 4612 B
2350 4564 2417 4615 23
2452 4563 2668 4614 achillea
2704 4563 2786 4614 Br

227 4628 465 4681 anchillen
497 4634 543 4683 R
679 4634 747 4683 25
784 4632 1113 4683 tractabimus
1148 4648 1181 4681 r
1212 4633 1540 4683 tractauimus
1576 4632 1675 4683 RB
1821 4634 1888 4684 27
1927 4634 2255 4684 terminentur
2289 4633 2340 4684 B
2369 4636 2700 4686 terminantur
2737 4634 2784 4685 R

350 4702 417 4752 28
466 4718 531 4751 ex
562 4712 775 4767 utraque
812 4702 979 4752 forma
1014 4719 1043 4753 ο
1085 4718 1148 4753 ex
1179 4702 1257 4775 ult
1292 4718 1421 4767 quae
1456 4703 1619 4752 forma
1653 4702 1707 4751 B
1753 4714 1894 4753 extra
1931 4718 2078 4768 quam
2111 4702 2327 4754 formam
2363 4704 2412 4757 R
2461 4714 2605 4757 extra
2637 4720 2784 4757 suam

230 4800 431 4855 formam
464 4822 497 4855 r
632 4806 702 4859 29
736 4806 1066 4857 tractabimus
1100 4808 1149 4859 R
1184 4808 1512 4858 tractauimus
1548 4806 1599 4857 B
1737 4806 1806 4859 35
1846 4814 1961 4875 post
1989 4808 2044 4858 B
2077 4815 2194 4859 ante
2229 4808 2277 4861 Β
