3434 5442
651 306 768 369 t38
1819 310 2044 371 PROBt

748 438 791 477 p.
818 426 911 466 πω.
932 425 983 467 cz
1013 425 1065 465 a.
2799 440 2843 480 p.
2869 427 3034 469 35⁴1.oe
3063 428 3122 469 ν.

646 498 935 558 trinsecus
970 494 1193 573 plurale
1232 502 1365 557 tuae
1408 502 1640 558 tuarum
1686 498 1800 557 tuis
1843 505 1972 558 tuas
2015 504 2146 559 tuae
2191 518 2222 558 a
2253 500 2384 567 tuis,
2431 498 2664 577 generis
2697 500 2892 559 neutri
2931 516 3224 577 personae

646 598 941 659 secundae
983 598 1337 661 intrinsecus
1381 598 1675 676 singulare
1735 606 1794 659 et
1833 600 2202 662 extrinsecus
2245 598 2472 679 plurale
2525 607 2622 661 tua
2673 607 2909 661 tuorum
2963 602 3082 662 tuis
3125 610 3224 662 tua

646 706 743 761 tua
786 718 819 761 a
865 700 1003 769 tuis;
1062 701 1299 777 generis
1338 700 1645 763 masculini
1696 719 1988 782 personae
2027 704 2232 763 tertiae
2283 703 2634 763 intrinsecus
2673 702 2974 780 singulare
3003 711 3080 767 ,et
3121 722 3226 763 ex-

644 803 933 862 trinsecus
968 800 1195 880 plurale
1238 803 1329 862 sui
1374 820 1617 865 suorum
1658 805 1960 865 suissuos
2001 805 2092 865 sui
2129 822 2162 865 a
2206 806 2354 875 suis,
2417 807 2651 881 generis
2696 806 2958 865 feminini
3015 822 3224 884 perso-

594 927 619 966 5
648 919 755 965 nae
794 905 999 967 tertiae
1052 905 1404 965 intrinsecus
1450 903 1747 984 singulare
1804 912 1862 967 et
1917 908 2284 968 extrinsecus
2343 906 2570 984 plurale
2623 925 2766 969 suae
2813 924 3054 969 suarum
3101 908 3228 967 suis

644 1024 779 1067 suas
820 1024 961 1067 suae
1006 1024 1039 1067 a
1082 1010 1201 1068 suis
1216 1011 1244 1077 ,“
1304 1008 1537 1085 generis
1576 1009 1772 1069 neutri
1829 1026 2118 1087 personae
2167 1009 2371 1070 tertiae
2425 1010 2780 1071 intrinsecus
2819 1008 3122 1088 singulare
3167 1016 3229 1069 et

646 1110 1007 1170 extrinsecus
1069 1108 1295 1187 plurale
1360 1127 1461 1170 sua
1520 1128 1762 1171 suorum
1819 1112 1941 1172 suis
1997 1130 2098 1173 sua
2153 1129 2254 1171 sua
2307 1130 2340 1171 a
2384 1111 2542 1172 suis:
2615 1113 2848 1189 generis
2915 1110 3228 1173 masculini

647 1227 935 1288 personae
979 1213 1205 1291 primae
1254 1212 1605 1273 iutrinsecus
1646 1211 1874 1291 plurale
1931 1221 1990 1275 et
2033 1215 2395 1275 extrinsecus
2437 1212 2736 1290 singulare
2779 1196 2988 1275 noster
3035 1214 3227 1274 nostri

646 1319 847 1373 nostro
892 1320 1158 1375 nostrum
1186 1322 1399 1379 ,noster
1439 1332 1473 1374 a
1520 1322 1751 1383 nostro,
1811 1317 2048 1392 generis
2089 1316 2353 1376 seminini
2405 1334 2694 1393 personae
2731 1318 2954 1395 primae
3011 1318 3228 1375 intrin-

570 1437 621 1479 ιο
646 1432 816 1476 secus
855 1413 1081 1492 plurale
1140 1423 1193 1477 et
1240 1418 1599 1478 extrinsecus
1640 1416 1938 1495 singulare
1995 1424 2194 1477 nostra
2239 1424 2473 1479 nostrae
2525 1425 2763 1479 nostrae
2804 1425 3070 1479 nostram
3119 1436 3228 1477 no-

646 1522 767 1577 stra
804 1535 837 1577 a
876 1524 1091 1587 nostra,
1132 1520 1367 1596 generis
1406 1520 1599 1579 neutri
1638 1535 1928 1596 personae
1969 1520 2193 1596 primae
2239 1520 2588 1581 intrinsecus
2629 1518 2856 1599 plurale
2899 1526 2958 1581 et
2999 1522 3228 1581 extrin-

646 1636 817 1681 secus
858 1619 1153 1697 singulare
1178 1628 1454 1681 nostrum
1500 1623 1687 1683 nostri
1733 1629 1932 1681 nostro
1977 1630 2246 1682 nostrum
2289 1630 2556 1683 nostrum
2605 1640 2636 1683 a
2685 1628 2913 1691 nostro;
2987 1622 3232 1699 generis

645 1720 953 1784 masculini
1014 1738 1306 1801 personae
1360 1722 1657 1784 secundae
1715 1724 2069 1784 intrinsecus
2117 1722 2344 1801 plurale
2393 1731 2452 1785 et
2503 1726 2866 1785 extrinsecus
2921 1722 3232 1803 singulare

646 1830 839 1885 vester
894 1826 1069 1885 vestri
1124 1831 1318 1885 vestro
1372 1832 1629 1887 vestrum
1686 1835 1876 1887 vester
1941 1844 1972 1885 a
2015 1836 2238 1893 vestro,
2309 1828 2544 1905 generis
2603 1827 2868 1887 feminini
2929 1843 3232 1905 personae

572 1948 621 1991 ιε»
646 1926 939 1987 secundae
981 1928 1337 1989 intrinsecus
1378 1926 1603 2005 plurale
1648 1936 1707 1989 et
1745 1929 2109 1991 extrinsecus
2139 1925 2436 2006 singulare
2481 1936 2674 1997 vestra
2717 1936 2944 1991 vestrae
2993 1936 3232 1989 vestrae

650 2035 899 2090 vestram
928 2037 1115 2091 vestra
1151 2049 1184 2091 a
1216 2036 1422 2099 vestra,
1468 2033 1703 2122 generis
1733 2033 1927 2093 neutri
1971 2048 2258 2111 personae
2286 2030 2580 2092 secundae
2607 2031 2959 2091 intrinsecus
2992 2028 3232 2107 plurale

646 2138 707 2191 et
746 2120 1108 2193 extrinsecus
1152 2132 1449 2210 singulare
1502 2139 1759 2195 vestrum
1813 2135 1989 2195 vestri
2031 2140 2222 2195 vestro
2266 2139 2520 2193 vestrum
2561 2142 2820 2193 vestrum
2859 2152 2912 2218 ,a
2949 2140 3182 2201 vestrm
3213 2134 3232 2208 lt

647 2235 877 2312 generis
912 2234 1220 2295 masculini
1263 2252 1551 2313 personae
1596 2237 1801 2297 tertiae
1847 2237 2196 2297 intrinsecus
2241 2232 2466 2314 plurale
2511 2242 2572 2295 et
2612 2234 2978 2296 extrinsecus
3021 2235 3234 2311 singu-

645 2334 769 2397 lare
812 2355 953 2399 suus
994 2338 1083 2398 sui
1124 2355 1231 2398 suo
1276 2354 1449 2397 suum
1488 2356 1629 2399 suus
1672 2358 1706 2399 a
1745 2357 1884 2407 suo,
1943 2339 2177 2415 generis
2222 2338 2486 2397 feminini
2540 2354 2830 2415 personae
2885 2336 3099 2397 tertiae
3137 2338 3234 2395 in-

570 2458 623 2499 20
646 2440 940 2501 trinsecus
985 2438 1219 2527 plurale·
1272 2446 1331 2499 et
1380 2442 1750 2501 extrinsecus
1798 2440 2094 2517 singulare
2151 2459 2254 2501 sua
2291 2458 2432 2501 suae
2475 2458 2617 2501 suae
2655 2456 2818 2500 suam
2865 2456 2968 2501 sua
3021 2457 3056 2497 a
3101 2456 3236 2505 sua,

646 2542 881 2619 generis
922 2540 1117 2602 neutri
1164 2559 1453 2619 personae
1482 2543 1688 2603 tertiae
1733 2544 2082 2603 intrinsecus
2112 2541 2340 2621 plurale
2385 2548 2442 2603 et
2485 2543 2850 2603 extrinsecus
2877 2538 3188 2619 singulare
3226 2535 3236 2619 Ι

650 2660 823 2704 suum
870 2642 960 2703 sui
1003 2662 1111 2705 suo
1154 2662 1325 2705 suum
1364 2661 1535 2704 suum
1580 2663 1613 2704 a
1660 2662 1786 2705 suc.

816 2745 899 2807 De
942 2752 1203 2806 accentu.
1292 2744 1369 2806 de
1412 2752 1658 2807 accentu
1701 2748 2134 2823 pronominum,
2175 2748 2262 2807 sic
2308 2746 2390 2807 uti
2437 2752 2494 2806 et
2537 2746 2860 2815 nominum,
2906 2746 2967 2805 in
3013 2763 3240 2808 accen-

650 2846 805 2909 tibus
849 2854 1232 2925 conpetenter
1278 2848 1675 2909 tractabimus,

571 2968 623 3009 aa
818 2950 901 3013 De
921 2950 1303 3029 -prouomine,
1350 2957 1633 3029 quantum
1678 2950 1826 3042 ratio
1871 2949 2168 3029 poscebat,
2215 2950 2605 3011 tractavimus,

1640 3120 1736 3181 DE
1791 3118 2227 3181 PARTICIPIO.

818 3257 1195 3336 participium
1240 3265 1331 3318 est
1372 3275 1508 3335 pars
1550 3259 1850 3319 orationis,
1943 3258 2310 3336 participium
2354 3265 2546 3317 autem
2589 3256 2838 3322 dictum,
2887 3255 3046 3334 quod
3095 3274 3242 3334 par-

652 3366 767 3420 tem
836 3361 1026 3437 capiat
1086 3360 1339 3419 nominis
1393 3367 1452 3419 et
1503 3367 1730 3438 partem
1788 3359 1966 3421 verbi.
2058 3360 2270 3437 recipit
2333 3360 2488 3419 enim
2543 3377 2577 3418 a
2633 3360 2872 3419 nomine
2929 3376 3122 3435 genus
3181 3367 3246 3417 et

652 3478 881 3531 casum,
938 3478 972 3520 a
1018 3460 1197 3522 verbo
1257 3460 1594 3539 qualitatem
1648 3469 1707 3522 et
1759 3470 2018 3539 tempuS,
2075 3460 2150 3521 ab
2205 3468 2456 3539 utroque
2509 3478 2818 3521 numerum
2873 3460 3128 3536 liguram
3181 3468 3248 3519 et

573 3582 624 3623 so
652 3569 977 3624 accentum.
1066 3581 1227 3639 ergo,
1274 3570 1339 3623 ut
1382 3561 1659 3634 diximuS,
1706 3565 2014 3642 participio
2060 3563 2334 3624 accidunt
2377 3562 2556 3633 haec,
2601 3580 2790 3641 genus
2829 3561 3078 3640 qualitas
3125 3581 3246 3623 uu-

652 3681 851 3725 merus
890 3681 1061 3725 casus
1102 3671 1335 3743 tempus
1378 3665 1569 3741 figura
1608 3673 1902 3727 accentus,

822 3764 907 3827 De
944 3784 1179 3844 genere.
1268 3784 1481 3845 genera
1526 3768 1849 3845 participiis
1892 3766 2166 3829 accidunt
2209 3769 2292 3828 sic
2329 3769 2412 3828 uti
2454 3764 2789 3827 nominibus
2831 3772 2892 3827 et
2929 3768 3246 3843 pronomi-

654 3868 843 3938 nibuS,
890 3868 947 3929 id
992 3877 1083 3930 est
1120 3867 1507 3929 masculinum
1553 3869 1900 3932 femininum
1943 3878 2220 3931 neutrum
2263 3886 2577 3929 commune
2615 3886 2808 3929 omne.
2871 3885 3014 3927 sane
3053 3886 3248 3946 quem

652 3971 723 4032 ad
770 3970 1009 4033 modum
1052 3988 1161 4051 per
1204 3988 1375 4033 casus
1413 3972 1774 4033 misceantur
1817 3989 2055 4050 genera,
2103 3974 2161 4032 in
2207 3973 2444 4033 nomine
2481 3972 2597 4032 iam
2649 3973 2790 4031 satis
2835 3970 3248 4031 tractavimus.

573 4092 623 4133 aa
823 4072 907 4134 De
952 4091 1111 4135 casu.
1179 4092 1348 4135 casus
1392 4074 1713 4153 participiis
1757 4075 2030 4137 accidunt
2073 4075 2144 4135 ad
2189 4072 2600 4135 declinandum
2641 4074 2725 4133 sic
2770 4072 2852 4131 uti
2897 4070 3252 4132 nominibus

654 4184 713 4239 et
754 4175 1234 4255 pronominibus,
1300 4183 1367 4239 ut
1410 4185 1549 4255 puta
1614 4178 2002 4240 nomInativus
2065 4176 2161 4237 hic
2207 4176 2494 4237 scribens.
2585 4176 2671 4235 sic
2713 4182 2774 4235 et
2815 4174 2996 4234 ceteri
3061 4192 3250 4235 casus

654 4281 1111 4359 participiorum,
1156 4280 1241 4339 sic
1286 4280 1366 4340 uti
1410 4280 1711 4339 nominum
1759 4288 1818 4341 et
1859 4279 2297 4358 pronominum,
2343 4278 2600 4338 officium
2643 4295 2786 4339 suae
2830 4272 3252 4337 declinationis

654 4398 897 4443 necesse
939 4390 1031 4443 est.
1064 4389 1132 4442 ut
1173 4387 1505 4442 exerceant.
2115 4440 2127 4456 ,
2921 4434 2926 4437 .

826 4484 909 4546 De
962 4482 1256 4565 qualitate.
1348 4481 1593 4561 qualitas
1648 4483 2092 4562 participiorum
2150 4488 2238 4542 est
2287 4500 2402 4561 qua
2453 4479 2872 4557 intelleguntur
2931 4480 3250 4557 participia

580 4598 633 4639 ⁴⁰
658 4604 727 4646 ex
775 4585 989 4663 quibus
1048 4584 1245 4646 verbis
1310 4587 1595 4645 oriantur.
1685 4586 1956 4644 oriuntur
2023 4591 2216 4645 autem
2275 4585 2580 4663 participia
2634 4602 2702 4643 ex
2762 4580 3038 4642 omnibus
3103 4590 3248 4643 octo

796 4732 863 4781 24
912 4730 1371 4781 tractauimusaeRB
1582 4730 1650 4780 2ss
1704 4746 1772 4781 ns
1809 4744 2099 4781 PARTICth
2138 4747 2168 4778 r
2229 4748 2278 4783 m
2318 4746 2382 4781 niz
2417 4743 2702 4781 rsa-ricwio
2741 4723 2788 4777 R
2840 4742 2906 4777 us
2941 4742 3252 4781 mosomus

660 4814 889 4852 uxrucir
930 4814 1117 4851 moiri-r
1154 4815 1219 4850 nn
1250 4814 1531 4850 PanrtclPto
1570 4798 1621 4848 B
