3434 5442
617 339 764 385 xxu
1703 322 2121 384 PRAEFATIO

605 531 784 591 posse
827 516 1091 590 conponi
1129 515 1224 572 vel
1263 529 1342 571 eat
1399 529 1518 571 non
1565 513 1977 586 intelthendis
2024 513 2172 584 (boc
2214 515 2457 573 sudium
2500 517 2617 589 est)
2663 516 2756 574 vel
2809 532 2888 574 ex
2948 517 3203 589 inteqris

517 631 522 638 ·
617 619 710 678 vel
753 635 832 677 ex
875 618 1208 690 corruptis:
1253 609 1448 674 Prob.
1478 610 1681 674 instit.
1715 617 1829 690 53,
1879 617 1979 682 18.
2041 610 2213 696 quod
2244 609 2589 698 Pompeius
2620 634 2684 696 p.
2720 619 2842 681 326
2874 612 2955 677 de
2986 611 3202 676 Probo

615 713 870 794 retulit,
919 717 1064 789 sero
1121 719 1400 790 dicimus,
1453 715 1631 788 serui
1681 732 1855 775 nem-o
1908 717 2088 789 dicit,
2154 717 2319 791 quod
2372 723 2624 792 temptat
2678 719 2910 779 Probus
2964 726 3205 778 mutare

615 821 730 881 boe
774 823 967 896 ipsum
983 864 1000 897 ,
1059 825 1126 878 ut
1185 819 1355 878 dieas
1401 816 1548 891 fero
1593 819 1733 878 tuli:
1791 818 1900 877 sed
1938 821 1995 878 si
2037 817 2185 890 fero
2228 820 2341 878 tuli
2385 819 2577 892 facit,
2640 821 2785 879 tollo
2828 822 2978 894 quid
3018 822 3205 881 babes

617 925 862 984 dicere?
872 964 890 999 ,
937 917 1222 982 dubitari
1263 922 1505 1001 potest,
1552 923 1771 980 utrum
1815 937 1899 981 ex
1942 915 2276 982 catholicis
2322 923 2422 997 39,
2454 925 2492 986 6
2526 918 2800 1003 petitum
2844 919 2955 999 sit,
3001 941 3087 982 an
3118 918 3201 982 ad

618 1044 696 1086 ea
738 1021 1089 1106 pertineat,
1137 1041 1304 1104 quae
1333 1017 1547 1083 Probo
1593 1029 1856 1084 auctore
1886 1016 2236 1082 Diomedes
2270 1025 2422 1099 380,
2472 1029 2546 1087 11
2596 1027 2660 1083 et
2700 1027 2852 1101 372,
2900 1028 2939 1088 2
2983 1020 3203 1107 dispu-

615 1123 800 1189 tavit.
891 1123 974 1186 ad
1031 1119 1305 1184 eundem
1365 1119 1579 1185 locum
1631 1120 1913 1206 pertinet
1956 1119 2139 1204 Serg.
2186 1118 2515 1206 explanat.
2576 1121 2643 1183 in
2687 1121 2857 1186 Don.
2904 1131 3061 1202 557,
3126 1131 3202 1192 19

618 1231 852 1290 Probus
904 1245 1026 1289 non
1069 1228 1279 1305 posuit
1332 1229 1579 1304 suffero.
1668 1242 1799 1286 non
1852 1227 2059 1306 magis
2126 1223 2375 1287 incerta
2437 1245 2540 1287 res
2596 1231 2697 1286 est
2751 1223 2831 1288 de
2888 1221 3201 1289 Cledonio

617 1351 681 1413 p.
731 1335 888 1398 1861
941 1331 1170 1390 Probus
1220 1337 1276 1388 et
1333 1331 1536 1388 Varro
1579 1329 1737 1387 alter
1779 1344 1985 1388 eorum
2028 1331 2089 1388 in
2136 1330 2288 1389 duas
2336 1324 2756 1409 (altercati-um
2798 1346 2992 1391 nouas
3036 1349 3202 1392 corr.

619 1436 777 1493 alter
819 1449 1025 1492 eorum
1064 1433 1127 1492 in
1159 1434 1314 1492 duas
1343 1425 1516 1512 cod.)
1552 1437 1771 1506 partes
1810 1433 2021 1491 scribit
2062 1437 2122 1490 et
2162 1433 2429 1506 reliquas
2472 1433 2769 1492 subiectas
2803 1430 2996 1507 facit,
3047 1435 3207 1493 alter

617 1539 680 1595 in
723 1541 1030 1611 quattuor,
1077 1539 1271 1609 prout
1313 1535 1560 1608 quisque
1589 1535 1795 1608 potuit
1834 1535 2058 1593 sentire
2100 1537 2166 1592 et
2206 1551 2271 1614 p.
2322 1537 2483 1600 1874
2528 1551 2671 1594 nam
2715 1535 2948 1596 Probus
2988 1542 3048 1594 et
3088 1535 3203 1595 Sa-

615 1639 789 1698 binus
829 1640 918 1698 sic
960 1638 1166 1697 volunt
1210 1636 1512 1695 declinari
1551 1637 1879 1710 optativum
1918 1651 2032 1711 per
2074 1636 2317 1709 singula
2360 1641 2663 1711 tempora,
2725 1639 3019 1712 quomodo
3062 1655 3204 1698 con-

617 1741 960 1800 iunctivum.
1051 1756 1202 1798 nam
1245 1732 1360 1797 illa
1383 1733 1482 1810 ,de
1528 1731 1827 1819 partibus
1872 1734 2211 1815 orationis,
2259 1734 2314 1796 si
2358 1733 2548 1798 modo
2591 1734 2850 1820 integra
2893 1745 3074 1816 sunt,
3136 1735 3203 1799 in

615 1838 695 1902 iis
741 1858 908 1923 quae
951 1858 1124 1901 nunc
1168 1835 1249 1900 de
1295 1835 1476 1900 libris
1506 1834 1704 1899 Probi
1750 1843 1998 1899 restant
2026 1856 2157 1900 non
2194 1835 2518 1920 leguntur.
2575 1834 2656 1900 de
2687 1838 2979 1922 optativo
3010 1837 3202 1901 modo

617 1946 836 2002 autem
887 1939 1193 2025 quoniam
1249 1939 1616 2023 quaesitum
1673 1957 1817 2000 esse
1874 1937 2052 2023 apud
2116 1945 2369 2002 veteres
2428 1945 2681 2001 constat
2746 1960 2831 2002 ex
2882 1938 3203 2003 Diomede

618 2048 770 2123 340,
817 2051 884 2122 4,
943 2062 1026 2105 ex
1084 2040 1224 2104 eius
1281 2039 1458 2104 modi
1502 2038 1941 2124 disputatione
1996 2039 2214 2124 potius
2269 2060 2465 2125 quam
2520 2060 2605 2104 ex
2660 2039 3201 2106 declinationibus

616 2142 964 2208 verborum
1020 2143 1226 2207 instit.
1272 2165 1336 2227 p.
1387 2148 1507 2210 160
1553 2163 1689 2226 sqq.
1737 2139 1899 2204 haec
1939 2141 2145 2226 petita
2190 2161 2334 2204 esse
2378 2150 2557 2226 puto.
2632 2141 2699 2206 in
2744 2142 2968 2208 codice
3010 2142 3203 2207 Bam-

615 2244 947 2330 bergensi‚
981 2244 1062 2309 de
1093 2265 1221 2330 quo
1250 2243 1495 2308 dietum
1525 2252 1626 2306 est
1671 2240 1798 2306 vol.
1832 2241 1867 2304 I
1910 2241 2185 2329 praefat.
2234 2265 2297 2328 p.
2336 2241 2524 2323 XXI,
2558 2253 2656 2308 est
2686 2266 2792 2308 ars
2826 2243 3199 2327 Clementis,

616 2348 681 2411 in
727 2343 870 2432 qua
898 2369 982 2410 ex
1009 2345 1224 2418 Probo
1270 2347 1471 2410 citat-a
1512 2345 1735 2408 inveni
1776 2343 1967 2424 haec,
2013 2345 2060 2413 f.
2105 2354 2178 2413 11
2230 2349 2465 2409 Probus
2502 2365 2647 2409 vero
2694 2352 2975 2426 opinione
3011 2367 3204 2411 caeca

616 2470 821 2513 novem
865 2454 1213 2513 accidentia
1257 2453 1488 2512 nomini
1527 2453 1807 2510 accidere
1850 2451 2033 2525 dicit,
2081 2452 2347 2511 litteram
2392 2452 2667 2512 videlicet
2708 2459 2768 2511 et
2807 2454 3104 2530 syllabam
3149 2458 3206 2512 et

619 2563 930 2615 accentum
975 2541 1136 2615 inter
1180 2555 1524 2614 accidentia
1568 2555 1975 2626 numerando,
2037 2548 2085 2611 f.
2134 2555 2214 2619 25
2260 2554 2492 2622 Probus
2534 2570 2677 2614 vero
2718 2561 3012 2628 quattuor
3054 2555 3203 2614 divi-

615 2660 808 2718 siones
841 2659 1269 2732 pronominum
1311 2673 1439 2716 esse
1481 2657 1656 2730 dicit,
1702 2658 1911 2729 finita,
1962 2657 2230 2728 infinita,
2279 2657 2477 2714 minus
2506 2671 2685 2730 quam
2722 2658 2931 2728 finita,
2968 2673 3203 2733 posses-

615 2763 774 2834 siva,
807 2793 893 2804 ·-—
931 2766 990 2819 et
1031 2761 1148 2820 hoc
1188 2759 1495 2819 sciendum
1539 2759 1703 2834 quod
1748 2758 1983 2819 Probus
2026 2758 2295 2818 ordinem
2339 2759 2621 2816 accidere
2651 2758 3206 2835 praepositionibus

618 2865 784 2922 dicit.
875 2881 958 2922 ex
1001 2857 1237 2944 quibus
1286 2879 1450 2943 quae
1507 2857 1588 2920 de
1633 2857 1890 2920 nomine
1934 2863 2005 2919 et
2044 2855 2421 2940 pronomine
2478 2855 2653 2920 dicta
2698 2865 2875 2936 sunt,
2935 2877 2975 2919 a
3015 2855 3204 2921 Pom-

620 2960 768 3046 peio
815 2960 1120 3024 videntur
1162 2959 1370 3045 petita
1413 2979 1588 3041 esse3
1636 2958 1718 3023 de
1760 2957 2240 3043 praepositione
2283 2958 2407 3020 nisi
2452 2957 2695 3022 erravit
2722 2959 3203 3041 grammaticus,

619 3062 820 3127 alium
859 3061 1056 3126 Probi
1101 3059 1341 3125 librum
1384 3082 1536 3124 eum
1576 3070 1870 3124 secutum
1913 3081 2054 3124 esse
2098 3079 2360 3124 necesse
2406 3067 2539 3124 est:
2584 3058 2670 3124 cf.
2702 3059 2920 3124 Diom.
2954 3068 3095 3140 409,
3144 3071 3203 3130 5.

620 3165 774 3228 item
819 3164 1200 3249 Pompeium
1243 3186 1306 3249 p.
1351 3170 1472 3233 235
1521 3170 1779 3227 secutus
1826 3170 1925 3225 est
1967 3159 2260 3226 Iulianus
2306 3159 2657 3226 Toletanus
2700 3161 2767 3225 in
2812 3171 2950 3227 arte
2993 3183 3207 3246 gram-

616 3267 854 3331 matica
895 3267 1141 3329 Romae
1196 3267 1372 3329 edita
1428 3287 1488 3329 a.
1537 3272 1698 3334 1797
1745 3287 1809 3349 p.
1857 3272 1939 3333 74
1982 3268 2261 3328 Donatus
2315 3268 2581 3340 definivit
2634 3271 2699 3327 in
2755 3269 2938 3341 duas,
3000 3269 3069 3327 id
3119 3275 3208 3328 est

617 3375 680 3432 in
717 3375 952 3445 finitum
996 3378 1054 3430 et
1097 3374 1157 3430 in
1201 3373 1526 3444 infinitum,
1591 3371 1829 3431 Probus
1873 3372 1935 3429 in
1979 3375 2297 3444 quattuor,
2355 3371 2593 3440 finitum
2636 3371 2932 3440 infinitum
2976 3372 3205 3430 articu-

615 3476 752 3532 lare
793 3480 851 3533 et
881 3475 1314 3548 possessivum,
1365 3474 1682 3548 Pompeius
1725 3475 1787 3532 in
1832 3473 2049 3545 viqinti
2086 3487 2287 3530 unam.

788 3555 1031 3635 Contra
1075 3592 1160 3634 ex
1203 3591 1279 3632 eo
1328 3570 1523 3651 libro,
1569 3590 1695 3655 quo
1740 3567 2128 3648 Diomedes,
2182 3568 2293 3652 qui
2338 3566 2629 3632 Probum
2670 3569 3048 3634 nominatim
3095 3591 3205 3656 ap-

617 3670 889 3758 pellavit
920 3679 1076 3753 342,
1121 3678 1181 3739 9.
1230 3679 1382 3752 352,
1432 3681 1535 3741 35.
1583 3679 1739 3752 354,
1789 3680 1888 3740 17.
1938 3677 2093 3750 364,
2142 3678 2243 3739 30.
2292 3677 2443 3748 365,
2478 3679 2587 3749 10,
2634 3692 2791 3733 usus
2824 3680 2956 3751 est,
3001 3673 3208 3756 petita

618 3781 767 3838 sunt
813 3772 1002 3853 haec,
1047 3773 1116 3838 in
1147 3773 1368 3838 codice
1399 3772 1886 3838 Caroliruhensi
1916 3771 2233 3838 Prisciani
2278 3770 2405 3835 vol.
2440 3772 2475 3835 Ι
2518 3794 2583 3857 p.
2620 3779 2773 3852 428,
2823 3780 2901 3841 12
2948 3777 3200 3851 Probus,

617 3887 705 3940 est
759 3881 999 3940 verbam
1040 3887 1374 3956 praeterea
1428 3881 1529 3940 bio
1583 3879 1749 3954 hiaS,
1810 3895 1889 3938 ex
1944 3894 2062 3954 quo
2109 3876 2629 3952 frequentativum
2684 3879 2853 3939 hiato
2900 3873 2969 3959 (l.
3016 3875 3202 3958 hieto)

619 4001 718 4057 as,
781 3983 1190 4043 inchoativum
1235 3999 1377 4042 vero
1418 3983 1585 4042 hisco
1629 3984 1695 4041 is.
1784 3982 1894 4041 sed
1935 3996 2282 4057 quanquam
2325 3983 2415 4040 ita
2458 3997 2584 4040 esse
2624 3981 2805 4040 habet
2850 3973 2943 4061 (se
2984 3982 3208 4040 liabent

617 4081 1022 4162 Diomedes),
1067 4091 1267 4146 tamen
1301 4087 1448 4160 plus
1491 4087 1680 4144 inesse
1724 4087 1787 4143 in
1832 4101 1903 4144 eo
1945 4085 2201 4157 videtur,
2251 4085 2411 4158 quod
2454 4089 2543 4143 est
2582 4084 2815 4144 hiscere
2856 4099 3039 4158 quam
3068 4082 3203 4142 bia-

617 4195 754 4248 tare
810 4183 885 4267 (l.
930 4184 1227 4267 bietare):
1288 4183 1504 4246 Diom.
1553 4190 1706 4262 343,
1770 4190 1868 4251 13.
1956 4183 2025 4244 in
2082 4180 2341 4246 scholiis
2397 4181 2837 4247 Bemensibus
2889 4183 2959 4245 in
3002 4181 3202 4263 Verg.

617 4308 840 4370 georg.
888 4284 988 4350 IV
1048 4294 1169 4355 134
1223 4306 1510 4365 carpere,
1580 4288 1905 4363 carpebat:
1974 4289 2265 4359 infinitivo
2319 4291 2474 4347 enim
2534 4287 2878 4363 inperfecta
2932 4293 3206 4362 tempora

615 4395 919 4467 siqnificat
961 4409 1128 4452 more
1170 4399 1462 4466 veterum,
1513 4399 1578 4451 ut
1620 4390 1857 4450 Probus
1900 4391 2017 4449 ait:
2062 4385 2278 4450 Diom.
2327 4393 2479 4465 341,
2529 4396 2586 4454 4.
2648 4386 2714 4450 in
2760 4385 2982 4451 codice
3026 4385 3204 4449 Pari·
3250 4433 3267 4454 .

617 4492 758 4554 sino
805 4497 964 4560 7491
1015 4511 1183 4554 saec.
1216 4489 1284 4552 X
1325 4489 1372 4553 f.
1417 4497 1496 4558 90
1541 4493 1891 4569 qualitatem
1936 4498 2136 4552 autem
2180 4494 2243 4550 in
2284 4493 2475 4552 modis
2516 4492 2859 4567 bipertitam
2902 4509 3027 4551 esse
3055 4492 3205 4550 Pro-

617 4598 724 4662 bus
769 4598 1055 4669 adfirmat
1099 4598 1306 4656 dicens
1350 4597 1640 4670 ‘qualitas
1681 4595 1999 4656 verborum
2044 4601 2152 4653 aut
2187 4595 2367 4665 finita
2397 4601 2507 4655 aut
2534 4595 2775 4666 infinita
2804 4601 2909 4653 est.
2966 4573 3205 4665 finitiva

616 4700 783 4760 verbi
835 4700 1100 4773 qualitas
1155 4705 1272 4771 est,
1341 4715 1477 4758 cum
1531 4700 1711 4773 quasi
1763 4699 2072 4770 definitiva
2124 4703 2181 4755 et
2240 4698 2501 4772 simplici
2552 4698 2776 4756 utimur
2830 4698 3207 4771 expositione

617 4805 751 4877 ipsa
797 4803 1178 4860 distinctione
1214 4817 1332 4876 per
1373 4817 1436 4860 se
1482 4797 1646 4878 (ipsa
1692 4800 1953 4860 dictione
1990 4816 2110 4874 per
2150 4815 2213 4859 se
2256 4799 2736 4860 commendantes
2778 4813 3012 4858 sensum
3044 4793 3203 4859 Dio-
