3434 5442
632 342 758 404 506
1764 339 2069 424 [senen]

2779 463 2826 503 p.
2853 449 3039 492 ⁵12-14
3064 449 3111 492 L.

630 525 956 587 choativum
1005 534 1064 586 et
1106 544 1225 586 non
1269 528 1346 587 sit
1386 527 1678 588 secundae
1724 529 2168 606 coniugationis.
2230 548 2367 592 cum
2395 530 2508 592 hoc
2551 547 2697 608 ergo
2740 530 2920 591 faciat
2962 530 3215 590 inchoa-

630 629 806 688 tivum
855 638 914 688 et
957 628 1247 690 secundae
1293 631 1717 708 coniugationis
1749 631 1848 701 sit,
1896 631 2255 714 productum
2288 651 2419 694 esse
2448 631 2627 693 debet
2654 634 2716 692 in
2744 633 2979 693 infinito
3008 631 3211 694 modo.

629 748 945 810 numquam
1005 731 1158 791 enim
1215 732 1476 794 invenies
1529 731 1823 792 secundae
1881 735 2307 813 coniugationis
2361 733 2603 796 verbum
2648 737 2709 795 in
2754 735 2985 796 infinito
3032 733 3213 795 modo

629 833 864 912 corripi.
926 833 1080 912 quod
1127 851 1270 911 ergo
1315 835 1544 895 fervere
1589 836 1875 913 corripuit
1904 835 2210 915 Vergilius,
2256 835 2465 916 pathos
2509 845 2598 898 est
2640 845 2889 916 propter
2930 845 3212 906 metrum,

553 950 578 986 ⁵
630 954 749 996 non
795 944 1022 996 natura.
1113 945 1171 996 et
1227 955 1408 1016 quare
1462 937 1857 998 inchoativum
1915 956 2035 998 non
2082 937 2261 999 habet
2302 945 2535 1019 tempus
2580 941 2963 1019 praeteritum
3010 939 3212 1019 perse-

631 1044 787 1098 ctum
837 1037 922 1098 vel
967 1037 1639 1118 plusquamperfectum?
1687 1041 1821 1118 quia
1869 1041 1920 1100 si
1962 1041 2357 1100 inchoativum
2390 1040 2539 1101 nihil
2584 1049 2673 1102 est
2702 1039 2856 1102 aliud
2906 1043 3019 1102 nisi
3050 1040 3211 1120 quod

628 1139 890 1210 inchoat,
950 1159 1064 1220 quo
1109 1141 1285 1202 modo
1331 1148 1524 1221 potest
1587 1141 1809 1202 habere
1853 1143 2217 1222 perfectum?
2284 1141 2487 1203 eadem
2537 1144 2765 1203 ratione
2810 1162 2923 1204 nec
2962 1144 3211 1223 partici-

627 1243 788 1322 pium
835 1243 1016 1303 l‘uturi
1047 1243 1330 1322 temp'oris
1358 1239 1555 1304 habet.
1619 1262 1753 1304 nam
1800 1245 1851 1303 si
1894 1244 2008 1305 hoc
2050 1245 2241 1324 ipsum
2290 1261 2404 1304 non
2452 1243 2631 1306 habet
2671 1244 2829 1326 quod
2876 1244 3211 1325 perfectum

629 1353 743 1415 est,
791 1364 906 1424 quo
953 1345 1126 1406 modo
1171 1353 1364 1423 potest
1409 1344 1632 1427 habere
1675 1345 1734 1406 id
1781 1346 1937 1424 quod
1983 1348 2242 1408 nascitur
2286 1345 2360 1406 de
2405 1347 2705 1427 perfecto?
2760 1347 2920 1408 unde
2962 1349 3211 1428 quiesco

547 1459 594 1502 ιο
628 1456 686 1507 et
727 1466 972 1508 senesce
1017 1446 1226 1508 nolunt
1271 1465 1400 1509 esse
1444 1448 1801 1514 inchoativa,
1860 1449 1997 1528 quia
2042 1467 2161 1509 non
2205 1447 2426 1509 habent
2468 1467 2648 1511 seneo
2694 1455 2752 1510 et
2794 1451 2999 1529 quiec,
3050 1447 3211 1510 unde

627 1551 876 1610 veniant.
969 1568 1110 1628 ergo
1167 1557 1226 1611 et
1280 1549 1540 1630 perfecta
1598 1547 1688 1609 vel
1745 1547 2009 1612 absoluta
2066 1550 2285 1622 forma,
2348 1561 2413 1611 ut
2467 1559 2556 1612 est
2606 1550 2740 1630 lego
2796 1570 3009 1622 curro,
3070 1552 3209 1612 ideo

625 1651 880 1730 perfecta
941 1651 1190 1724 dicitur,
1248 1653 1382 1732 quia
1428 1653 1488 1711 in
1535 1669 1602 1711 ea
1645 1648 1857 1732 plenus
1900 1658 1989 1712 est
2032 1671 2267 1714 sensus:
2328 1653 2562 1732 quando
2606 1653 2738 1714 dico
2784 1652 2944 1732 lego,
2992 1652 3211 1731 plenus

623 1761 710 1813 est
763 1772 987 1816 sensus.
1079 1761 1167 1814 est
1223 1762 1281 1814 et
1337 1751 1807 1836 srelquentativa,
1871 1772 2021 1834 quae
2084 1772 2193 1816 nos
2249 1754 2589 1834 frequenter
2657 1754 2915 1816 ostendit
2980 1755 3207 1821 dicere.

623 1855 822 1917 lectito
866 1875 1043 1936 saepe
1090 1854 1256 1935 lego,
1320 1856 1587 1936 scriptito
1633 1875 1810 1937 saepe
1864 1854 2079 1917 scribo.
2169 1857 2315 1918 haec
2360 1855 2537 1918 verba
2582 1857 3029 1940 frequentativa,
3056 1876 3208 1937 quo·

539 1949 596 2010 '¹⁵
627 1960 777 2020 tiens
821 1959 883 2018 in
927 1965 987 2017 to
1033 1968 1281 2031 exeunt,
1326 1960 1552 2038 primae
1599 1960 2029 2038 coniugationis
2072 1966 2225 2020 sunt.
2314 1960 2364 2018 si
2406 1977 2529 2020 non
2572 1961 2633 2019 in
2676 1967 2739 2020 to
2783 1967 3022 2030 exeunt,
3068 1977 3207 2038 pos-

621 2071 758 2121 sunt
812 2063 1231 2140 cuiuscumque
1287 2062 1713 2139 coniugationis
1760 2079 1915 2132 esse,
1977 2062 2035 2122 id
2083 2070 2173 2124 est
2214 2062 2441 2142 primae
2485 2059 2575 2121 vel
2618 2063 2857 2132 tertiae;
2926 2080 3063 2123 nam
3110 2079 3207 2122 se-

623 2162 848 2223 cundae
907 2181 1224 2242 numquam
1283 2165 1576 2224 invenies:
1633 2163 1890 2242 primae,
1952 2171 2016 2223 ut
2071 2182 2245 2224 curso
2302 2181 2532 2234 cursaS,
2580 2165 2819 2232 tertiae,
2866 2171 2931 2224 ut
2974 2162 3207 2224 lacesso

618 2265 872 2326 lacessis.

608 2361 614 2367 ’
789 2368 1246 2446 Coniugationes
1291 2366 1604 2428 verborum
1649 2374 1787 2428 sunt
1831 2375 1981 2438 tres,
2026 2369 2217 2448 prima
2263 2367 2521 2430 secunda
2564 2369 2767 2429 tertia:
2814 2369 3005 2447 prima
3051 2386 3207 2448 quae

544 2480 595 2520 2⁰
621 2489 652 2530 a
698 2468 876 2530 habet
931 2469 1185 2530 secunda
1240 2487 1521 2548 persona,
1582 2468 1837 2532 secunda
1894 2487 2045 2548 quae
2102 2489 2163 2538 e,
2222 2472 2391 2530 tertia
2439 2489 2587 2548 quae
2630 2471 2669 2530 i.
2758 2468 2861 2532 ubi
2904 2471 3205 2530 invenitur

621 2572 992 2649 coniugatio?
1038 2571 1350 2633 indicativo
1397 2571 1572 2642 modo
1617 2573 1678 2632 in
1726 2589 1973 2633 numero
2018 2569 2303 2650 singulari
2348 2571 2603 2634 secunda
2648 2589 2903 2652 persona
2934 2571 3025 2632 vel
3062 2581 3205 2632 ante

619 2673 878 2734 litteram
925 2673 1016 2733 vel
1061 2680 1196 2735 ante
1243 2673 1554 2753 syllabam:
1604 2674 1660 2734 in
1709 2675 1910 2734 activis
1954 2672 2047 2734 vel
2092 2673 2459 2736 neutralibus
2502 2673 2695 2735 verbis
2738 2682 2874 2735 ante
2918 2673 3204 2745 litteram,

617 2777 678 2836 in
735 2776 826 2836 his
883 2794 1032 2856 quae
1087 2793 1117 2836 r
1175 2774 1368 2837 littera
1426 2777 1817 2836 terminantur
1876 2781 2009 2836 ante
2055 2772 2354 2854 syllabam.
2446 2785 2567 2836 tres
2612 2795 2755 2855 ergo
2800 2775 3033 2838 litterae
3076 2785 3207 2836 tres

620 2879 1062 2956 coniugationes
1119 2877 1366 2948 faciunt,
1428 2896 1458 2937 a
1506 2895 1539 2938 e
1583 2879 1631 2947 i,
1691 2887 1751 2937 et
1793 2876 1946 2937 idem
1996 2885 2085 2938 est
2126 2877 2274 2939 ordo
2319 2879 2815 2956 coniugationum,
2863 2881 2963 2958 qui
3008 2887 3099 2938 est
3144 2885 3207 2938 et

542 2982 879 3058 2⁵ipsarum
946 2979 1306 3041 litterarum:
1382 2999 1442 3050 a,
1511 2981 1787 3057 quoniam
1852 2981 2109 3058 primum
2168 2979 2361 3041 locum
2420 2979 2623 3052 habet,
2679 2982 2807 3060 ipsa
2863 2988 2953 3040 est
3006 2981 3205 3060 prima

618 3083 985 3161 coniugatio;
1048 3101 1078 3142 e
1134 3081 1380 3151 deinde,
1448 3100 1598 3160 quae
1655 3087 1744 3141 est
1797 3081 2053 3142 secunda
2109 3083 2171 3142 in
2226 3081 2435 3142 ordine
2492 3080 2809 3152 vocalium,
2876 3081 3203 3143 secundam

619 3185 1089 3263 coniugationem
1149 3183 1318 3254 sacit3
1377 3184 1425 3253 i,
1485 3202 1633 3263 quac
1690 3185 1866 3245 tertio
1922 3185 2185 3263 sequitur
2240 3183 2399 3254 loco,
2460 3186 2631 3246 tertia
2688 3185 3027 3262 coniugatio
3090 3193 3203 3246 est.

617 3286 720 3346 sed
765 3287 957 3366 prima
1018 3293 1076 3347 et
1128 3284 1384 3347 secunda
1428 3285 1761 3365 coniugatio
1820 3303 2057 3364 semper
2100 3285 2422 3364 productae
2466 3295 2633 3356 sunt,
2680 3287 2854 3346 tertia
2896 3285 3203 3346 interdum

619 3387 994 3468 producitur,
1040 3389 1338 3449 interdum
1383 3389 1729 3468 corripitur,
1778 3405 1893 3447 non
1939 3389 2003 3447 in
2047 3386 2235 3448 isdem
2283 3388 2505 3458 verbis„
2552 3386 2655 3448 sed
2698 3389 2763 3447 in
2807 3385 2951 3448 aliis.
3045 3388 3205 3448 inter

543 3499 594 3542 30
619 3489 966 3570 productam
1035 3497 1094 3550 et
1160 3499 1492 3569 correptam
1557 3491 1672 3551 hoc
1737 3491 2013 3560 interest,
2083 3488 2242 3568 quod
2305 3497 2578 3573 correpta
2644 3490 2907 3550 futurum
2962 3497 3205 3569 tempus

617 3609 853 3671 semper
913 3593 974 3651 in
1047 3610 1140 3653 am
1209 3594 1411 3663 mittit,
1470 3600 1535 3653 ut
1589 3591 1778 3652 dicam
1839 3589 2124 3660 scribam;
2182 3591 2465 3671 producta
2512 3609 2649 3652 vero
2696 3589 2787 3671 [in
2832 3589 3203 3652 neutralibus

620 3691 840 3774 verbis]
900 3703 959 3754 et
1010 3695 1073 3754 in
1119 3712 1212 3754 am
1257 3695 1466 3765 mittit,
1514 3702 1580 3754 ut
1621 3693 1855 3754 audiam
1900 3695 2187 3765 nutriam,
2234 3701 2294 3755 et
2336 3695 2398 3753 in
2442 3691 2537 3764 bo,
2584 3700 2649 3754 ut
2693 3693 2989 3755 ‘matris
3035 3710 3202 3753 ser-

620 3794 786 3855 vibo
833 3794 1293 3856 commodis':
1353 3797 1666 3857 Terentius
1707 3797 1772 3856 in
1814 3796 2064 3876 Hecyra.
2140 3803 2201 3857 et
2240 3797 2321 3856 ita
2364 3801 2429 3856 ut
2470 3793 2670 3856 scribo
2716 3795 2887 3856 scies.
2960 3794 3203 3874 quando

619 3905 811 3959 autem
859 3898 1243 3977 corripiatur,
1293 3898 1526 3978 quando
1571 3897 1931 3975 producatur
1978 3900 2147 3958 tertia
2196 3897 2559 3974 coniugatio,
2617 3896 2757 3956 hinc
2812 3895 3089 3974 colliges:
3152 3899 3205 3956 si

540 4009 590 4051 3⁶
615 4003 676 4061 in
721 4001 1067 4081 imperativo
1111 3999 1286 4060 modo
1319 4018 1352 4060 e
1383 3997 1672 4071 habuerit,
1720 4001 2056 4080 corripitur,
2105 4007 2169 4060 ut
2210 3998 2435 4068 scribe;
2482 3999 2531 4058 si
2574 4001 2595 4059 i
2639 3997 2940 4068 habuerit,
2971 3997 3201 4078 produ-

617 4103 796 4172 citur,
854 4109 919 4162 ut
963 4101 1116 4162 audi.
1207 4111 1296 4162 est
1351 4103 1524 4163 etiam
1583 4101 1694 4162 alia
1738 4101 1942 4180 regula
1988 4099 2417 4183 paeneultimae
2474 4095 2733 4179 syllabae
2776 4100 2987 4162 infiniti
3036 4098 3203 4160 modi

619 4204 900 4283 temporis
953 4205 1298 4283 praesentis,
1387 4221 1526 4264 nam
1581 4206 1631 4265 si
1687 4200 1979 4286 corlrepta
2034 4204 2215 4265 fuerit
2256 4201 2649 4283 paeneultima
2696 4200 2943 4280 syllaba,
2988 4221 3199 4263 corre·

617 4314 713 4385 pta
759 4307 1091 4384 coniugatio
1137 4315 1254 4376 est,
1305 4314 1369 4366 ut
1411 4304 1638 4384 legere;
1697 4308 1748 4367 si
1792 4305 2181 4386 producatur,
2241 4304 2526 4385 producta
2573 4305 2907 4381 coniugatio
2952 4311 3077 4381 est,
3136 4313 3205 4366 ut

620 4410 860 4469 nutrire.
949 4411 1141 4487 prima
1202 4417 1261 4468 et
1315 4407 1574 4469 secunda
1630 4409 1962 4487 coniugatio
2004 4409 2067 4468 in
2112 4406 2189 4468 bo
2234 4409 2473 4468 mittunt
2514 4407 2777 4468 futurum
2821 4413 3087 4485 tempuS,
3136 4414 3205 4467 ut

2880 4543 2895 4566 Ι

778 4578 841 4629 17
875 4591 1147 4642 numquam
1187 4578 1418 4629 inuenies
1447 4578 1496 4627 F
1525 4592 1624 4628 non
1663 4579 1863 4629 iuuenis
1901 4577 1951 4627 L
1984 4593 2133 4642 quam
2164 4578 2363 4626 iuuenis
2400 4578 2443 4628 S
2612 4577 2681 4626 28
2716 4576 2961 4640 producta
2987 4591 3121 4626 uero
3154 4587 3205 4625 et

618 4649 666 4697 in
705 4665 784 4698 am
823 4649 871 4698 F
904 4651 1146 4714 producta
1185 4662 1303 4698 uero
1338 4649 1386 4696 in
1427 4649 1737 4699 neutralibus
1782 4649 1953 4699 uerbis
1990 4643 2051 4697 in'
2078 4662 2157 4698 am
2201 4648 2245 4696 L
2281 4647 2528 4713 producta
2577 4648 2625 4696 in
2679 4644 2987 4695 neutralibus
3022 4647 3203 4696 uerbis

620 4729 667 4767 et
701 4721 750 4769 in
790 4733 868 4768 am
907 4719 949 4769 S
1059 4719 1126 4769 32
1155 4719 1302 4767 matri
1341 4719 1542 4767 semibo
1579 4720 1842 4769 conmodis
1882 4719 2151 4769 terrentius
2179 4718 2263 4767 ine
2299 4716 2487 4782 hecyra
2521 4723 2571 4767 et
2605 4718 2675 4766 ita
2710 4724 2769 4764 ut
2804 4717 2941 4767 scibo
2976 4717 3121 4767 scies
3154 4716 3204 4764 L

621 4789 794 4836 matris
841 4789 1027 4853 (patris
1056 4789 1122 4850 F)
1175 4788 1378 4838 seruibo
1413 4789 1694 4840 commodis
1739 4798 1788 4839 et
1826 4792 1893 4839 ita
1916 4797 1972 4839 ut
2006 4790 2171 4840 scribo
2198 4789 2331 4837 scies
2368 4788 2483 4839 FS:
2530 4788 2735 4838 Terent.
2768 4787 2894 4839 Hec.
2926 4787 2991 4836 111
3030 4788 3084 4847 5,
3130 4787 3205 4837 45

758 4855 824 4906 34
863 4856 1073 4923 colliges
1109 4857 1198 4907 Fs
1230 4855 1441 4922 collegis
1477 4856 1526 4904 L
