3434 5442
598 355 714 417 150
1094 355 1099 360 ’
1777 346 2005 409 PROBI

726 498 739 511 .
768 470 947 511 275—77
975 469 1027 509 a.
2738 474 2786 516 p.
2814 460 2998 503 ert-vs
3025 461 3083 503 v,

593 484 858 619 legatum
908 546 965 600 at
1012 557 1150 599 vero
1193 538 1293 617 qui
1340 536 1555 597 dixerit
1596 536 1664 596 ‘a
1707 536 1840 597 foro
1885 536 2090 596 venio’
2137 553 2210 596 ex
2252 534 2404 604 loco,
2453 535 2554 613 qui
2597 550 2786 613 prope
2829 533 3029 593 forum
3075 540 3182 602 est,

593 643 794 703 venIre
856 640 1227 722 refperiatur.
1262 635 1289 721 ΙΙ
1318 638 1420 700 sed
1476 638 1591 698 hoc
1647 654 1985 705 monemuS,
2061 636 2218 718 quod
2275 636 2424 697 haec
2483 636 2763 697 diseretio
2821 653 3186 713 supervacua

596 762 725 805 esse
764 742 1124 811 inveniatur,
1187 738 1479 819 siquidem
1524 748 1583 801 et
1633 746 1908 801 auctores
1967 740 2152 800 isdem
2199 737 2738 819 praepositionibus
2791 738 2920 800 sine
2966 737 3186 799 discre-

594 847 755 907 tione
817 844 903 903 uti
966 844 1359 922 reperiantur.
1446 844 1509 901 in
1566 850 1625 903 et
1669 842 1754 928 de·
1803 841 2271 920 praepositiones
2335 838 2630 919 duplicem
2697 840 3186 917 significationem

542 976 567 1015 5
594 945 816 1007 habere
858 946 1258 1023 reperiuntur.
1346 942 1523 1004 modo
1570 945 1726 1004 enim
1765 949 2001 1021 augent,
2049 949 2112 1003 ut
2148 950 2290 1021 puta
2326 942 2594 1003 inridens
2624 940 2981 1010 declamans,
3025 959 3188 1001 nunc

592 1048 892 1118 minuunt,
948 1052 1015 1106 ut
1056 1054 1201 1125 puta
1244 1045 1515 1106 informis
1566 1045 1856 1114 dedecus3
1912 1046 1996 1105 sic
2041 1051 2101 1105 et
2141 1050 2338 1105 cetera
2375 1042 2534 1104 talia.
2625 1061 2739 1103 con
2783 1050 2844 1103 et
2892 1044 2953 1101 in
3011 1060 3185 1121 prae-

591 1149 919 1229 positiones
962 1144 1344 1227 sequentibus
1388 1146 1427 1207 b
1464 1164 1525 1207 m
1567 1164 1606 1226 p
1654 1145 1864 1207 litteris
1907 1163 1946 1205 n
1985 1144 2255 1207 ultimum
2300 1146 2360 1206 in
2397 1164 2454 1205 m
2499 1145 2754 1206 litteram
2811 1152 3186 1214 convertunt,

592 1257 660 1313 ut
698 1256 842 1329 puta
882 1248 1161 1311 combibo
1206 1255 1505 1310 commuto
1550 1249 1822 1328 compleo
1868 1246 2128 1308 imbutus
2181 1248 2452 1309 immanis
2491 1264 2804 1326 comparo;
2861 1249 2950 1308 sie
2993 1254 3057 1308 et
3093 1264 3190 1308 ce-

594 1358 733 1419 tera,
768 1349 926 1413 talia.
1014 1351 1073 1411 in
1116 1358 1175 1411 et
1218 1351 1291 1412 ad
1334 1352 1806 1430 praepositiones
1839 1350 1993 1411 hanc
2023 1348 2226 1409 volunt
2263 1348 2443 1429 aliqui
2479 1348 2702 1411 habere
2741 1349 3188 1417 discretionem,

518 1474 569 1519 ιο
595 1460 661 1541 ut
705 1460 847 1531 puta
902 1454 1004 1533 qui
1063 1452 1274 1513 dixerit
1330 1454 1425 1513 ‘in
1484 1452 1677 1513 forum
1733 1456 1842 1513 eo'
1901 1453 1960 1511 in
2003 1451 2192 1529 ipsum
2239 1451 2436 1512 forum
2483 1453 2573 1513 ire
2620 1450 3028 1530 intellegatur;
3089 1452 3190 1531 qui

593 1572 733 1616 vero
774 1554 987 1625 dixerit
1026 1554 1133 1615 ‘ad
1184 1554 1379 1614 forum
1422 1556 1529 1614 eo’
1576 1554 1649 1614 ad
1692 1551 1920 1622 locum,
1968 1554 2070 1632 qui
2107 1554 2414 1631 proximus
2461 1560 2551 1614 est
2587 1554 2744 1624 for-0,
2790 1556 2882 1615 ire
2920 1554 3189 1632 reperia-

593 1664 709 1717 tur.
801 1657 904 1717 sed
959 1656 1073 1717 hoc
1128 1674 1471 1724 monemus,
1525 1655 1681 1735 quod
1731 1654 1877 1715 haec
1921 1654 2198 1716 discretio
2242 1672 2604 1733 supervacua
2655 1672 2786 1718 esse
2829 1655 3187 1723 inveniatur,

593 1758 887 1838 siquidem
934 1765 993 1819 et
1035 1766 1307 1819 auctores
1359 1757 1544 1818 isdem
1588 1756 2127 1835 praepositionibus
2175 1759 2302 1818 sine
2347 1745 2702 1818 discretione
2744 1758 2831 1818 uti
2878 1758 3189 1835 reperian-

592 1867 710 1921 tur.
802 1879 873 1921 ex
920 1866 979 1919 et
1012 1858 1086 1919 ab
1130 1860 1613 1939 praepositioneS‚
1667 1866 1730 1918 ut
1765 1858 2006 1939 quidam
2053 1858 2270 1928 volunt,
2317 1860 2366 1920 si
2412 1857 2646 1919 vocales
2694 1859 2826 1919 loco
2871 1876 2980 1919 suo
3031 1859 3190 1937 posi-

518 1984 566 2026 ts
594 1968 689 2022 tae
726 1970 1025 2030 secuntur,
1070 1963 1333 2040 integrae
1378 1960 1786 2040 proferuntur,
1834 1970 1900 2021 ut
1939 1967 2080 2037 puta
2125 1980 2192 2021 ex
2241 1958 2372 2029 illo,
2420 1959 2494 2021 ab
2540 1963 2700 2038 ipso;
2761 1963 2810 2022 si
2853 1978 2998 2023 vero
3047 1978 3190 2021 con-

592 2070 871 2126 sonantes
934 2063 1025 2125 vel
1078 2063 1309 2125 vocales
1371 2061 1503 2123 loco
1554 2063 1934 2123 consonantis
1989 2064 2217 2142 positae
2287 2062 2521 2124 easdem
2581 2064 3054 2141 praepositiones
3099 2082 3190 2124 se·

592 2173 877 2245 quantur,
949 2166 1187 2227 eaedem
1246 2165 1715 2243 praepositiones
1775 2173 2265 2244 corrumpuntur,
2335 2172 2400 2226 ut
2443 2171 2584 2245 puta
2647 2184 2684 2227 e
2723 2166 2883 2234 foro,
2955 2184 2990 2227 a
3037 2164 3191 2235 loco,

591 2286 625 2329 a
665 2268 909 2329 lunone.
1000 2286 1157 2329 nune
1210 2268 1326 2327 hoc
1370 2284 1709 2337 monemu3‚
1772 2267 1932 2347 quod
1985 2268 2157 2328 etiam
2203 2267 2320 2327 hoc
2380 2272 2761 2345 praeceptum
2817 2282 3196 2345 supervacue

541 2362 547 2367 ’
590 2369 921 2429 institutum
990 2386 1117 2431 esse
1185 2369 1516 2429 inveniatur
1536 2415 1551 2437 ‚
1610 2368 1904 2448 siquidem
1961 2376 2018 2429 et
2074 2376 2345 2429 auctores
2404 2368 2587 2429 isdem
2651 2368 3196 2447 praepositionibus

510 2492 569 2543 ,πο
596 2471 722 2531 sine
765 2467 956 2550 aliqua
1003 2470 1356 2532 discretione
1408 2477 1681 2541 utantur,
1735 2477 1802 2530 ut
1855 2471 2010 2548 apud
2060 2469 2398 2531 Sallustium
2457 2469 2650 2529 ‘nam
2713 2477 2860 2530 tum
2905 2470 3194 2531 Brutus

590 2570 675 2631 ab
732 2570 955 2632 Roma
1010 2571 1339 2640 aberat';
1406 2575 1490 2632 sic
1546 2580 1604 2633 et
1660 2579 1857 2633 cetera
1909 2571 2063 2633 talia.
2153 2573 2651 2651 praepositione8‚
2713 2580 2777 2632 ut
2829 2572 3192 2652 quibusdam

588 2671 811 2750 placet,
862 2673 1189 2735 civitatibus
1236 2673 1371 2734 addi
1425 2692 1543 2733 non
1596 2672 1841 2741 debent,
1904 2681 1966 2734 ut
2019 2682 2156 2751 puta
2212 2674 2500 2736 ‘Romam
2557 2678 2684 2743 eo',
2727 2673 3190 2751 ‘Karthaginem

587 2773 721 2834 ivi’.
814 2790 973 2835 nunc
1016 2778 1190 2836 etiam
1234 2775 1350 2836 hoc
1393 2792 1737 2845 monemus,
1793 2774 1950 2855 quod
2007 2775 2121 2835 hoe
2175 2785 2562 2856 praeceptum
2606 2793 2978 2854 supervacue
3019 2778 3191 2837 insti-

588 2882 781 2937 tutum
817 2894 947 2939 esse
977 2879 1323 2947 inveniatur,
1366 2878 1654 2956 siquidem
1688 2885 1962 2939 auctores
1992 2884 2051 2937 et
2085 2878 2418 2938 civitatibus
2455 2878 2932 2956 praepositiones
2963 2877 3192 2940 addere

511 2998 561 3039 25
588 2980 983 3056 reperiantur,
1032 2986 1099 3039 ut
1140 2979 1297 3058 apud
1342 2978 1681 3042 Sallustium
1727 2979 2034 3041 ‘Marius
2071 2979 2152 3041 ad
2197 2979 2499 3040 Thalam
2541 2978 2996 3057 profectus’,
3045 2983 3190 3043 item

586 3078 785 3142 ‘nam
828 3088 977 3142 tum
1018 3080 1295 3142 Brutus
1342 3083 1427 3143 ab
1474 3082 1693 3143 Roma
1739 3080 2060 3141 aberat’.
2094 3076 2121 3165 ΙΙ

758 3182 842 3245 De
884 3185 1345 3262 praepositione,
1393 3190 1675 3262 quantum
1721 3184 1871 3243 ratio
1907 3181 2206 3261 poscebat,
2255 3184 2648 3244 tractavimus.

1616 3352 1713 3412 DE
1753 3352 2149 3414 ADVERBIO.

755 3486 1113 3549 Adverhium
1169 3494 1258 3549 est
1308 3505 1448 3565 pars
1502 3488 1807 3549 orationis,
1897 3486 2172 3549 adverbia
2231 3487 2420 3550 tribus
2477 3487 2666 3549 modis
2719 3488 3186 3567 intelleguntur:

506 3605 558 3648 so
584 3607 739 3660 uno,
796 3587 1033 3669 quando
1078 3588 1151 3649 ab
1196 3587 1322 3650 aliis
1379 3591 1646 3659 veniunt,
1692 3590 1808 3649 hoc
1849 3597 1939 3650 est
1982 3590 2218 3671 quando
2263 3610 2332 3652 ex
2385 3590 2514 3651 aliis
2569 3589 2838 3669 partibus
2895 3594 3190 3653 orationis

583 3691 871 3768 originem
918 3690 1189 3760 trahunt3
1229 3689 1361 3773 alio,
1407 3691 1641 3769 quando
1676 3710 1795 3752 non
1842 3691 1916 3753 ab
1961 3691 2087 3752 aliis
2131 3692 2400 3770 partibus
2437 3693 2720 3753 orationis
2764 3694 3029 3763 veniunt,
3080 3694 3186 3755 sed

581 3810 693 3871 per
736 3808 801 3852 33
844 3797 1071 3852 tantum
1114 3790 1375 3870 intellegi
1420 3794 1829 3871 reperiuntur;
1888 3796 2092 3863 tertio,
2150 3795 2386 3873 quando
2439 3793 2644 3857 similia
2691 3792 3054 3876 nolminibus
3097 3795 3186 3856 in-

580 3894 917 3955 veniuntur.
1009 3893 1303 3965 adverbia,
1349 3912 1502 3975 quae
1544 3894 1615 3956 ab
1652 3895 1782 3955 aliis
1824 3896 2080 3965 veniunt,
2124 3916 2194 3956 ex
2224 3896 2315 3957 his
2333 3896 2548 3958 ‘tribus
2586 3895 2858 3974 partibus
2897 3898 3188 3958 orationis

580 4002 809 4057 tantum
866 3997 1153 4073 originem
1222 3996 1458 4057 trahere
1526 4000 1936 4077 reperiuntur,
2003 3998 2060 4058 id
2107 4004 2194 4059 est
2261 4000 2498 4059 nomine
2557 4000 2914 4077 pronomine
2973 3999 3182 4061 verbo.

502 4110 552 4152 ³⁶
578 4116 739 4161 nune
774 4098 1011 4160 easdem
1051 4103 1248 4178 partes
1286 4097 1579 4176 sigillatim
1624 4099 2025 4161 tractabimus,

744 4201 830 4262 De
878 4201 1135 4263 nomine.
1226 4220 1633 4282 quaecumque
1690 4204 1930 4262 nomina
1993 4200 2215 4262 scilicet
2273 4200 2616 4281 appellativa
2663 4200 2940 4262 adverbia
2997 4222 3070 4263 ex
3115 4223 3185 4264 se

577 4303 776 4365 facere
818 4310 1100 4381 possunt,
1150 4302 1298 4365 haec
1343 4304 1535 4365 dativo
1576 4321 1717 4364 casu
1762 4304 1996 4365 numeri
2041 4301 2356 4381 singularis
2399 4302 2592 4365 tribus
2641 4302 2736 4365 his
2783 4302 2990 4365 formis
3035 4304 3182 4365 defi-

578 4404 821 4467 niuntur
864 4412 1113 4477 tantum,
1162 4423 1197 4465 o
1240 4406 1257 4465 i
1304 4424 1415 4466 am.
1508 4402 1687 4466 nune
1710 4406 2032 4467 earundem
2081 4404 2466 4482 singularium
2513 4406 2840 4467 formarum
2885 4405 3180 4467 rationem

714 4540 755 4591 6·
788 4541 1021 4591 minuunt
1055 4558 1085 4590 r
1118 4542 1345 4591 minuent
1384 4540 1481 4591 RB
1652 4556 1748 4591 con
1783 4550 1832 4591 et
1867 4540 1944 4608 in]
1983 4542 2235 4593 Priscian.
2271 4556 2331 4607 p.
2365 4540 2468 4593 356
2637 4541 2671 4593 8
2707 4540 2942 4592 combibo
2975 4558 3006 4591 r
3039 4556 3186 4592 eom-

578 4610 699 4659 nino
731 4608 833 4659 RB
998 4612 1061 4661 14
1098 4612 1293 4677 positas
1332 4610 1431 4661 RB
1613 4610 1671 4661 15
1709 4610 2034 4678 proferantur
2065 4612 2166 4664 RB
2341 4610 2404 4663 16
2440 4613 2640 4677 positae
2665 4612 2875 4662 easdem
2911 4628 2940 4662 ο
2979 4612 3183 4677 positas

577 4678 791 4729 eaedem
828 4680 875 4729 R
912 4680 1135 4743 posistas
1174 4682 1377 4731 easdem
1417 4694 1553 4731 corr.
1596 4689 1712 4747 post
1747 4682 1952 4731 easdem
1986 4681 2036 4731 B
2178 4680 2243 4732 17
2281 4690 2672 4747 corrumpuntur
2707 4698 2736 4732 υ
2771 4690 3186 4749 conrumpantur

576 4748 677 4800 RB
816 4746 886 4797 ²0
916 4750 1055 4814 apud
1092 4748 1413 4815 Sallustium]
1454 4752 1607 4804 Catil.
1644 4751 1715 4803 40
1863 4753 1930 4801 22
1967 4750 2322 4816 karthaginem
2363 4752 2433 4800 ini
2471 4752 2516 4801 B
2553 4751 2902 4818 carthaginem
2939 4752 3010 4802 ibi
3047 4752 3096 4803 Β

578 4819 646 4871 25
682 4816 894 4885 Marius]
936 4819 1004 4883 ef.
1044 4818 1257 4871 Sallust.
1299 4820 1409 4887 Iuy.
1448 4821 1516 4871 75
1654 4820 1724 4872 36
1759 4822 1952 4871 scilicet
1989 4836 2078 4874 om.
2118 4820 2182 4881 R,
2219 4821 2341 4871 add.
2386 4820 2436 4869 B
