3434 5442
640 353 710 413 2¹
727 356 764 414 4
1826 348 2057 411 PROB!

2808 464 3045 517 gunsal
3080 464 3133 503 V.

1449 535 1692 598 Pallas
1736 536 2071 597 Evander
2110 538 2183 596 in
2228 536 2427 614 ipsis

643 649 703 702 et
745 642 847 708 sic,

944 760 1068 802 rex
1117 739 1505 800 Evandrus
1547 740 1666 800 ait.

812 843 1092 924 [Generis
1163 840 1502 921 masculini]
1576 842 1770 902 omnia
1836 842 2077 901 nomina
2154 843 2389 919 generis
2450 838 2760 901 masculini
2826 840 3263 921 monosyllaba

588 974 613 1013 5
641 946 834 1007 dativo
897 952 954 1006 et
1014 942 1265 1005 ablativo
1329 942 1540 1021 plurali
1605 946 1666 1003 in
1738 942 1851 1003 bus
1910 942 2193 1023 syllabam
2262 950 2513 1013 exeunt,
2586 950 2833 1023 excepto
2900 943 3023 1003 vir:
3104 942 3263 1005 facit

641 1050 796 1110 enim
841 1049 998 1107 viris.

809 1148 1062 1208 Formae
1107 1145 1372 1208 casuales
1413 1158 1550 1207 sunt
1589 1146 1765 1207 nobis
1810 1146 1912 1215 vl,
1962 1148 2195 1209 senaria
2242 1146 2508 1225 quinaria
2554 1146 2979 1225 quadripertita
3022 1150 3261 1227 triper-

643 1252 743 1311 tita
789 1249 1064 1327 bipertita
1111 1248 1360 1328 simplex
1407 1248 1497 1310 vel
1539 1250 1725 1309 unita.
1798 1250 2047 1335 ⁸senaria
2092 1250 2283 1309 forma
2332 1254 2445 1315 est,
2502 1266 2657 1328 quae
2700 1266 2909 1309 omnes
2952 1249 3024 1310 vl
3070 1268 3263 1310 casus

651 1354 708 1412 in
755 1350 1247 1413 declinationibus
1291 1350 1469 1411 habet
1513 1349 1943 1419 dissentienteS,
1990 1356 2053 1411 ut
2097 1356 2185 1410 est
2230 1367 2382 1410 unus
2426 1356 2485 1411 et
2524 1347 2717 1411 solus:
2788 1350 3039 1412 dicimus
3086 1353 3259 1412 enim

571 1480 620 1521 ιο
648 1454 745 1515 bic
785 1470 956 1523 unus,
1005 1453 1180 1514 buius
1216 1454 1410 1521 unius,
1457 1454 1595 1513 huic
1626 1452 1747 1521 uni,
1792 1452 1951 1512 bunc
1992 1468 2193 1520 unum,
2242 1471 2279 1511 o
2308 1469 2447 1519 une,
2488 1449 2562 1511 ab
2596 1450 2713 1513 boc
2740 1469 2881 1513 uno.
2970 1454 3259 1533 quinaria

641 1556 832 1617 forma
872 1562 990 1623 est,
1055 1555 1290 1635 quando
1334 1554 1452 1615 duo
1493 1571 1664 1614 casus
1713 1551 1935 1615 similes
1974 1558 2142 1622 sunt,
2202 1553 2259 1613 id
2306 1558 2396 1615 est
2438 1553 2670 1615 dativus
2708 1563 2765 1615 et
2808 1552 3132 1623 ablativus,
3182 1562 3257 1615 ut

642 1659 740 1719 bic
785 1658 994 1719 doctus
1049 1656 1206 1717 docti
1245 1657 1419 1717 docto
1479 1657 1718 1717 doctum
1774 1654 1947 1715 docte
2002 1654 2076 1715 ab
2123 1656 2237 1715 boc
2282 1654 2477 1715 docto.
2567 1656 2996 1734 quadripertita
3050 1658 3255 1717 l'orma

643 1766 761 1827 est,
807 1757 1042 1837 quando
1078 1757 1184 1820 1111
1229 1776 1402 1819 casus
1446 1754 1666 1817 similes
1710 1763 1878 1826 sunt,
1926 1757 2319 1818 nominativus
2363 1764 2422 1818 et
2463 1758 2789 1827 vocativus,
2834 1759 3146 1835 genetivus
3190 1766 3257 1819 et

645 1861 900 1929 dativus,
947 1867 1012 1922 ut
1059 1878 1158 1920 res
1199 1877 1365 1937 spes:
1429 1858 1680 1919 dicimus
1724 1859 1879 1917 enim
1923 1858 2073 1919 baec
2116 1875 2215 1917 res
2260 1876 2396 1937 spes
2440 1859 2835 1927 nominativo,
2884 1874 2921 1917 o
2960 1876 3063 1919 res
3106 1878 3255 1938 spes

574 1986 620 2027 ιε
649 1962 940 2029 vocativo,
997 1962 1266 2039 genetivo
1309 1961 1484 2021 buius
1527 1960 1614 2019 rei
1655 1960 1781 2037 spei
1832 1966 1889 2019 et
1928 1960 2122 2021 dativo
2168 1960 2307 2021 hnic
2344 1962 2434 2021 rei
2488 1962 2653 2038 spei,
2718 1962 2859 2021 item
2910 1960 3069 2022 banc
3112 1980 3253 2023 rem

644 2080 842 2141 spem,
901 2063 974 2124 ab
1019 2064 1130 2123 bac
1169 2080 1236 2123 re
1279 2081 1404 2141 spe.
1499 2062 1788 2139 tripertita
1848 2061 2035 2121 forma
2105 2068 2222 2132 est,
2284 2080 2439 2142 quae
2502 2064 2563 2121 in
2606 2062 2835 2123 neutris
2900 2062 3255 2123 nominibus

646 2165 972 2233 invenitur,
1017 2165 1078 2223 in
1121 2164 1335 2243 quibus
1377 2161 1602 2223 similes
1648 2171 1786 2223 sunt
1830 2164 2219 2225 nominativus
2258 2165 2625 2224 accusativus
2670 2166 2997 2235 vocativus,
3042 2170 3111 2225 ut
3156 2175 3255 2225 est

643 2284 948 2327 scamnum
993 2266 1298 2335 scrinium,
1345 2266 1572 2327 dativus
1616 2273 1675 2327 et
1713 2264 2016 2333 ablativus,
2064 2282 2305 2325 scamno
2352 2271 2411 2327 et
2454 2265 2527 2327 ab
2558 2266 2675 2325 boc
2706 2282 2971 2327 scamno.
3038 2266 3250 2345 biper-

645 2370 745 2428 tita
788 2368 978 2428 forma
1023 2374 1144 2437 est,
1205 2386 1355 2447 quae
1398 2370 1458 2428 in
1515 2366 1853 2427 nominibus
1908 2368 2135 2428 neutris
2172 2386 2211 2427 u
2260 2368 2432 2427 linitis
2478 2375 2595 2435 est,
2664 2384 2801 2427 cum
2846 2369 3255 2429 nominativus

567 2494 621 2535 το
649 2478 708 2531 et
735 2471 1099 2531 accusativus
1128 2477 1188 2531 et
1217 2471 1512 2531 vocativus
1549 2470 1873 2537 sociantur,
1924 2476 1990 2529 ut
2020 2485 2173 2547 genu
2214 2486 2421 2538 cornu,
2452 2466 2479 2552 Η
2510 2470 2841 2547 genetivum
2888 2476 2949 2530 et
2982 2468 3251 2531 dativum

647 2579 706 2632 et
748 2570 1061 2632 ablativum
1105 2589 1136 2632 a
1181 2590 1246 2631 se
1292 2578 1638 2649 segregant:
1707 2569 1960 2630 dicimus
2002 2572 2159 2631 enim
2206 2570 2380 2631 liuius
2424 2588 2614 2649 genu,
2674 2570 2811 2632 huic
2855 2586 3014 2647 genu
3062 2577 3122 2631 et
3170 2570 3253 2631 ab

645 2674 760 2734 boc
801 2690 980 2749 genu.
1071 2672 1322 2751 simplex
1365 2671 1456 2733 vel
1496 2673 1658 2733 unita
1723 2672 1914 2733 forma
1968 2679 2083 2741 est,
2148 2691 2301 2753 quae
2366 2673 2425 2734 in
2485 2673 2845 2750 monoptotis
2900 2672 3254 2733 nominibus

645 2776 967 2844 invenitur,
1037 2781 1102 2834 ut
1161 2792 1420 2855 nequam
1485 2791 1690 2851 nugas.
1780 2774 2030 2835 dicimus
2074 2776 2229 2835 enim
2290 2774 2403 2835 hoc
2450 2792 2704 2854 nequam
2760 2774 2939 2835 huius
2980 2792 3251 2853 nequam

649 2877 788 2937 huic
830 2895 1084 2957 nequam
1141 2876 1256 2938 boc
1299 2896 1552 2956 nequam
1597 2896 1634 2937 o
1677 2893 1935 2955 nequam
1994 2864 2067 2937 ab
2114 2875 2227 2937 boc
2262 2894 2537 2956 nequam.
2624 2873 2891 2937 similiter
2948 2882 3007 2937 et
3048 2894 3255 2954 nugas

569 3002 620 3043 a
651 2977 930 3063 [aptota].

817 3080 1066 3143 Nomina
1109 3100 1260 3161 quae
1301 3082 1510 3161 primis
1554 3080 1825 3161 partibus
1854 3080 2227 3141 declinantur
2271 3088 2331 3142 et
2358 3079 2634 3141 secundis
2676 3096 2815 3149 non,
2864 3085 2927 3140 ut
2966 3078 3255 3141 tribunus

647 3182 868 3261 plebiS,
921 3185 1256 3263 praefectus
1299 3182 1498 3253 urbis;
1555 3184 1654 3244 hic
1689 3181 1967 3243 tribunus
2007 3182 2227 3261 plebis,
2270 3182 2445 3244 buius
2490 3181 2715 3243 tribuni
2764 3180 2955 3259 plebis
3002 3186 3065 3241 et
3099 3182 3253 3243 reli·

648 3304 782 3364 qua.
871 3286 1010 3347 item
1069 3286 1346 3348 secundis
1389 3284 1656 3364 partibus
1701 3283 2103 3353 declinantur,
2162 3286 2367 3362 primis
2408 3302 2557 3351 non,
2616 3290 2681 3343 ut
2736 3284 2835 3345 bic
2877 3282 3255 3345 Minotaurus

647 3386 823 3448 huius
859 3386 1175 3449 Minotauri
1229 3394 1288 3447 et
1338 3393 1552 3448 cetera.
1643 3389 1785 3448 item
1830 3393 2079 3465 utraque
2136 3393 2302 3465 parte
2349 3384 2747 3455 declinantur,
2802 3394 2867 3445 ut
2920 3384 3017 3445 bic
3060 3384 3253 3446 Liber

571 3512 624 3553 ao
651 3496 838 3568 pater,
885 3490 1060 3552 buius
1099 3489 1298 3551 Liberi
1339 3490 1521 3567 patris
1567 3496 1626 3551 et
1661 3496 1879 3549 cetera.
1958 3530 1965 3536 -

715 3650 722 3658 ,
817 3591 1015 3653 lanius
1079 3591 1320 3660 dicitur,
1390 3609 1506 3650 non
1555 3592 1761 3658 lanuS,
1832 3598 1891 3651 et
1948 3588 2277 3651 declinatur
2333 3590 2433 3651 hic
2490 3588 2689 3651 lanius
2750 3588 2929 3651 buius
2976 3588 3123 3649 lanii
3190 3598 3255 3652 et

647 3692 876 3754 similia.

821 3794 994 3855 Ficus
1041 3793 1226 3856 Varro
1271 3793 1595 3856 masculino
1633 3812 1855 3873 genere
1899 3794 2045 3855 dixit
2090 3796 2198 3864 ita,
2256 3795 2379 3856 ‘de
2440 3795 2589 3856 ficu
2650 3814 2725 3856 se
2778 3811 2959 3872 susp
2976 3810 3061 3855 en
3078 3794 3251 3858 dit'.

651 3898 818 3959 cuius
861 3896 1149 3959 ablativus
1185 3896 1495 3961 masculini
1537 3899 1773 3975 generis
1818 3905 1923 3957 est.

569 4018 622 4061 as
821 3999 1066 4061 Nomina
1115 3998 1514 4079 monosyllaba
1561 3998 1883 4059 masculina
1942 4000 2197 4060 animam
2242 3998 2549 4070 babentia,
2606 4016 2761 4079 quae
2804 4016 2841 4057 x
2884 3996 3079 4058 littera
3126 4006 3251 4059 ter·

650 4104 970 4172 minantur,
1013 4120 1118 4163 rex
1163 4119 1307 4179 grex
1353 4102 1572 4183 Phryx.
1659 4101 1764 4163 sed
1808 4101 1858 4160 si
1906 4120 1940 4161 x
1979 4100 2171 4162 littera
2216 4119 2250 4161 c
2290 4110 2349 4162 et
2378 4120 2407 4162 s
2447 4108 2695 4168 constat,
2742 4116 2927 4179 quare
2972 4102 3253 4177 genetivo

651 4205 826 4265 buius
867 4205 1025 4281 regis
1081 4212 1138 4265 et
1186 4223 1305 4266 non
1354 4206 1510 4266 recis
1563 4212 1666 4265 aut
1712 4221 1823 4283 per
1861 4222 1925 4265 se
1969 4203 2157 4281 ipsam
2202 4222 2235 4263 x
2292 4211 2358 4265 ut
2400 4205 2558 4263 rexis
2610 4204 2783 4263 lacit?
2872 4202 3022 4263 baec
3066 4220 3251 4263 causa

650 4314 757 4377 est,
803 4308 1080 4386 qnoniam
1127 4309 1281 4387 apud
1329 4308 1602 4385 antiquos
1643 4296 1912 4367 c'littera
1954 4322 2063 4384 pro
2108 4324 2145 4383 g
2192 4305 2541 4383 ponebatur,
2586 4306 2670 4365 sic
2716 4306 2803 4366 uti
2850 4322 3011 4365 nuuc
3050 4322 3089 4381 g
3134 4323 3251 4383 pro

649 4426 684 4469 c
726 4408 914 4489 posita
953 4418 1068 4479 est,
1121 4416 1179 4471 et
1227 4409 1494 4487 genetivo
1553 4408 1726 4467 buius
1770 4408 1931 4484 regis
1986 4424 2093 4485 per
2134 4426 2166 4467 c
2212 4405 2556 4477 notabatur,
2615 4409 2701 4467 sic
2744 4408 2832 4468 uti
2880 4424 3251 4487 praenomen

792 4621 817 4671 1
859 4618 1046 4686 Pallas]
1099 4624 1257 4687 Ver-9.
1297 4622 1428 4673 Aen.
1467 4620 1510 4669 X
1549 4621 1668 4672 515.
1828 4620 1861 4671 3
1900 4617 2012 4685 rex]
2061 4622 2219 4685 Ver-9.
2259 4622 2395 4671 Aen.
2435 4620 2552 4669 Vlll
2592 4619 2690 4671 185
2848 4620 2885 4669 8
2921 4619 3076 4671 unica
3108 4636 3253 4675 corr.

649 4691 793 4741 unita
823 4691 875 4741 B
1023 4692 1082 4742 19
1113 4690 1249 4757 cum]
1291 4699 1396 4741 tum
1431 4691 1484 4741 B
1625 4691 1694 4741 20
1730 4692 2002 4755 genetiuus
2036 4700 2085 4738 et
2116 4690 2325 4741 datiuus
2360 4698 2411 4738 et
2446 4689 2702 4739 ablati-ms
2738 4688 2789 4738 B
2964 4688 3035 4740 3³
3073 4690 3253 4757 Reus]

651 4761 852 4812 Charis.
893 4778 948 4827 p.
988 4764 1054 4812 74
1092 4771 1144 4811 et
1183 4762 1282 4813 103
1525 4760 1592 4809 de
1625 4758 1747 4825 ficu]
1792 4762 1895 4811 Cic.
1936 4760 2001 4809 de
2034 4768 2172 4811 orat.
2211 4760 2254 4808 11
2292 4759 2379 4820 69,
2418 4759 2540 4810 278.
2606 4760 2671 4809 de
2713 4774 2893 4811 enm-e
2933 4766 3257 4824 matini

659 4834 889 4883 Varroni
918 4830 1045 4882 haec
1075 4832 1339 4882 tribuentis
1373 4832 1553 4881 dic-nem
1589 4838 1668 4880 est
1697 4833 1751 4883 in
1786 4830 1984 4881 eluar-12³.
2018 4845 2076 4894 p.
2115 4830 2182 4879 74
2220 4830 2284 4883 P.
2428 4828 2497 4881 36
2532 4828 2728 4895 Phryx]
2762 4829 2881 4879 l'mx
2916 4830 2967 4880 B
