3434 5442
1254 372 1257 375 -
1313 332 1734 396 PRAEFATIO
2602 349 2795 395 xxxv

219 523 354 578 sunt
393 514 501 578 hi:
551 515 770 580 codex
817 517 1151 581 Parisinus
1199 525 1363 588 7537
1405 518 1644 583 memb.
1693 528 1733 587 4
1778 539 1945 582 saec.
1993 517 2097 582 XI
2140 517 2188 582 f.
2238 528 2271 587 1
2319 524 2531 598 incipit
2573 525 2650 582 de
2679 568 2694 582 .
2734 568 2749 582 .
2784 569 2798 582 .

221 623 498 680 orationis
543 623 768 683 donati
803 625 1193 698 qrammatici
1243 624 1407 683 urbis
1438 667 1453 681 .
1490 667 1504 681 .
1541 666 1555 681 .
1629 625 1847 683 Partes
1890 626 2185 684 orationis
2226 632 2364 684 sunt
2408 631 2542 684 octo
2586 659 2668 668 —-
2712 629 2801 685 in-

221 725 487 783 conditas
527 727 905 786 invenimus.
961 725 1051 785 De
1091 742 1258 786 uoce.
1319 727 1458 788 Vox
1500 733 1586 786 est
1619 759 1688 768 --
1725 734 2046 787 commata.
2135 727 2567 788 Barbarismus
2610 735 2693 788 esc
2718 761 2804 772 --

224 829 376 886 uexit
420 827 510 886 ad
549 828 752 887 urbes.
845 823 1072 888 Codex
1115 822 1558 908 Sangallensis
1603 831 1727 894 882
1772 823 2009 888 memb.
2057 833 2097 893 4
2142 845 2311 888 saec.
2357 823 2427 887 X
2482 847 2547 910 p.
2596 829 2803 896 1—‘66

223 929 422 1004 incipit
463 930 653 990 editio
695 931 967 990 secunda
1011 931 1230 990 donati
1275 932 1666 1005 yrammatici
1723 931 1889 990 urbis
1931 946 2159 990 romae.
2251 931 2463 990 Partes
2510 934 2806 992 orationis

224 1038 350 1090 siml
391 1039 526 1091 octo
566 1065 654 1074 ——
697 1033 1047 1092 inconditas
1089 1027 1439 1094 inuenimits.
1491 1033 1713 1106 finiam!
1766 1034 2027 1092 maiores
2069 1039 2285 1108 partes
2338 1034 2553 1093 donati
2600 1051 2802 1109 yram-

227 1135 436 1192 marici.
496 1135 712 1210 incipit
764 1135 1028 1194 eiusdem
1082 1137 1159 1194 de
1201 1150 1367 1197 uoce.
1466 1137 1603 1196 Vox
1657 1141 1743 1194 est
1800 1151 1912 1193 aer
1950 1169 2036 1178 —
2078 1137 2251 1195 uexit
2308 1137 2395 1195 ad
2444 1137 2639 1196 urbes.
2698 1155 2801 1196 ex-

223 1237 404 1310 plicit.
469 1253 622 1296 nam
677 1234 774 1296 ita
827 1231 982 1298 olim
1038 1241 1260 1319 partes
1315 1233 1466 1298 libri
1527 1234 1810 1319 scriptae
1854 1243 2069 1313 erant,
2134 1254 2301 1319 quae
2341 1256 2515 1298 nunc
2558 1217 2806 1320 aliduot

233 1332 616 1396 membranis
661 1335 1076 1420 transpositis
1122 1344 1186 1399 et
1227 1337 1399 1400 inter
1441 1357 1512 1399 se
1557 1335 1907 1400 distractae
1952 1344 2017 1398 et
2058 1357 2207 1398 cum
2232 1334 2452 1400 libello
2485 1334 2693 1400 Servii
2726 1335 2805 1400 de

233 1433 528 1498 finalibus
575 1437 957 1502 coniunctae
1000 1446 1174 1501 sunt.
1221 1435 1450 1501 eadem
1493 1435 1801 1522 leguntur
1842 1437 1911 1499 in
1964 1436 2185 1500 codice
2231 1434 2639 1520 Sangallensi
2682 1445 2805 1508 878

239 1534 473 1601 decimo
543 1537 806 1603 saeculo
876 1540 1113 1624 scripto
1175 1547 1240 1604 et
1293 1541 1362 1604 in
1417 1537 1602 1604 libris
1658 1537 1909 1603 Italicis
1962 1538 2185 1622 quinto
2242 1537 2490 1604 decimo
2546 1539 2803 1604 saeculo

237 1639 474 1724 scriptis
526 1638 850 1705 Vrbinate
893 1649 1058 1710 1157
1104 1650 1169 1707 et
1210 1641 1646 1706 Ambrosiano
1689 1639 1762 1706 M
1808 1648 1910 1712 69.

385 1740 608 1826 Longe
661 1745 985 1808 maximus
1041 1755 1142 1810 est
1196 1766 1418 1810 eorum
1461 1742 1779 1809 librorum
1832 1763 2172 1822 numeruS,
2228 1744 2341 1828 qui
2385 1743 2673 1828 singulas
2720 1765 2804 1808 ex

237 1842 314 1904 iis
349 1845 670 1928 partibuS,
728 1867 897 1930 quae
949 1847 1019 1910 in
1073 1846 1407 1911 codicibus
1453 1867 1652 1931 supra
1695 1844 1955 1930 scriptis
1998 1843 2321 1909 indicatae
2365 1857 2546 1927 sunt,
2605 1849 2804 1911 conti-

239 1953 401 2007 nent.
444 1946 554 2030 qui
598 1949 904 2032 quoniam
947 1947 1033 2012 ad
1073 1949 1448 2014 universam
1501 1948 1654 2013 libri
1707 1947 2147 2012 condicionem
2202 1957 2378 2012 recte
2432 1949 2805 2013 existiman-

247 2047 382 2110 dam
425 2047 584 2112 nihil
628 2049 871 2130 valent,
915 2071 1045 2115 non
1089 2050 1482 2116 enumerabo
1527 2071 1688 2136 quos
1734 2049 1839 2113 vel
1882 2050 2025 2134 ipse
2053 2047 2191 2113 vidi
2219 2047 2326 2113 vel
2368 2051 2436 2112 in
2480 2050 2803 2116 indicibus

245 2148 537 2214 librorum
579 2172 779 2215 manu
836 2153 1224 2237 scriptorum
1276 2151 1598 2217 indicatos
1651 2151 1894 2216 inveni.
1950 2171 2162 2237 neque
2211 2153 2281 2215 in
2321 2152 2403 2215 iis
2445 2153 2799 2235 codicibus,

235 2252 336 2335 qui
373 2261 594 2316 vetera
635 2253 882 2318 Donati
924 2263 1277 2340 praecepta
1316 2254 1716 2340 interpositis
1760 2252 2326 2318 observationibus
2372 2263 2439 2319 et
2490 2255 2801 2342 interpre-

233 2353 567 2420 tationibus
636 2357 1069 2421 recentiorum
1133 2358 1700 2442 grammaticorum
1766 2364 2015 2419 mutata
2070 2355 2410 2437 exhibent,
2474 2358 2799 2423 morabor.

239 2476 376 2518 nam
414 2457 493 2520 iis
537 2479 706 2542 quae
749 2479 950 2544 supra
993 2459 1236 2544 scripta
1279 2467 1432 2522 sunt
1476 2458 1556 2522 de
1601 2459 1775 2522 omni
1816 2456 2010 2521 huius
2056 2454 2207 2522 libri
2248 2460 2587 2541 memoria,
2634 2481 2801 2547 quae

229 2557 474 2641 quidem
516 2558 704 2624 libris
747 2582 945 2624 manu
987 2561 1246 2646 scriptis
1290 2560 1676 2641 continetur,
1735 2561 1895 2624 satis
1938 2569 2235 2625 constare
2279 2569 2458 2646 puto.
2517 2562 2597 2627 de
2655 2574 2800 2627 octo

227 2658 508 2740 partibus
559 2663 871 2726 orationis
924 2663 1128 2748 igitur
1183 2661 1312 2726 duo
1367 2660 1747 2727 ferebantur
1801 2661 2047 2726 Donati
2101 2664 2576 2744 commentarii,
2637 2664 2801 2728 alter

223 2757 472 2826 brevior
511 2764 1133 2848 interrogationibus
1178 2772 1246 2828 et
1296 2763 1831 2850 responsionibus
1875 2763 2230 2848 dispositus
2247 2811 2266 2846 ,
2324 2786 2519 2851 quem
2574 2765 2800 2830 editio-

220 2883 359 2926 nem
401 2865 678 2948 primam
722 2866 802 2931 de
847 2877 990 2931 octo
1033 2868 1335 2951 partibus
1382 2866 1690 2931 orationis
1722 2863 1830 2930 vel
1858 2876 2079 2950 partes
2108 2867 2388 2932 minores
2420 2866 2526 2932 vel
2552 2869 2797 2953 primas

217 2975 426 3048 partes
467 2969 879 3053 grammatici
920 2969 1418 3055 inscripserunt,
1485 2968 1650 3034 alter
1701 2967 1967 3032 uberior
2009 2977 2074 3032 et
2116 2967 2399 3051 doctior,
2466 2991 2658 3055 quem
2702 2992 2799 3035 se-

213 3067 491 3132 cundam
545 3069 896 3135 editionem
951 3071 1032 3136 de
1087 3072 1386 3158 partibus
1441 3070 1751 3135 orationis
1806 3069 1914 3135 vel
1966 3073 2243 3134 maiores
2298 3082 2517 3157 partes
2586 3070 2799 3136 dicere

209 3179 706 3236 consueverunt.
764 3173 943 3258 prior
995 3183 1214 3238 autem
1278 3173 1477 3238 editio
1543 3181 1618 3237 ut
1680 3173 1930 3258 primae
1994 3194 2342 3258 puerorum
2406 3173 2799 3238 institutioni

209 3271 538 3338 destinata
579 3282 760 3356 erat,
813 3275 910 3340 ita
961 3277 1242 3362 primum
1283 3272 1499 3339 locum
1539 3277 1610 3339 in
1652 3275 1838 3340 libris
1883 3295 2081 3338 manu
2125 3275 2383 3360 scriptis
2425 3282 2799 3339 constanter

208 3374 478 3454 obtinet,
525 3377 816 3442 secunda
855 3379 924 3441 in
967 3378 1438 3463 antiquissimis
1485 3384 1552 3441 et
1592 3379 1853 3463 optimis
1885 3374 2219 3440 codicibus
2248 3377 2343 3440 ita
2370 3398 2517 3440 cum
2546 3375 2799 3462 reliqua

207 3479 362 3540 artis
393 3481 864 3562 grammaticae
895 3481 1299 3566 expositione
1330 3481 1676 3545 coniuncta
1705 3488 1824 3557 est,
1868 3487 1944 3544 ut
1984 3500 2114 3543 uno
2160 3485 2226 3542 et
2268 3481 2573 3545 continuo
2603 3500 2798 3565 opere

207 3579 488 3662 primum
532 3579 618 3646 de
657 3602 840 3663 voce,
887 3580 967 3645 de
1010 3580 1247 3664 littera,
1294 3581 1375 3646 de
1405 3581 1679 3668 syllaba,
1712 3581 1794 3646 de
1830 3581 2127 3667 pedibuS,
2161 3579 2242 3645 de
2271 3582 2667 3662 accentibuS,
2715 3581 2798 3646 de

209 3683 537 3764 posituris,
606 3681 840 3748 deinde
884 3683 966 3748 de
1009 3693 1155 3750 octo
1211 3683 1542 3770 partibus,
1607 3693 1938 3768 postremo
1984 3683 2065 3747 de
2108 3684 2285 3749 vitiis
2334 3693 2399 3750 et
2441 3683 2797 3750 virtutibus

209 3784 516 3848 orationis
561 3794 1016 3871 exponeretur.
1071 3787 1156 3851 ab
1211 3785 1356 3850 aliis
1413 3784 1700 3850 secunda
1757 3785 1956 3850 editio
2010 3784 2092 3851 de
2143 3787 2441 3870 partibus
2486 3787 2797 3851 orationis

211 3887 402 3969 priori
447 3885 748 3953 subiecta
793 3896 859 3952 et
901 3896 1050 3953 ante
1081 3909 1223 3952 eam
1253 3896 1526 3974 partem,
1574 3909 1744 3974 quae
1789 3899 1898 3954 est.
1929 3887 2010 3952 de
2038 3908 2201 3952 voce
2244 3896 2311 3952 et
2339 3887 2605 3974 reliquis
2637 3891 2795 3953 artis

213 3984 558 4071 elementis,
585 3989 942 4072 conlocata,
971 3991 1298 4054 interdum
1321 3991 1515 4054 etiam
1539 3991 1607 4055 in
1636 3991 1834 4054 finem
1862 3991 2153 4055 universi
2174 3991 2387 4077 operis
2411 3991 2654 4054 reiecta
2676 4001 2795 4056 est.

211 4089 296 4152 ita
335 4090 590 4156 factum
633 4100 736 4156 est
777 4100 872 4174 ut,
914 4114 1062 4157 cum
1103 4101 1364 4178 praeter
1404 4094 1721 4157 minorem
1765 4092 2116 4157 editionem
2156 4092 2408 4179 reliqua
2450 4113 2557 4156 ars
2587 4093 2796 4158 tribus

213 4193 495 4275 partibus
543 4194 869 4278 disposita
909 4205 1097 4274 esset,
1147 4204 1352 4260 artem
1395 4195 1789 4280 tripertitam
1832 4217 1963 4259 non
1991 4191 2156 4258 nulli
2184 4195 2509 4259 communi
2541 4195 2797 4259 nomine

219 4296 507 4360 maiorem
577 4305 789 4360 artem
851 4293 960 4360 vel
1024 4297 1300 4361 maiores
1356 4306 1576 4381 partes
1632 4295 2057 4384 appellarent.
2122 4304 2349 4362 contra
2402 4295 2487 4361 ab
2530 4295 2675 4361 aliis
2720 4319 2799 4361 ea

227 4417 371 4479 para,
413 4419 592 4486 quae
633 4409 738 4463 est
782 4398 866 4462 de
908 4420 1088 4479 voce,
1134 4397 1216 4464 de
1259 4397 1496 4479 littera,
1544 4397 1626 4462 de
1672 4395 1945 4485 syllaba,
1993 4398 2073 4464 de
2115 4397 2412 4482 pedibus,
2462 4397 2545 4463 de
2572 4421 2797 4464 accen-

225 4497 390 4582 tibus,
451 4501 534 4566 de
582 4502 930 4587 posituris,
985 4511 1332 4587 propterea
1373 4501 1546 4587 quod
1591 4507 1742 4565 ante
1784 4501 2095 4586 maiorem
2136 4499 2483 4564 editionem
2528 4501 2608 4565 de
2652 4511 2798 4567 octo

229 4606 490 4684 partibus
553 4605 778 4689 posita
839 4611 1006 4684 erat,
1071 4605 1284 4689 prima
1337 4602 1444 4668 vel
1499 4603 1710 4666 minor
1765 4623 1917 4688 pars
1974 4601 2153 4667 dicta
2218 4610 2334 4667 est.
2403 4625 2795 4689 quamquam

233 4705 336 4768 eius
361 4709 452 4771 rei
481 4710 556 4772 in
590 4704 936 4770 codicibus
980 4705 1242 4790 quidem
1271 4727 1469 4770 manu
1514 4704 1771 4791 scriptis
1802 4703 2048 4770 Donati
2077 4726 2207 4769 non
2235 4706 2458 4770 inveni
2486 4706 2792 4772 indicium

235 4817 444 4888 praeter
473 4807 1031 4891 subscriptionem
1070 4807 1142 4872 in
1171 4807 1566 4872 Santeniano
1607 4805 1831 4871 codice
1869 4808 2229 4874 recentiore
2258 4831 2455 4873 manu
2484 4809 2793 4890 additam.

2306 4911 2391 4976 0*
