3434 5442
695 331 820 395 436
1365 357 1370 365 ·
1686 322 1930 386 SEval
1978 322 2285 406 [SERGn]

2832 443 2877 484 p.
2908 430 3021 472 1847.
3046 430 3094 471 ιε
3120 431 3157 472 r.

700 495 1062 594 significant,
1110 511 1181 591 ‚id
1227 518 1316 572 est
1361 513 1562 573 ‘cuius
1617 511 1809 590 gentis
1822 516 1865 581 ³,
1916 509 2227 593 [optimas]
2274 512 2537 573 ‘nostrae
2580 513 2831 590 gentis’.
2878 508 3129 590 plerique
3163 530 3233 572 ac-

701 622 934 676 centum
980 616 1042 674 in
1084 611 1294 675 ultima
1334 611 1557 694 syllaba
1602 619 1863 692 ponunt,
1909 614 2145 694 quando
2189 614 2443 676 dicimus
2485 615 2675 685 cuias;
2722 612 2825 674 sed
2872 630 3065 692 prave.
3130 631 3231 673 nam

697 717 854 778 nulla
913 734 1052 796 pars
1105 717 1389 777 orationis
1443 722 1534 778 est
1587 715 1795 777 Latina
1856 714 2076 796 absque
2132 715 2483 794 praedictis,
2540 733 2691 794 quae
2734 723 2933 795 potest
2972 716 3032 775 in
3074 713 3231 775 ultima

699 827 1005 880 accentum
1051 825 1275 880 tenere.
1364 825 1504 880 sunt
1546 816 1739 900 aliqua
1782 818 2135 898 pronomina
2179 835 2331 899 quae
2376 817 2611 880 casibus
2654 825 2963 879 crescunt:
3014 817 3234 877 nomina·

645 936 670 975 5
706 923 851 992 tivo,
898 926 965 982 ut
1007 922 1138 1001 quis
1183 918 1272 982 vel
1316 921 1444 1001 qui,
1491 922 1762 999 genetivo
1806 919 2117 999 singulari,
2178 929 2243 983 ut
2284 920 2400 981 mei
2446 918 2535 980 vel
2578 920 2719 991 mis,
2764 921 2851 982 tui
2898 917 2985 980 vel
3028 918 3233 988 tis,-ab·

697 1022 873 1084 lativo
918 1022 1233 1101 singulari,
1281 1030 1344 1083 ut
1387 1042 1418 1083 a
1464 1042 1580 1104 quo
1627 1021 1715 1083 vel
1762 1041 1795 1082 a
1839 1023 1969 1103 qui;
2023 1020 2236 1103 plurali
2291 1021 2483 1084 dativo
2530 1030 2589 1083 et
2630 1019 2911 1089 ablativo,
2968 1028 3031 1082 nt
3070 1038 3101 1081 a
3138 1022 3236 1100 quis

701 1123 788 1184 vel
837 1143 866 1185 a
913 1124 1144 1205 quibus».
1234 1143 1346 1205 qua
1393 1126 1621 1186 ratione
1663 1123 1835 1196 flant,
1882 1125 2153 1204 superius
2196 1124 2468 1186 diximus.
2528 1133 2665 1186 sunt
2708 1143 2743 1185 e
2788 1123 3081 1185 contrario
3120 1141 3235 1201 quae

697 1225 932 1290 casibus
976 1226 1355 1287 decrescunt:
1433 1245 1566 1288 nam
1613 1224 1925 1308 aliquando
1980 1227 2271 1288 vocativus
2316 1245 2435 1288 non
2479 1226 2803 1301 invenitur,
2847 1233 2915 1286 ut
2954 1226 3017 1286 in
3056 1241 3236 1304 prouo-

697 1331 858 1392 mine
903 1318 1044 1408 θεὸς
1102 1327 1415 1408 aliquando
1473 1329 1863 1390 nominativus
1918 1336 1978 1390 et
2031 1330 2356 1399 vocativus,
2416 1336 2480 1391 ut
2534 1329 2594 1389 in
2638 1328 2993 1407 pronomine
3031 1327 3118 1388 sui
3154 1324 3237 1386 sibi

627 1445 671 1484 ιο
703 1451 766 1492 se
809 1451 842 1492 a
887 1449 983 1502 se;
1031 1428 1346 1510 aliquando
1387 1437 1615 1493 tantum
1661 1431 2058 1504 accusativuS,
2106 1440 2171 1493 ut
2214 1449 2420 1492 eccum
2452 1448 2651 1492 eccam
2698 1429 2875 1491 ellum
2922 1427 3119 1498 ellam;
3158 1425 3236 1487 ali·

695 1531 930 1614 quando
996 1540 1218 1594 tantum
1287 1535 1614 1612 genetivus,
1684 1541 1751 1594 ut
1811 1534 1939 1594 cuia
1998 1539 2057 1594 et
2112 1533 2328 1594 cuium.
2416 1531 2574 1614 quod
2630 1539 2825 1594 autem
2885 1530 3125 1592 dicimus
3168 1531 3238 1588 sui

695 1633 852 1695 aliud
899 1651 1028 1698 esse
1071 1651 1431 1713 pronomen,
1493 1653 1696 1697 verum
1744 1643 1863 1696 est:
1912 1653 2031 1696 non
2075 1636 2237 1698 enim
2283 1634 2357 1696 de
2401 1637 2733 1715 possessivo
2776 1634 3060 1701 nascitur,
3104 1632 3239 1692 cuius

693 1733 1124 1820 nomiflnativus
1189 1742 1278 1796 est
1337 1754 1494 1799 suuS.
1584 1755 1721 1799 nam
1778 1738 1829 1798 si
1883 1736 2021 1798 inde
2078 1742 2449 1808 nasceretur,
2503 1736 2761 1798 dativum
2818 1737 2880 1796 in
2924 1753 2961 1794 o
2998 1735 3237 1802 mitteret,

695 1857 835 1909 suo,
869 1839 1080 1900 nonin
1110 1839 1160 1908 i,
1203 1837 1333 1898 sibi.
1380 1846 1686 1920 praeterea
1732 1851 1822 1900 est
1864 1836 1976 1900 alia
2023 1838 2379 1910 differentia,
2425 1839 2585 1920 quod
2626 1838 2742 1899 hoc
2786 1853 3131 1916 pronomen,
3170 1836 3239 1894 sui

624 1956 671 1998 15
701 1939 789 2000 vel
831 1939 977 2011 sibi,
1021 1941 1326 2020 utriusque
1373 1942 1606 2003 numeri
1651 1948 1767 2011 est;
1824 1940 1965 2002 illud
2012 1959 2153 2001 vero
2196 1942 2618 2021 possessivum,
2678 1958 2849 2010 suuS,
2917 1946 2976 2000 et
3016 1934 3235 2016 singula·

695 2059 826 2102 rem
891 2041 1069 2102 habet
1126 2060 1436 2104 numerum
1505 2051 1567 2104 et
1629 2040 1940 2123 pluralem.
2030 2044 2355 2122 quaesitum
2412 2051 2505 2104 est
2558 2041 2712 2122 apud
2771 2042 3054 2111 GraecoS,
3112 2057 3177 2100 an
3212 2059 3239 2097 o
3347 2113 3348 2116 Ἴ

697 2145 944 2205 vocativi
988 2161 1158 2206 casus
1201 2153 1358 2205 esset
1399 2143 1704 2215 articuluS,
1753 2152 1812 2205 et
1853 2144 2141 2224 probatur
2185 2161 2303 2206 non
2348 2162 2496 2206 esse.
2565 2161 2772 2206 omnes
2816 2144 2973 2204 enim
3018 2139 3239 2210 articuli,
3346 2149 3348 2212 j

697 2264 829 2307 cum
877 2244 949 2308 de
993 2263 1242 2308 numero
1285 2245 1571 2326 singulari
1614 2247 1685 2308 ad
1731 2245 2020 2325 pluralem
2051 2253 2387 2316 transeunt,
2434 2248 2593 2308 varie
2620 2245 3033 2328 proferuntur,
3074 2251 3137 2305 ut
3160 2241 3237 2304 bic

696 2355 756 2408 et
798 2347 889 2422 hi,
936 2349 1108 2410 huius
1151 2355 1212 2408 et
1254 2347 1467 2410 horum
1523 2355 1581 2408 et
1636 2348 1867 2428 reliqui.
1958 2348 2192 2429 quando
2250 2355 2445 2409 autem
2503 2347 2755 2409 dicimus
2822 2364 2859 2407 o
2911 2346 3080 2408 docte
3130 2353 3241 2404 eto
3346 2369 3348 2438 3

618 2464 670 2505 πο
700 2448 887 2519 docti,
945 2451 1006 2510 in
1063 2458 1314 2530 utroque
1368 2467 1618 2512 numero
1663 2450 1916 2512 eundem
1964 2449 2274 2513 articulum
2320 2451 2613 2532 ponimus.
2702 2466 2817 2529 qua
2862 2467 2929 2510 re
2974 2465 3087 2509 nou
3126 2445 3241 2507 arti·

697 2547 862 2612 culus
909 2550 1166 2622 videtur,
1213 2553 1346 2631 quia
1395 2571 1513 2614 non
1559 2559 1819 2614 mutatur
1860 2553 1921 2612 in
1966 2568 2215 2614 numero
2258 2550 2503 2632 plurali,
2548 2551 2653 2613 sed
2699 2551 2893 2631 potius
2936 2547 3241 2611 adverbium

694 2653 986 2724 vocantiS,
1043 2659 1138 2724 ut,
1184 2661 1360 2734 qu'em
1417 2653 1490 2715 ad
1535 2655 1775 2716 modum
1822 2652 2073 2716 dicimus
2127 2655 2310 2716 ‘heus
2353 2671 2455 2716 vos
2510 2652 2668 2715 docti
2684 2657 2722 2723 ²,
2766 2653 2854 2713 sic
2898 2651 3146 2714 dicamus
3185 2654 3241 2708 ‘o
3347 2651 3348 2736 g

693 2763 757 2816 tu
803 2754 974 2817 docte
997 2761 1013 2786 ’
1061 2761 1120 2815 et
1165 2759 1233 2816 ‘o
1293 2773 1395 2816 vos
1452 2755 1665 2817 docti’.
1753 2757 1910 2816 inter
1974 2753 2253 2817 articulos
2318 2763 2379 2816 et
2438 2773 2771 2836 pronomen
2841 2753 2957 2815 hoc
3010 2753 3241 2819 interest,
3347 2795 3348 2816 2

695 2855 852 2938 quod
899 2857 1248 2936 pronomina
1294 2864 1436 2918 tunc
1479 2864 1647 2929 sunt,
1693 2875 1827 2919 cum
1874 2857 2004 2920 sine
2050 2856 2385 2920 nominibus
2428 2865 2567 2919 sunt
2610 2866 2670 2918 et
2712 2855 3040 2919 absentium
3080 2852 3239 2913 nomi·
3347 2883 3348 2886 κ

619 2975 669 3014 25
701 2976 843 3019 num
886 2958 1158 3019 videntur
1202 2957 1441 3039 explere
1484 2978 1798 3041 personas,
1846 2967 1911 3022 ut
1954 2959 2051 3020 hic
2094 2959 2244 3020 haec
2285 2959 2417 3021 hoc.
2478 2958 2713 3039 quando
2758 2966 2954 3019 autem
3000 2956 3123 3018 dico
3160 2954 3241 3015 hic
3346 3017 3348 3028 .

696 3061 925 3122 Aeneas
969 3060 1142 3122 huius
1187 3060 1446 3135 Aeneae,
1491 3063 1605 3124 iam
1653 3080 1773 3124 non
1803 3069 2051 3141 possunt
2091 3062 2445 3141 pronomina
2487 3060 2631 3132 dici,
2678 3077 2812 3122 cum
2860 3077 2980 3121 nou
3024 3059 3239 3136 iungan-

697 3172 793 3223 tur
839 3180 1042 3225 eorum
1091 3162 1425 3235 nominum,
1473 3181 1622 3244 quae
1666 3163 2001 3244 praesentia
2044 3170 2208 3236 sunt,
2256 3163 2480 3224 officio:
2528 3163 2652 3243 ipsa
2698 3163 2858 3223 enim
2901 3161 3126 3222 nomina
3153 3175 3242 3238 per
3346 3205 3348 3208 Α

695 3281 760 3324 se
801 3264 1284 3343 significationem
1316 3263 1562 3345 inplent.
1640 3273 1850 3328 neuter
1880 3273 2013 3328 uter
2043 3264 2192 3328 alius
2222 3272 2283 3327 et
2311 3263 2535 3346 reliqua
2568 3271 2797 3325 constat
2840 3280 2972 3326 esse
3014 3261 3239 3327 nomina,
3346 3263 3348 3332 ἲ

709 3365 984 3444 quoniam
1016 3365 1247 3427 Probus
1276 3368 1476 3446 viginti
1522 3374 1582 3428 et
1626 3385 1805 3429 unum
1853 3367 1995 3428 dicit
2036 3386 2166 3429 esse
2210 3369 2593 3448 pronomina,
2640 3367 2699 3426 in
2745 3365 2959 3446 quibus
2998 3365 3102 3425 ista
3140 3379 3238 3422 uon

617 3482 668 3524 ³0
695 3474 1107 3548 conputantur.
1201 3487 1268 3530 ea
1323 3469 1702 3548 pronomina,
1762 3488 1911 3550 quae
1979 3476 2227 3549 utraque
2310 3475 2479 3549 parte
2552 3468 2971 3529 nominativum
3029 3463 3238 3531 hahent,
3347 3529 3348 3554 ἶ

693 3569 1016 3631 secundum
1057 3569 1306 3632 sormam
1343 3572 1646 3632 nominum
1683 3570 2074 3633 declinantur.
2134 3588 2269 3632 nam
2307 3579 2553 3652 utraque
2593 3577 2761 3651 parte
2790 3571 2876 3630 sic
2913 3567 3240 3630 declinamus
3346 3581 3348 3618 f

695 3671 984 3752 quisquis,
1042 3689 1219 3752 quem
1276 3671 1346 3732 ad
1403 3673 1640 3734 modum
1698 3683 1938 3754 praetor
1984 3671 2275 3741 urbanus;
2322 3674 2409 3736 sic
2452 3680 2649 3734 autem
2692 3673 2895 3752 priore
2938 3681 3099 3749 parte
3134 3684 3237 3728 non
3346 3667 3348 3676 ⁴

697 3771 1058 3834 declinamus
1092 3772 1327 3853 aliquiS,
1373 3793 1550 3854 quem
1595 3774 1668 3836 ad
1714 3775 1953 3837 modum
1986 3792 2096 3836 nec
2140 3775 2283 3836 iuris
2326 3775 2582 3856 peritus;
2628 3775 2714 3836 sic
2742 3773 3069 3854 posteriore
3094 3777 3237 3850 parte

698 3892 814 3935 non
862 3873 1225 3936 declinamus
1267 3876 1587 3956 quispiam,
1635 3894 1811 3957 quem
1860 3875 1930 3938 ad
1977 3875 2216 3938 modum
2262 3894 2373 3938 nec
2418 3875 2691 3938 tribunus
2734 3873 3006 3937 militum.

835 4199 859 4248 1
905 4201 1126 4264 optimus
1151 4201 1201 4250 P
1234 4200 1421 4264 optime
1455 4214 1506 4257 ς.
1538 4200 1773 4265 optimas,
1814 4200 1949 4266 quod
1979 4215 2081 4250 uno
2108 4215 2214 4251 cum
2250 4211 2449 4252 nostras
2482 4200 2700 4264 positum
2727 4206 2805 4250 est
2830 4199 2969 4263 apud
2996 4197 3237 4250 charam

573 4316 580 4323 .
687 4285 740 4333 p.
775 4269 860 4331 20,
887 4275 1103 4333 propter
1133 4270 1492 4321 &ualitudinem
1515 4273 1853 4332 pronominatur
1886 4272 1937 4320 in
1968 4285 2027 4321 as
2064 4271 2317 4334 finitorum
2364 4277 2545 4333 postea
2588 4270 2895 4333 adscriptum
2936 4285 3046 4320 esse
3072 4267 3238 4318 videtur

827 4341 860 4390 2
889 4340 1056 4388 eniam
1095 4341 1210 4396 Pe.-
1251 4340 1321 4404 εἴ.
1365 4339 1586 4403 Pompei.
1628 4354 1684 4402 p.
1717 4337 1819 4390 246
1984 4338 2017 4390 3
2060 4341 2250 4404 absque
2298 4339 2589 4406 praedictis]
2638 4341 2825 4392 Donat.
2861 4354 2920 4402 p.
2976 4339 3097 4390 1741

691 4409 722 4457 4
749 4416 919 4458 tenere
941 4409 996 4458 id
1030 4419 1108 4459 est
1139 4423 1273 4475 pone
1303 4417 1353 4458 et
1378 4409 1508 4459 alias
1542 4423 1577 4467 ς
1702 4411 1732 4459 7
1762 4408 1991 4473 fortasse
2030 4425 2159 4474 quae
2189 4425 2289 4474 qua
2311 4411 2505 4460 ratione
2538 4409 2661 4460 fiant
2762 4407 3021 4475 superius]
3043 4423 3093 4471 p.
3122 4403 3237 4455 1786

815 4477 848 4528 9
873 4485 927 4527 ut
961 4493 1051 4532 ona.
1087 4479 1134 4528 P
1276 4479 1336 4528 17
1372 4486 1420 4528 et
1455 4481 1698 4545 probatus
1732 4491 1832 4528 non
1868 4493 1985 4529 esse
2014 4481 2064 4530 P
2092 4490 2144 4530 et
2175 4489 2483 4546 prouocatus
2512 4493 2613 4530 non
2642 4487 2776 4528 esset
2811 4495 2845 4536 ς
2874 4487 3039 4530 tamen
3075 4477 3233 4526 salsum

695 4545 788 4596 hoc
837 4547 1078 4612 probatur
1124 4548 1390 4613 Pompeius
1434 4565 1493 4612 p.
1543 4551 1645 4601 255
1845 4549 1913 4600 20
1949 4547 2125 4616 quare]
2166 4565 2297 4613 quae
2335 4565 2418 4601 res
2452 4551 2503 4599 P
2668 4551 2737 4598 ⁰24
2786 4557 2907 4600 sunt
2948 4550 3111 4612 priore
3136 4547 3235 4596 Ioco

691 4631 782 4669 om.
824 4632 894 4673 ς.·
936 4620 1232 4682 pronomina
1276 4619 1511 4669 dicuntur
1551 4627 1668 4669 tnnc
1709 4635 1822 4670 cum
1872 4621 1984 4670 sine
2034 4621 2321 4670 nominibus
2370 4628 2489 4670 sunt
2532 4619 2795 4670 Puoecleius
2932 4617 2999 4670 29
3044 4610 3229 4679 Probus]

691 4687 851 4738 instit.
899 4695 1001 4738 are.
1046 4703 1100 4751 p.
1151 4689 1252 4740 346
1306 4691 1387 4742 ed.
1432 4689 1622 4740 Vind..·
1668 4692 1737 4753 ef.
1784 4691 2009 4752 Pompei.
2067 4706 2121 4754 p.
2183 4689 2281 4741 261
2459 4687 2523 4740 31
2584 4703 2700 4738 uam
2750 4696 2958 4752 utraque
3006 4695 3129 4754 parte
3169 4684 3235 4732 sic

691 4755 1003 4874 ‹leptinaJi'us
1063 4758 1293 4820 quisquis
1356 4759 1598 4823 Quisquis
1668 4760 2096 4825 quemadmodum
2162 4767 2365 4826 praetor
2428 4760 2647 4809 urbanus
2702 4769 2915 4822 utraque
2974 4764 3104 4824 parte
3166 4753 3233 4802 sic

690 4838 857 4874 auem
