3434 5442
984 298 1375 361 INSTITVTA
1413 299 1697 361 ARTIVM
1744 300 2080 363 775-778
2711 307 2827 367 167

332 428 378 468 p.
404 414 489 455 m.
508 415 565 456 ΕΒ
598 414 652 455 R.
2371 430 2415 470 p.
2441 418 2640 461 soo—wt
2675 420 2727 462 V.

238 486 375 547 laris
412 505 545 547 cum
586 484 680 547 vel
718 488 773 547 si
814 486 1085 555 docerer,
1133 504 1267 547 cum
1310 486 1401 548 vel
1443 489 1493 549 si
1535 488 1862 556 docereris,
1908 506 2042 548 cum
2088 488 2178 549 vel
2221 492 2269 550 si
2307 490 2658 560 doceretur;
2720 510 2828 552 nu·-

240 590 383 649 meri
428 586 673 667 pluralis
738 588 1014 650 cum‘vel
1058 590 1107 649 si
1151 589 1543 659 doceremur,
1598 608 1732 651 cum
1784 589 1872 650 vel
1917 591 1966 650 si
2011 590 2404 662 doceremini,
2463 611 2600 653 cum
2645 592 2734 655 vel
2779 595 2830 655 si

236 691 617 751 docerentur:
692 689 903 751 eodem
956 690 1133 751 modo
1197 692 1407 752 eodem
1464 698 1736 770 tempore
1805 694 2002 770 specie
2059 693 2322 770 perfecta
2386 696 2508 756 sive
2560 694 2830 758 absoluta

237 792 459 853 numeri
504 790 827 871 singularis
883 810 1019 853 cum
1066 791 1153 853 vel
1200 794 1251 852 si
1298 792 1506 854 doctus
1548 796 1689 863 sim,
1735 812 1870 854 cum
1919 792 2004 854 vel
2053 795 2102 853 si
2148 795 2356 856 doctus
2401 796 2510 864 sis,
2558 815 2694 858 cum
2741 796 2832 859 vel

234 896 276 953 si
324 893 541 955 doctus
592 893 699 964 sit;
776 896 1011 956 numeri
1053 893 1301 973 pluralis
1356 912 1491 956 cum
1537 894 1627 957 vel
1674 896 1721 955 si
1777 896 1934 957 docti
1983 897 2198 965 simus,
2261 915 2394 958 cum
2443 896 2532 959 vel
2569 900 2620 961 si
2672 900 2829 961 docti
2881 923 2906 961 τ,

233 998 362 1065 sitis,
402 1014 544 1057 cum
593 994 681 1058 vel
728 998 779 1058 si
822 996 977 1058 docti
1024 998 1172 1065 sint;
1236 1004 1295 1057 et
1330 995 1615 1057 ulteriore
1653 998 1920 1076 perfecta
1965 999 2084 1059 sive
2121 996 2388 1059 absoluta
2433 1002 2670 1061 numeri
2707 1002 2827 1063 sin-

234 1097 443 1175 gularis
510 1116 649 1159 cum
696 1096 785 1159 vel
826 1098 875 1157 si
929 1098 1141 1159 doctus
1186 1098 1430 1169 fuerim,
1494 1117 1630 1159 cum
1676 1098 1766 1160 vel
1811 1101 1862 1159 si
1917 1100 2128 1161 doctus
2181 1100 2396 1170 fueriS,
2459 1118 2598 1161 cum
2645 1100 2736 1163 vel
2779 1106 2830 1166 si

234 1200 433 1261 doctus
478 1201 691 1269 fuerit:
748 1202 981 1261 numeri
1016 1199 1267 1280 pluralis
1310 1219 1447 1261 cum
1494 1200 1583 1260 vel
1628 1202 1678 1261 si
1718 1200 1875 1261 docti
1921 1202 2230 1270 fuerimuS,
2271 1220 2404 1263 cum
2445 1202 2535 1263 vel
2573 1206 2622 1265 si
2669 1206 2827 1266 docti

232 1302 485 1371 fueritis,
556 1320 695 1363 cum
738 1300 831 1363 vel
888 1302 937 1361 si
994 1302 1150 1362 docti
1204 1302 1459 1362 fuerint:
1536 1302 1742 1363 eodem
1799 1302 1976 1363 modo
2039 1304 2246 1365 eodem
2305 1312 2577 1382 tempore
2632 1307 2829 1384 specie

234 1404 801 1483 plusquamperfecta
862 1405 981 1465 sive
1020 1403 1385 1465 recordativa
1434 1403 1519 1465 vel
1572 1412 1773 1465 exacta
1820 1407 2052 1465 numeri
2099 1404 2414 1483 singularis
2461 1424 2597 1467 cum
2642 1406 2733 1468 vel
2773 1410 2824 1469 si
2855 1428 2903 1471 ιο

232 1506 432 1567 doctus
478 1522 689 1578 essem,
738 1522 873 1567 cum
920 1505 1011 1566 vel
1052 1505 1099 1565 si
1144 1504 1393 1587 dossctus
1437 1524 1628 1575 esses,
1671 1523 1806 1566 cum
1853 1505 1944 1567 vel
1987 1508 2038 1567 si
2077 1506 2287 1567 doctus
2332 1516 2518 1576 esset;
2594 1511 2827 1571 numeri

232 1607 469 1689 pluralis
536 1627 675 1669 cum
716 1607 809 1669 vel
854 1610 905 1667 si
960 1608 1121 1668 docti
1176 1626 1471 1675 essemus,
1538 1626 1675 1667 cum
1721 1606 1808 1669 vel
1853 1610 1900 1668 si
1958 1608 2114 1669 docti
2169 1610 2406 1677 essetiS‚
2469 1627 2601 1669 cum
2647 1609 2738 1671 vel
2777 1612 2828 1671 si

234 1712 377 1773 docti
418 1718 651 1779 essent;
716 1717 775 1770 et
820 1708 1100 1769 ulteriore
1142 1708 1722 1789 plusquaniperfecta
1767 1711 1886 1770 sive
1927 1710 2295 1772 recordativa
2345 1710 2436 1771 vel
2471 1718 2672 1773 exacta
2716 1730 2826 1773 nu-

234 1815 367 1875 meri
408 1811 729 1890 singularis
775 1830 911 1873 cum
950 1810 1043 1872 vel
1088 1812 1137 1872 si
1182 1811 1391 1873 doctus
1435 1812 1695 1880 fuissem,
1747 1829 1884 1872 cum
1927 1810 2015 1872 vel
2063 1813 2113 1871 si
2159 1813 2370 1873 doctus
2413 1812 2646 1884 fuisseS,
2689 1832 2825 1875 cum

234 1915 311 1977 rei
346 1916 395 1976 si
440 1914 653 1977 doctus
696 1915 927 1983 fuissem
989 1914 1224 1975 numeri
1266 1910 1513 1991 pluralis
1560 1932 1695 1975 cum
1750 1912 1840 1974 vel
1883 1914 1932 1973 si
1977 1914 2134 1975 docti
2173 1914 2504 1986 fuissemuS,
2551 1934 2690 1977 cum
2733 1915 2822 1977 vel
2849 1938 2899 1979 15

233 2021 275 2077 si
312 2018 471 2079 docti
512 2016 800 2085 fuissetis,
849 2033 981 2077 cum
1029 2013 1117 2075 vel
1156 2017 1206 2077 si
1251 2014 1410 2076 docti
1452 2014 1730 2077 fuissent:
1811 2015 2022 2076 eodem
2071 2015 2246 2075 modo
2303 2023 2574 2096 tempore
2619 2016 2822 2079 futuro

230 2120 453 2181 numeri
492 2116 741 2198 pluralis
786 2136 921 2177 cum
968 2116 1056 2178 vel
1105 2118 1154 2178 si
1199 2116 1409 2177 doctus
1454 2136 1609 2197 ero,
1662 2136 1798 2179 cum
1845 2117 1933 2179 vel
1985 2118 2034 2177 si
2081 2118 2288 2178 doctus
2327 2119 2474 2187 eriS‚
2544 2137 2680 2179 cum
2727 2118 2818 2181 vel

232 2224 275 2283 si
316 2222 527 2283 doctus
572 2221 712 2289 erit;
778 2220 1012 2280 numeri
1058 2218 1301 2297 pluralis
1347 2236 1483 2280 cum
1528 2218 1616 2281 vel
1660 2220 1709 2279 si
1754 2220 1911 2280 docti
1955 2220 2204 2287 erimus,
2255 2238 2390 2279 cum
2435 2218 2524 2281 vel
2567 2221 2614 2279 si
2661 2220 2820 2282 docti

234 2325 413 2393 eritis,
470 2340 605 2383 cum
650 2320 740 2383 vel
784 2324 833 2382 si
872 2321 1029 2382 docti
1070 2323 1255 2389 erint;
1329 2329 1390 2382 et
1434 2320 1717 2383 ulteriore
1777 2321 1976 2382 futuro
2029 2323 2264 2383 numeri
2317 2319 2632 2399 singularis
2684 2338 2822 2382 cum

234 2425 313 2489 rel
356 2428 405 2487 si
450 2426 661 2485 doctus
705 2424 907 2493 fuero,
966 2442 1099 2484 cum
1150 2423 1236 2485 vel
1286 2426 1337 2483 si
1384 2424 1592 2484 doctus
1649 2423 1861 2492 fueris,
1924 2441 2059 2485 cum
2107 2422 2192 2485 rel
2240 2426 2291 2484 si
2345 2422 2554 2483 doctus
2607 2424 2813 2493 suerit;
2843 2446 2896 2487 πο

234 2530 455 2591 numeri
507 2525 753 2606 pluralis
810 2544 943 2588 cum
997 2525 1084 2587 vel
1126 2527 1173 2585 si
1212 2526 1371 2587 docti
1407 2526 1723 2594 fuerimus,
1775 2544 1910 2586 cum
1953 2524 2040 2587 vel
2081 2528 2131 2586 si
2173 2525 2331 2586 docti
2364 2526 2624 2594 fueritis,
2683 2544 2820 2587 cum

234 2630 313 2691 vel
356 2632 402 2691 si
448 2630 607 2690 docti
647 2628 885 2689 fuerint.
976 2646 1117 2690 sane
1163 2628 1279 2689 hoc
1323 2646 1667 2697 monemuS,
1729 2628 1886 2707 quod
1933 2628 2167 2707 generis
2215 2628 2426 2707 passivi
2469 2628 2588 2688 sive
2634 2627 2818 2706 depo-

236 2734 417 2793 nentis
454 2730 543 2793 rel
586 2732 921 2791 communis
966 2731 1141 2791 verba
1210 2730 1452 2791 modum
1506 2729 1945 2808 inpersonalem
1996 2730 2082 2790 vel
2128 2730 2378 2808 gerundi
2437 2730 2560 2789 sive
2603 2747 2821 2791 nomen

238 2835 316 2895 vel
356 2832 817 2913 appellationem
862 2832 933 2893 ad
973 2832 1224 2893 sormam
1271 2833 1507 2909 generis
1546 2833 1716 2891 activi
1761 2834 1884 2892 sive
1920 2829 2200 2893 neutralis
2239 2830 2325 2892 vel
2356 2829 2668 2892 inchoativi
2711 2848 2822 2892 nec

237 2954 343 2995 uon
384 2944 445 2996 et
487 2936 903 3015 frequentativi
948 2935 1323 2994 inveniuntur
1367 2933 1681 2995 declinare.
1775 2942 2038 3011 tempora
2081 2934 2528 3012 participiorum
2574 2931 2816 2995 trahun·
2845 2956 2896 2997 2⁵

238 3046 323 3099 tur
374 3037 451 3099 ab
498 3038 617 3099 hoc
674 3036 859 3097 verbo
916 3037 1145 3114 passivo
1202 3035 1351 3104 duo,
1422 3037 1806 3114 praeteritum
1863 3035 2100 3103 doctuS‚
2171 3033 2435 3097 futurum
2495 3034 2816 3096 docendus

240 3158 379 3201 nunc
420 3140 599 3201 etiam
648 3138 763 3198 hoc
804 3156 1143 3207 monemuS,
1200 3137 1356 3216 quod
1399 3156 1471 3197 ex
1519 3138 1776 3198 secunda
1825 3137 2236 3214 coniugatione
2289 3155 2410 3198 non
2455 3156 2526 3199 eo
2579 3136 2822 3216 plurimi

238 3244 370 3311 soni,
410 3240 423 3325 Ι
460 3242 577 3301 hoc
619 3248 709 3303 est
746 3258 865 3301 non
910 3258 981 3301 eo
1022 3238 1275 3319 plurima
1322 3239 1519 3311 verba,
1568 3241 1797 3318 possint
1838 3238 2121 3301 exhiberi.

388 3341 721 3405 Declinatio
768 3342 951 3404 activa
998 3342 1203 3403 tertiae
1250 3342 1678 3421 coniugationis
1724 3350 2055 3422 correptae.
2143 3340 2342 3402 scribo
2393 3340 2637 3403 verbum
2675 3344 2818 3403 acti-

243 3464 357 3507 vum
418 3444 735 3505 indicativo
790 3446 911 3505 sive
960 3444 1393 3522 pronuntiativo
1456 3444 1635 3505 modo
1690 3444 1908 3505 dictum
1969 3443 2251 3523 temporis
2308 3443 2636 3521 praesentis
2693 3444 2816 3505 sive
2843 3462 2896 3505 ao

240 3548 493 3609 instantis
539 3549 773 3608 numeri
818 3543 1131 3623 singularis
1173 3546 1399 3623 figurae
1444 3546 1727 3625 simplicis
1775 3563 2066 3625 personae
2112 3546 2342 3625 primae
2386 3546 2818 3623 coniugationis

242 3651 429 3711 tertiae
474 3656 806 3729 correptae,
850 3648 1007 3726 quod
1054 3646 1445 3709 declinabitur
1481 3648 1583 3709 sic.
1646 3647 1822 3708 modo
1868 3628 2176 3709 indicativo
2221 3649 2340 3708 sive
2381 3648 2816 3725 pronuntiativo

244 3760 495 3833 tempore
556 3752 852 3831 praesenti
918 3751 1037 3811 sive
1104 3751 1339 3811 instanti
1404 3752 1640 3810 numeri
1694 3748 2011 3827 singularis
2063 3750 2258 3811 scribo
2318 3749 2532 3810 scribis
2573 3748 2814 3819 scribit,

246 3858 459 3918 numeri
494 3851 744 3933 pluralis
782 3851 1099 3913 scribimus
1136 3851 1394 3913 scribitis
1434 3851 1732 3914 scribunt:
1801 3852 2008 3913 eodem
2049 3851 2225 3912 modo
2273 3860 2540 3930 tempore
2583 3860 2818 3931 praete-

247 3958 343 4015 rito
402 3956 601 4035 specie
656 3956 1001 4035 imperfecta
1068 3954 1189 4015 sive
1242 3956 1437 4014 minus
1483 3972 1657 4033 quam
1716 3954 1982 4032 perfecta
2050 3952 2136 4015 vel
2193 3953 2520 4013 inchoativa
2583 3956 2816 4014 numeri
2843 3972 2894 4013 ³5

248 4056 535 4137 singularis
600 4055 937 4117 scribebam
1009 4054 1312 4117 scribebas
1377 4055 1705 4125 scribebat,
1790 4056 2022 4117 numeri
2087 4052 2332 4132 pluralis
2410 4054 2819 4116 scribebamus

250 4158 571 4221 scribebatis
626 4157 1000 4220 scribebant:
1075 4159 1285 4219 eodem
1330 4159 1506 4220 modo
1566 4157 1776 4219 eodem
1823 4166 2090 4236 tempore
2144 4158 2344 4234 specie
2384 4154 2646 4234 perfecta
2696 4156 2818 4217 sive

252 4259 489 4321 absoluta
538 4262 773 4322 numeri
810 4260 1124 4338 singularis
1177 4262 1389 4339 scripsi
1432 4261 1720 4340 scripsisti
1764 4262 2030 4340 scripsit,
2093 4260 2327 4319 numeri
2371 4255 2614 4335 pluralis
2670 4258 2815 4317 scri·

252 4363 451 4439 psimus
492 4364 811 4441 scripsistis
850 4364 1219 4440 scripserunt
1264 4359 1353 4424 vel
1400 4350 1721 4441 scripsere:
1753 4360 1780 4443 ΙΙ
1811 4362 2018 4423 eodem
2064 4358 2240 4421 modo
2295 4358 2504 4419 eodem
2549 4365 2818 4437 tempore

252 4466 427 4540 specie
465 4464 1039 4543 plusquamperfecta
1090 4466 1209 4525 sive
1260 4463 1623 4525 recordativa
1671 4464 1758 4524 vel
1797 4471 2000 4525 exacta
2039 4463 2271 4523 numeri
2313 4459 2626 4537 singularis
2670 4462 2816 4523 scri·
2843 4479 2896 4520 ιο

256 4580 461 4640 pseram
530 4568 855 4644 scripseras
928 4568 1279 4645 scripserat,
1352 4566 1583 4627 numeri
1642 4564 1890 4643 pluralis
1957 4566 2384 4643 scripseramus
2449 4564 2822 4641 scripseratis

375 4778 435 4829 27
473 4794 569 4831 non
611 4786 825 4845 utroque
857 4783 964 4831 loco
997 4794 1090 4830 om.
1128 4778 1196 4839 B,
1234 4779 1357 4828 add.
1394 4778 1437 4829 R
