3434 5442
613 295 779 342 XLVI
1694 279 2113 341 PRAEFATIO

547 453 574 482 ⁸
613 467 793 531 sinus
822 466 1061 547 codex,
1105 464 1174 528 in
1204 485 1332 550 quo
1362 462 1466 528 hic
1497 464 1690 543 liber,
1738 464 1908 528 sicut
1949 485 2149 549 supra
2178 485 2240 549 p.
2274 462 2437 527 XLI
2468 462 2827 527 indicatum
2856 472 2987 544 est,
3032 463 3193 548 legi·

611 578 719 632 tur
747 567 795 632 f.
830 575 1111 647 31-35,
1158 587 1244 630 ex
1285 566 1455 630 bono
1502 565 1763 651 quidem
1809 575 1875 628 et
1918 565 2171 650 integro
2201 565 2382 629 fonte
2411 564 2777 646 derivatus,
2822 565 2938 631 sed
2967 564 3193 630 multis

611 669 862 735 librarii
917 668 1243 733 erroribus
1299 675 1641 752 corruptus
1699 678 1819 734 est.
1906 689 2055 732 nam
2110 689 2239 732 non
2284 665 2493 731 solum
2534 667 2603 731 in
2648 666 2925 752 singulis
2969 669 3193 732 verbis

609 772 814 836 multa
866 771 1286 855 neglegenter
1341 769 1587 855 scripta
1639 768 1749 835 vel
1804 771 2042 834 omissa
2095 779 2273 850 sunt,
2342 770 2455 832 sed
2513 771 2709 834 etiam
2764 768 2983 854 aliqua
3037 791 3193 855 pars

608 872 759 937 libri
800 880 944 954 465,
990 880 1070 942 25
1116 877 1193 936 de
1232 879 1430 937 miuro
1471 909 1558 920 —-
1601 879 1743 953 467,
1791 883 1827 942 5
1872 879 2153 950 conyruit
2194 871 2616 952 membranis,
2674 880 2749 935 ut
2790 870 3077 953 videtur,
3125 873 3197 935 in

609 975 957 1060 archetypo
986 974 1382 1061 perturbatis
1411 983 1560 1060 post
1590 982 1735 1054 464,
1784 981 1863 1042 19
1908 981 2181 1038 trimetro
2222 969 2587 1038 catalectico
2629 972 3027 1058 transposita
3068 983 3192 1036 est.

609 1076 1042 1142 Santenianus
1071 1076 1300 1158 codex,
1331 1076 1414 1142 de
1444 1098 1570 1164 quo
1601 1076 1847 1140 dictum
1877 1086 1976 1141 est
2004 1099 2067 1162 p.
2086 1075 2387 1157 XXXII,
2418 1075 2659 1139 omissa
2686 1084 2979 1140 extrema
3004 1083 3195 1161 parte

607 1179 788 1260 libri,
867 1201 1034 1265 quae
1089 1189 1191 1244 est
1256 1177 1340 1244 de
1405 1179 1713 1264 dispersis
1766 1178 2018 1259 metris,
2098 1200 2176 1242 ea
2238 1199 2405 1264 quae
2468 1175 2859 1242 antecedunt
2922 1177 3198 1242 exhibet

606 1304 671 1366 p.
717 1288 1074 1351 223—231.
1161 1291 1370 1346 metra
1427 1280 1642 1345 ionica
1695 1303 1737 1344 a
1779 1281 2025 1345 minore
2081 1289 2299 1345 autem
2343 1286 2496 1362 464,
2545 1287 2793 1348 12—-26
2848 1288 2915 1343 et
2956 1279 3024 1343 in
3066 1279 3195 1343 hoc

607 1391 673 1446 et
714 1384 784 1448 in
825 1382 1126 1448 Parisino
1185 1392 1251 1447 et
1302 1383 1373 1446 in
1425 1383 1692 1470 reliquis
1738 1383 2037 1447 omnibus
2080 1381 2446 1463 codicibus,
2503 1403 2667 1468 quos
2711 1381 2879 1462 vidi,
2929 1389 3197 1468 praeter

604 1507 807 1549 unum
833 1484 1334 1571 Neapolitanum
1378 1495 1530 1549 ante
1571 1484 1787 1549 ionica
1830 1507 1869 1548 a
1911 1485 2154 1550 maiore
2185 1493 2337 1564 464,
2386 1493 2589 1553 1-11
2636 1483 2973 1548 conlocata
3016 1493 3193 1548 sunt.

606 1587 900 1673 sequitur
941 1607 1217 1672 magnus
1259 1609 1566 1650 numerus
1609 1587 1907 1652 codicum
1948 1595 2099 1674 post
2140 1607 2381 1652 nonum
2422 1585 2752 1652 saeculum
2782 1587 3195 1672 scriptorum,

603 1691 672 1754 in
717 1689 955 1776 quibus
996 1699 1187 1755 vetus
1229 1688 1382 1754 libri
1425 1689 1637 1753 forma
1679 1711 1825 1754 cum
1882 1688 2295 1774 neglegentia
2346 1687 2759 1753 librariorum
2812 1697 2951 1752 tum
2993 1687 3195 1754 licen-

604 1791 700 1854 tia
741 1792 1308 1877 grammaticorum
1363 1792 1570 1877 magis
1615 1802 1922 1877 corrupta
1965 1801 2082 1855 est.
2173 1791 2285 1877 qui
2322 1774 2597 1856 ‘codices
2656 1811 3047 1877 quamquam
3101 1791 3195 1854 ad

603 1893 887 1979 priscam
917 1893 1308 1979 scripturam
1337 1895 1855 1978 cognoscendam
1884 1892 2131 1958 nullam
2160 1893 2615 1957 auctoritatem
2643 1892 2917 1974 habent,
2946 1901 3191 1975 tamen,

605 2019 732 2083 quo
776 1997 1015 2062 certius
1061 1995 1142 2061 de
1184 1995 1370 2061 varia
1413 1995 1564 2060 libri
1604 1995 2054 2083 inscriptione,
2110 2017 2241 2082 qua
2282 1995 2438 2060 olim
2491 1995 2856 2075 ferebatur,
2911 2001 3189 2076 constet,

605 2098 886 2186 exempli
928 2119 1129 2163 causa
1171 2097 1487 2184 quosdam
1531 2120 1615 2162 ex
1670 2097 1772 2162 his
1818 2107 1883 2163 et
1938 2097 2415 2185 antiquissimos
2470 2096 2885 2161 enumerab0.
2972 2095 3193 2161 codex

603 2201 1156 2266 Darmstadiensis
1203 2209 1396 2281 1283,
1442 2200 1598 2265 olim
1642 2199 2048 2266 Coloniensis
2093 2207 2193 2282 83,
2240 2221 2409 2264 nono
2466 2198 2724 2264 saeculo
2768 2200 2878 2264 vel
2920 2198 3193 2264 ineunte

605 2303 854 2369 decimo
900 2302 1180 2389 scriptus
1213 2309 1276 2366 in
1321 2309 1560 2368 nomine
1602 2308 1706 2366 dei
1742 2309 1957 2368 summi
1996 2309 2211 2384 incipit
2251 2323 2357 2367 ars
2404 2308 2610 2366 mauri
2649 2308 2840 2366 seruii
2875 2308 3065 2380 yram
3108 2307 3193 2364 dc

601 2411 956 2470 centmetriS.
1049 2409 1396 2470 Clarissimo
1442 2410 1646 2470 albino
1697 2412 1933 2469 seritius
1980 2411 2420 2484 ,qrammaticus
2460 2411 2713 2469 salutem
2755 2441 2841 2451 —-
2882 2411 3187 2468 exsoluat.

600 2514 804 2572 mauri
862 2513 1200 2586 aromatici
1261 2509 1453 2572 seraii
1502 2513 2003 2587 explanationum
2058 2513 2135 2570 de
2188 2513 2571 2586 centumetm‘s
2622 2512 2860 2570 libellus
2912 2509 3195 2582 feliciter

599 2616 856 2691 explicit
897 2629 1072 2674 amen
1118 2615 1230 2674 deo
1269 2615 1531 2688 qratias.
1593 2609 1805 2674 codex
1845 2607 2344 2675 Valentinianus
2388 2608 2471 2673 N.
2518 2619 2578 2679 5.
2627 2619 2657 2676 1
2706 2629 2879 2672 nono
2923 2607 3191 2672 saeculo

601 2712 914 2799 scriptus,
973 2717 1186 2791 incipit
1227 2733 1333 2775 ars
1373 2717 1562 2776 marii
1609 2718 1802 2777 seruii
1848 2717 2243 2791 grammatici
2282 2717 2358 2775 de
2400 2722 2635 2776 centum
2678 2717 2885 2774 metris
2926 2716 2991 2774 in
3034 2716 3195 2774 almi

598 2821 818 2897 heroys
859 2820 1115 2879 nomine.
1207 2818 1528 2878 Carissimo
1574 2819 1779 2879 albino
1822 2851 1907 2861 --
1948 2820 2290 2878 exsoluam.
2379 2819 2585 2877 mauri
2632 2819 2825 2876 seruii
2871 2833 3187 2890 aramma-

599 2924 712 2982 tici
752 2922 828 2981 de
867 2926 1106 2982 centum
1149 2922 1354 2980 metris
1397 2922 1761 2996 explanatio
1807 2920 2079 2994 feliciter
2122 2937 2317 2980 amen.
2408 2915 2615 2980 codex
2658 2913 3007 2978 Bernensis
3052 2921 3187 2982 207

599 3042 770 3085 saec.
803 3019 896 3101 X,
942 3017 1096 3082 olim
1125 3017 1498 3102 Bongarsii,
1544 3024 1758 3099 incipit
1784 3025 2001 3083 martis
2028 3024 2192 3083 eruli
2211 3023 2620 3097 arammatici.
2680 3022 2852 3081 Licet
2882 3022 3223 3080 audacter.

599 3131 742 3203 457,
792 3132 823 3190 1
876 3159 952 3169 -
999 3127 1448 3186 dulcisonoram
1495 3128 1636 3202 467,
1685 3129 1794 3188 17:
1854 3120 2045 3185 huius
2102 3120 2487 3204 scripturam
2532 3119 2831 3184 exhibuit
2873 3118 3183 3183 Sti-eube-

595 3247 708 3288 rus
754 3222 987 3288 Philol.
1032 3221 1162 3287 vol.
1211 3222 1320 3286 III
1361 3246 1426 3309 p.
1474 3231 1592 3292 371
1643 3245 1783 3308 sqq.
1849 3222 2056 3287 codex
2099 3221 2437 3287 Parisinus
2483 3229 2647 3292 7730
2692 3243 2860 3284 saec.
2907 3220 3007 3301 X,
3049 3241 3181 3284 ser-

597 3315 1122 3391 uias‘ltonoratus
1175 3329 1380 3388 albino
1433 3344 1542 3388 sao
1593 3330 1843 3390 satutem
1886 3361 1971 3372 ——·
2024 3331 2323 3388 exsoluat.
2422 3328 2608 3387 marii
2653 3329 2846 3387 Seruii
2891 3328 3190 3402 honorati

592 3434 988 3507 qrammatici
1025 3431 1438 3490 centimetrum
1482 3432 1755 3505 explicit.
1825 3425 2033 3490 codex
2074 3424 2410 3490 Parisinus
2457 3431 2615 3495 7491
2668 3447 2838 3489 saec.
2883 3424 2983 3507 X,
3028 3431 3185 3490 inci-

585 3536 686 3610 pit
727 3536 915 3593 marii
951 3535 1142 3594 seraii
1175 3533 1570 3606 mammutiei
1608 3533 1684 3590 de
1726 3540 1963 3593 centnm
2006 3535 2210 3592 metris
2240 3533 2589 3592 Clarissimo
2633 3532 2836 3591 albino
2866 3563 2951 3574 --·
2979 3535 3183 3592 exsol-

596 3642 724 3696 uat.
821 3637 1008 3695 marii
1057 3636 1247 3694 seruii
1293 3637 1687 3708 qrammatici
1737 3636 1990 3710 explicit
2045 3635 2121 3693 de
2173 3635 2539 3694 centimetris
2588 3633 2877 3706 feliciter.
2966 3630 3185 3694 codex

595 3732 934 3798 Leidensis
978 3731 1139 3797 bibl.
1184 3731 1366 3816 publ.
1417 3741 1534 3801 135
1583 3753 1753 3796 saec.
1802 3731 1868 3795 X
1923 3738 2137 3811 incipit
2179 3737 2335 3795 liber
2375 3739 2603 3796 maurii
2640 3739 2831 3796 seruii
2869 3753 3181 3810 qramma-

594 3840 704 3899 tici
742 3840 818 3899 de
859 3844 1094 3900 centum
1137 3845 1458 3898 metrorum
1499 3839 1841 3912 yeneribus.
1906 3839 2253 3899 Clarissimo
2297 3840 2501 3900 albino
2528 3871 2615 3884 -—
2642 3839 2941 3899 exsoluat.
3002 3840 3185 3914 explt

590 3942 832 4002 libellus
874 3943 951 4002 de
991 3942 1340 4002 centimetro
1385 3941 1471 4000 ad
1511 3941 1777 4000 albinum
1818 3943 2012 4001 seruii
2046 3942 2451 4014 yrammatici.

764 4041 1036 4106 Veteres
1081 4037 1430 4120 editioneS,
1487 4061 1635 4102 cum
1678 4059 1808 4102 non
1852 4037 2061 4103 solum
2106 4061 2189 4102 ex
2232 4038 2637 4125 interpolatis
2682 4037 3019 4104 codicibus
3062 4060 3181 4102 ex-

592 4143 1054 4231 primerentur,
1118 4143 1235 4206 sed
1292 4142 1489 4205 etiam
1530 4142 1679 4206 usui
1726 4139 2089 4205 scholarum
2137 4141 2643 4222 destinarentur,
2699 4141 2940 4206 librum
2982 4141 3179 4205 vehe-

591 4255 841 4310 menter
902 4251 1223 4309 mutatum
1277 4251 1342 4306 et
1395 4242 1480 4307 ab
1541 4265 1618 4306 ea
1668 4243 1913 4323 forma,
1980 4265 2109 4329 qua
2171 4243 2241 4306 in
2308 4243 2773 4330 antiquissimis
2836 4242 3179 4308 codicibus

592 4351 872 4434 scriptus
917 4354 1046 4428 est,
1103 4344 1426 4410 deflexum
1473 4343 1930 4408 exhibuerunt..
2018 4343 2234 4408 editus
2287 4354 2503 4409 autem
2548 4353 2647 4410 est
2688 4367 2837 4410 cum
2880 4343 3045 4410 libro
3092 4347 3179 4410 de

589 4448 895 4514 finalibus
947 4448 1226 4535 primum
1271 4446 1626 4511 Mediolani
1681 4469 1742 4510 a.
1792 4454 1986 4526 1473,
2044 4444 2279 4510 deinde
2337 4446 2530 4512 Canii
2584 4470 2643 4512 a.
2692 4455 2889 4528 1476,
2946 4454 3181 4533 postea

591 4572 785 4636 saepe
829 4572 961 4614 una
1001 4571 1151 4614 cum
1193 4549 1377 4613 libris
1419 4571 1458 4612 a
1488 4549 1696 4613 doctis
1742 4549 1879 4611 eius
1924 4548 2157 4611 aetatis
2200 4547 2570 4624 hominibus
2616 4549 2697 4614 de
2742 4547 2935 4613 simili
2981 4571 3177 4634 argu-

589 4662 804 4717 mento
835 4652 1123 4737 scriptis,
1167 4652 1236 4714 in
1265 4650 1462 4716 Italia
1490 4673 1636 4715 cum
1668 4649 1922 4714 Nicolai
1952 4650 2200 4714 Perotti
2232 4650 2311 4714 de
2341 4653 2689 4736 generibus
2720 4661 3073 4715 metrorum
3106 4660 3177 4715 et

589 4777 737 4821 cum
779 4753 1158 4818 Maturantii
1203 4753 1283 4817 de
1325 4751 1765 4838 conponendis
1810 4753 2205 4817 carminibus
2248 4752 2444 4836 libro,
2504 4755 2574 4818 in
2618 4753 2974 4820 Germania
3018 4776 3171 4818 cum
