3434 5442
630 369 756 431 564
1761 363 2065 448 [saaca]

735 470 765 512 ι.
792 472 871 513 ¹12*
897 470 991 514 eod.
1019 470 1124 513 nv.

930 549 1356 631 spoliantur
1401 569 1523 612 eos
1566 560 1639 613 et
1679 570 1999 633 corpora
2044 553 2231 614 nuda
2276 552 2743 633 relinquunt,

627 671 736 733 pro
797 651 1078 734 spoliant:
1144 655 1436 732 passivum
1501 673 1610 734 pro
1669 655 1857 716 activo
1911 655 2122 733 posuit.
2206 673 2314 736 per
2368 654 2575 717 modos
2630 677 2668 712 ιι
2714 656 2812 717 hic
2870 657 3047 718 etiam
3090 676 3191 738 pro

623 755 968 834 imperativo
1011 753 1387 816 indicativum
1432 757 1644 836 posuit.
1734 774 1844 836 per
1888 765 2185 836 tempora,
2230 759 2383 818 sicut

2030 859 2451 939 ceciditque
2494 857 2893 939 superbum

571 976 598 1016 ι
925 957 1140 1022 ilium
1186 967 1258 1021 et
1299 961 1538 1022 omnis
1579 958 1796 1020 humo
1840 959 2067 1022 sumat
2110 960 2483 1041 Neptunia
2526 960 2768 1032 Troia.

621 1078 731 1140 pro
776 1060 1022 1121 ‘cecidit
1075 1069 1134 1122 et
1187 1061 1460 1123 fumavit’
1509 1059 1814 1142 [produxit
1868 1070 1989 1124 mat
2042 1071 2101 1122 et
2153 1081 2263 1142 pro
2306 1062 2549 1124 fumavit
2590 1063 2999 1143 accipiendum
3042 1063 3187 1144 est].

621 1180 904 1242 praesens
947 1165 1144 1244 posuit
1185 1179 1296 1243 pro
1340 1165 1678 1243 praeterito.
1767 1183 1876 1244 per
1918 1181 2229 1244 personas,
2274 1166 2426 1226 sicut

773 1261 776 1264 ’
914 1265 1166 1336 Danai,
1214 1267 1334 1345 qui
1375 1272 1641 1346 parent
1683 1266 2000 1337 Atridis,
2034 1285 2241 1347 quam
2286 1268 2601 1346 primum
2650 1285 2844 1329 arma
2890 1269 3186 1337 sumite,

619 1384 730 1447 pro
777 1369 914 1448 ‘qui
957 1368 1176 1447 paretis
1219 1367 1496 1429 sumite’:
1544 1377 1757 1448 parent
1798 1370 1973 1430 tertia
2015 1385 2266 1448 persona
2314 1378 2431 1438 est,
2479 1370 2698 1450 paretis
2740 1369 3019 1431 secunda.
3084 1387 3187 1450 per

544 1493 595 1536 ιο
623 1468 994 1540 adverbium,
1039 1470 1192 1530 sicut
1238 1469 1426 1530 ‘intus
1472 1475 1576 1530 eo’
1623 1488 1733 1550 pro
1776 1470 1960 1540 intro,
2008 1479 2067 1532 et
2110 1471 2305 1532 ‘foras
2348 1477 2471 1532 sto’
2519 1491 2629 1552 pro
2672 1471 2842 1542 foris,
2890 1480 2953 1532 et
2996 1471 3187 1533 ‘ltalia

618 1572 790 1632 venio
809 1576 826 1602 ’
873 1581 933 1632 et
977 1576 994 1603 ‘
1013 1569 1087 1632 ad
1129 1571 1376 1633 Romam
1421 1589 1605 1652 pergo
1619 1575 1660 1643 ⁹,
1717 1589 1851 1632 cum
1896 1573 2250 1653 praepositio
2294 1573 2522 1634 nomini
2564 1575 2879 1653 separatim
2924 1572 3187 1634 addenda

617 1675 720 1744 sit,
767 1690 889 1735 non
933 1672 1241 1735 adverbio:
1299 1674 1460 1736 foras
1503 1673 1648 1734 foris
1691 1673 1968 1735 adverbia
2011 1682 2174 1736 sunt:
2233 1674 2521 1754 Vergilius
2576 1674 2790 1736 adiecit
2830 1677 3055 1736 nomini
3100 1693 3187 1735 se·

561 1823 582 1849 f
611 1777 866 1856 paratim
896 1777 1421 1857 praepositionem,
1471 1775 1762 1837 ‘Siculo
1808 1777 2211 1856 prospexit
2251 1775 2335 1836 ab
2380 1793 2611 1858 usque
2655 1776 3036 1856 Pachyno’
3080 1795 3185 1858 pro

617 1882 687 1940 ‘a
729 1877 1003 1958 Pachyno
1049 1877 1303 1939 Siculo’.
1349 1894 1457 1957 per
1512 1878 1978 1958 praepositiones
2022 1880 2107 1940 sic
2148 1878 2297 1940 fiunt
2338 1875 2698 1950 soloecismi,
2744 1897 2877 1941 cum
2924 1878 3037 1941 alia
3080 1897 3184 1960 pro

539 2005 589 2046 ιι
617 1978 728 2041 alia
771 1987 873 2041 aut
913 1997 1272 2060 supervacua
1315 1981 1555 2060 ponitur
1599 1989 1700 2041 aut
1743 1981 2071 2042 necessaria
2116 1978 2505 2050 subtrahitur,
2552 1989 2617 2042 ut
2658 1981 2815 2061 apud
2856 1980 3145 2043 Lucilium

917 2081 1202 2162 hymnis
1246 2080 1617 2143 cantando
1661 2101 1875 2162 quem
1920 2081 2341 2144 adservisse
2385 2083 2489 2143 ait
2532 2081 2614 2143 ad
2660 2101 2762 2154 se,

616 2200 723 2262 pro
769 2182 924 2263 apud
967 2203 1061 2246 se:
1121 2201 1480 2264 supervacua
1524 2184 1790 2264 ponitur,
1838 2192 1903 2246 ut
1946 2185 2099 2265 apud
2146 2181 2471 2245 Varronem
2516 2185 2722 2247 ‘huic
2778 2182 3057 2245 similis
3098 2203 3185 2246 ex

615 2286 821 2346 curis
863 2284 1207 2364 expedita
1252 2285 1773 2355 lamentatur’;
1822 2303 1890 2346 ex
1937 2288 2093 2348 enim
2138 2303 2498 2366 supervacua
2542 2294 2633 2347 est
2676 2286 2772 2368 [ut
2812 2287 2997 2366 siquis
3036 2285 3183 2347 dicat

614 2386 890 2449 desusum
949 2386 1286 2468 deorsum]:
1349 2405 1497 2449 -cum
1553 2389 1720 2448 deest
1770 2389 2126 2468 praepositio
2139 2437 2154 2460 ,
2214 2389 2298 2449 sic
2350 2390 2415 2448 lit
2466 2387 2879 2461 soloecismnS,
2926 2396 2991 2449 ut
3032 2389 3181 2468 apud

537 2487 936 2570 sovergilium
981 2487 1231 2550 ‘silvis
1277 2496 1344 2550 te
1388 2488 1723 2568 Tyrrene
1778 2488 1819 2550 ι’.
1865 2508 1918 2550 a.
1965 2495 2059 2570 p.'
2105 2508 2215 2570 pro
2262 2492 2357 2551 ‘in
2394 2489 2607 2560 silvis',
2666 2490 2835 2552 deest
2874 2491 2939 2550 in
2982 2489 3179 2571 [‘sub

612 2591 785 2652 luce
837 2589 1194 2669 maligna’
1239 2592 1302 2652 in
1349 2590 1418 2652 Vl
1462 2590 1754 2670 Vergilius
1811 2610 1920 2672 pro
1979 2597 2150 2653 ‘ante
2195 2591 2452 2654 lucem’:
2520 2591 2631 2654 suh
2687 2593 3045 2673 praepositio
3100 2599 3181 2652 est

613 2704 675 2755 et
719 2702 856 2756 ante
899 2694 1258 2772 praepositio
1303 2691 1441 2774 est].
1531 2693 1596 2753 iit
1649 2702 1708 2754 et
1763 2711 1871 2772 per
1924 2692 2195 2754 ordinem
2250 2690 2657 2765 soloecismuS,
2702 2693 2765 2754 id
2808 2700 2900 2755 est
2940 2712 3051 2775 per
3091 2711 3179 2754 or-

617 2795 817 2856 dinem
863 2794 1363 2856 coniunctionum.
1409 2796 1473 2854 in
1517 2811 1713 2872 prosa,
1760 2795 1873 2856 hoc
1920 2803 2008 2856 est
2052 2797 2114 2856 in
2158 2797 2425 2858 oratione
2468 2793 2673 2866 soluta,
2722 2797 2925 2858 vitium
2970 2796 3176 2858 factum

612 2896 1024 2958 soloecismum
1070 2895 1349 2968 dicimus,
1395 2897 1455 2956 in
1488 2905 1760 2975 poemate
1790 2905 2015 2968 autem,
2064 2898 2176 2959 hoc
2220 2906 2311 2959 est
2354 2898 2415 2959 in
2460 2899 2753 2969 carmine,
2798 2899 3039 2970 schema
3080 2917 3176 2978 ap·

532 3024 584 3066 25
611 2999 918 3078 pellamus.

753 3189 780 3239 1
820 3182 1124 3253 spoliantur]
1167 3185 1302 3239 Eun.
1343 3187 1516 3240 annal.
1553 3201 1600 3240 ιι.
1639 3185 1743 3238 600
1774 3188 1855 3239 ed.
1893 3186 2045 3238 Vam.
2190 3189 2221 3237 2
2256 3202 2352 3256 per
2388 3189 2568 3239 modos
2602 3188 2741 3240 modi
2777 3189 2863 3251 qui
2902 3198 3020 3240 sunt
3054 3189 3178 3240 indi-

612 3259 810 3308 catiuus
844 3257 1176 3321 imperatiuus
1219 3255 1304 3307 uei
1337 3257 1490 3306 ceteri
1523 3255 1608 3305 hic
1633 3256 1826 3308 ἀὶηιίἀίἰ
1858 3273 2037 3309 aereus
2068 3260 2237 3320 spatio
2278 3266 2397 3308 ante
2440 3257 2524 3308 hie
2557 3259 2733 3309 relicto
2769 3259 2855 3310 L.-
2894 3260 2966 3324 εί.
3000 3259 3177 3310 Dom-

608 3329 732 3391 394,
765 3329 801 3376 4
939 3327 974 3375 4
1011 3323 1310 3392 ceciditque]
1360 3327 1518 3392 Ver-9.
1549 3325 1679 3377 Aen.
1713 3329 1781 3378 111
1810 3329 1844 3376 2
1947 3326 1982 3379 6
2018 3341 2110 3393 pro
2147 3328 2279 3379 cedit
2310 3327 2358 3377 L
2462 3328 2497 3379 8
2530 3328 2786 3391 danaique
2822 3339 3004 3394 parent
3034 3331 3085 3380 L

613 3397 678 3448 10
703 3397 898 3448 italiam
925 3396 969 3446 L
1104 3394 1168 3447 13
1205 3392 1394 3461 Siculo]
1441 3398 1600 3462 Ver9.
1628 3397 1757 3448 Aen.
1788 3398 1880 3448 Vll
1912 3396 2017 3450 289
2156 3399 2337 3465 pacino
2370 3413 2462 3466 pro
2498 3413 2529 3447 a
2563 3400 2746 3464 pacino
2791 3399 2840 3447 L
2988 3399 3049 3452 16
3078 3400 3181 3462 for-

608 3476 746 3518 tasse
791 3481 941 3531 quam
979 3464 1343 3527 adservivisse,
1377 3473 1434 3516 ut
1465 3465 1678 3530 Hymnis
1711 3483 1883 3518 nomen
1910 3469 2114 3530 puellae
2142 3471 2210 3519 sic
2364 3469 2423 3518 17
2462 3467 2646 3518 similis
2670 3470 2807 3518 curie
2840 3470 3051 3534 expedit
3083 3470 3182 3518 ala-

609 3545 858 3587 mentatur
892 3537 942 3586 L
1091 3533 1156 3585 19
1190 3531 1354 3599 deest]
1387 3543 1463 3585 est
1495 3539 1542 3585 L
1717 3537 1789 3588 20
1824 3537 1970 3587 siluis
2005 3548 2055 3588 te
2082 3540 2293 3587 tirrenes
2320 3553 2366 3586 a.
2404 3551 2455 3602 p.
2492 3538 2577 3589 L.
2623 3539 2778 3603 Ver9.
2824 3537 3053 3592 Aen.x1
3087 3538 3185 3590 686

745 3607 841 3656 sub
875 3603 1006 3672 luce]
1059 3606 1216 3670 Ver-9.
1251 3604 1376 3655 Aen.
1398 3606 1470 3655 Vl
1500 3605 1603 3657 270
1742 3609 1809 3658 24
1845 3605 2186 3674 appellamus]
2222 3617 2493 3674 aequamur
2526 3611 2622 3659 iam
2651 3609 2838 3674 reliqui
2859 3611 3187 3660 cementarii

601 3691 764 3742 supra
790 3675 913 3741 562,
949 3677 1016 3728 20
1041 3677 1252 3726 indicati
1281 3679 1372 3742 ita,

1619 3763 1705 3812 De
1741 3765 1981 3814 ceteris
2018 3765 2189 3814 vitis

607 3865 921 3932 Acyrologia
947 3874 1023 3916 est
1051 3865 1203 3916 dictio
1225 3866 1472 3929 quaedam
1509 3866 1690 3917 uitiose
1720 3867 1976 3918 enuntiata
1997 3867 2157 3919 amisa
2175 3866 2517 3918 dominatione
2539 3867 2755 3932 intigrae
2774 3867 3007 3935 regulae,
3038 3883 3182 3932 acyro

608 3937 718 3986 sine
765 3935 990 3998 domina,
1045 3944 1101 3984 ιιι
1143 3934 1312 3986 hunc
1361 3950 1458 4001 ego
1494 3937 1538 3988 si
1588 3943 1780 3988 tantum
1813 3937 1955 4002 potui
1992 3951 2201 4005 sperare
2234 3936 2494 3988 dolorem’
2533 3936 2724 4002 (Ver9.
2760 3939 2891 3992 Aen.
2934 3938 3023 3989 1111
3060 3937 3180 4002 419)

605 4004 670 4071 (f.
699 4004 792 4071 73)
815 4033 876 4042 -
905 4006 1014 4054 ‘sic
1043 4020 1130 4055 ore
1172 4005 1334 4056 locuta
1367 4008 1480 4055 est’
1517 4005 1709 4072 (γει-9.
1732 4007 1863 4057 Aen.
1894 4005 2059 4073 1614)
2094 4014 2347 4069 tamquam
2382 4013 2583 4090 poterat
2610 4005 2758 4056 aliter
2790 4008 2888 4057 nisi
2920 4023 3009 4058 ore
3030 4009 3181 4072 loqui.

607 4084 806 4141 poterat
833 4076 1002 4125 dicere
1031 4081 1140 4125 ει*
1154 4075 1230 4124 sic
1263 4076 1438 4141 lingua
1477 4076 1683 4140 loquuta
1724 4081 1849 4140 est’,
1881 4091 2011 4142 quae
2048 4086 2098 4127 et
2134 4076 2284 4127 habet
2319 4077 2475 4127 totius
2500 4076 2642 4128 nocis
2671 4075 2911 4128 officium.
2950 4078 3003 4127 in
3026 4077 3181 4128 histo-

605 4147 678 4196 ris
713 4146 807 4210 (cf.
838 4147 1027 4196 Donat.
1069 4143 1190 4208 395,
1227 4143 1264 4195 6
1299 4144 1496 4198 Charis.
1535 4147 1664 4209 271,
1696 4146 1850 4211 13)‹
1870 4147 2008 4196 ibant
2044 4162 2143 4212 qua
2176 4151 2463 4212 poterant’.
2538 4146 2785 4210 numquid
2820 4163 2919 4212 qua
2960 4162 3059 4197 non
3094 4163 3184 4214 po-

605 4225 771 4266 teraut
807 4217 881 4265 ire
917 4215 1187 4266 ualebant?
1225 4213 1474 4266 Salustius
1515 4217 1684 4267 ‘unde
1728 4223 1975 4266 uenerant
2028 4217 2221 4267 reuersi
2274 4221 2442 4270 eunt’.
2518 4230 2617 4280 quo
2670 4218 2863 4267 reuersi
2900 4229 3051 4282 sunt,
3086 4217 3181 4267 nisi

603 4285 742 4335 unde
765 4287 1047 4336 uenerant?
1072 4311 1138 4322 -—
1159 4283 1319 4336 habes
1351 4287 1402 4335 in
1430 4287 1710 4351 primordio
1739 4287 1854 4338 libri
1879 4287 2087 4336 secundi
2106 4285 2321 4352 (p.537,
2338 4287 2428 4350 27)
2452 4285 2743 4337 homonima
2772 4287 2853 4337 uel
2882 4287 3181 4354 polionima:

605 4355 866 4406 oculorum
909 4355 1071 4418 acies,
1109 4363 1165 4405 ut
1203 4363 1280 4406 est
1316 4355 1448 4408 ‘huc
1484 4359 1718 4424 geminae
1771 4371 1903 4407 nunc
1940 4356 2083 4406 {lecte
2122 4357 2289 4418 acies,
2336 4355 2467 4406 hanc
2502 4358 2677 4422 aspice
2717 4361 2954 4424 gentem’
2993 4356 3176 4423 (Ver9.

606 4425 737 4480 Aen.
781 4427 852 4476 Vl
890 4425 1043 4489 788);
1085 4425 1354 4487 exercitus,
1396 4426 1548 4476 ‘hine
1595 4429 1731 4478 acies
1768 4437 1921 4490 atque
1957 4425 2075 4476 hinc
2114 4427 2251 4477 acies
2288 4427 2491 4478 adstare
2536 4427 2776 4477 Latinas’
2816 4425 3015 4494 (Ver-9.
3054 4430 3176 4479 Aen.

605 4495 740 4546 Villi
780 4493 940 4561 550);
995 4494 1146 4556 ferri,
1189 4500 1322 4546 ‘stat
1362 4495 1484 4546 i'erri
1523 4499 1660 4550 acies
1698 4511 1938 4548 mucrone
1979 4501 2251 4549 currusco’
2298 4495 2494 4564 (Ver-9.
2526 4497 2657 4548 Aen.
2692 4498 2739 4548 11
2772 4493 2905 4563 833)
2956 4499 3177 4564 undatur,

607 4579 787 4616 causas
821 4567 929 4632 agit
963 4573 1014 4615 et
1050 4580 1153 4618 non
1191 4564 1316 4616 dicit
1350 4567 1513 4617 cuiue.

1584 4703 1670 4756 De
1707 4701 2201 4771 metaplasmis.

745 4805 1108 4872 Metaplasmus
1137 4814 1214 4857 est
1251 4822 1344 4873 per
1381 4809 1809 4872 conpossitionem
1835 4810 2055 4874 partium
2080 4809 2425 4860 diversarum:
2464 4816 2598 4858 meta
2620 4824 2773 4874 grece
2806 4823 2903 4875 per
2928 4819 3025 4876 est,
3048 4807 3174 4875 pias·

606 4883 738 4928 mate
783 4875 1005 4942 fingere,
1045 4876 1182 4940 quod
1219 4887 1296 4927 est
1329 4886 1679 4943 transponere.
1737 4879 2097 4930 transformare
2140 4877 2199 4930 fit
2247 4879 2524 4930 decorandi
2568 4881 2719 4930 metri
2772 4880 2965 4946 gratia.
3032 4879 3171 4930 huius
