3434 5442
619 323 742 386 334
1621 322 1847 386 rma}
1889 275 2189 386 [nicom

618 510 858 572 Anneus
897 511 1119 572 Seneca
1167 516 1500 572 contractas
1543 512 1807 572 omnium
1849 511 2075 589 digesto
2120 518 2179 574 et
2222 517 2397 574 aucto
2438 529 2691 572 numero
2734 528 2887 588 opus
2928 513 2991 572 in
3036 514 3221 591 quin-

621 632 736 692 que
781 611 934 673 milia
993 613 1271 674 extendit.
1359 619 1536 673 notae
1594 619 1791 673 autem
1850 613 2039 674 dictae
2092 619 2231 673 sunt
2274 631 2345 674 eo
2392 613 2551 692 quod
2604 611 2781 674 verba
2838 614 2901 672 in
2954 611 3223 692 syllabas

620 715 894 792 praelixis
930 714 1330 775 caracteribus
1373 722 1594 783 notant,
1635 713 1727 776 vel
1770 715 1843 774 ad
1888 715 2151 775 notitiam
2196 714 2518 793 legentium
2548 721 2837 775 revocent
2870 733 3021 794 quas
3062 715 3220 774 didi-

435 813 590 914 1,·3303
621 823 851 876 cerunt.
942 834 1088 894 quas
1133 817 1234 896 qni
1278 815 1547 878 scribunt.
1598 817 1840 894 proprie
1886 817 2001 876 iam
2046 817 2261 878 notarii
2316 814 2704 895 appellantur.
2796 814 3221 876 scribebantur

619 924 814 978 autem
871 915 1048 978 verba
1113 935 1222 994 per
1282 915 1620 979 huiusmodi
1671 925 1844 978 notas
1908 915 2207 978 brevitatis
2264 935 2471 986 causa,
2536 923 2601 978 ut
2662 935 2771 996 per
2826 925 2928 996 ὅτ
2984 916 3217 978 bonum
3270 940 3295 976 ε,

619 1019 867 1088 sactum,
913 1036 1020 1096 per
1063 1026 1170 1076 S-c
1213 1026 1452 1080 senatus
1491 1017 1854 1086 consultum,
1914 1035 2023 1096 per
2064 1025 2174 1099 rep
2220 1037 2317 1079 res
2360 1017 2625 1098 publica,
2674 1036 2781 1095 per
2822 1026 2869 1096 Ρ
2912 1025 2971 1078 et
3018 1027 3063 1074 κ
3112 1037 3221 1096 po·

618 1120 792 1200 pulus
821 1121 1141 1190 RomanuS,
1188 1139 1295 1198 per
1341 1107 1380 1177 δ
1425 1127 1483 1182 et
1525 1128 1556 1177 t
1599 1118 1739 1179 dum
1784 1125 1961 1188 taxat,
2016 1137 2124 1198 per
2168 1137 2451 1197 suprema
2496 1126 2569 1174 ω
2604 1119 2798 1179 littera
2830 1117 3065 1188 mulier,
3110 1137 3219 1196 per

619 1229 662 1302 p
707 1220 997 1301 pupilluS,
1046 1239 1154 1299 per
1185 1219 1242 1292 ³?-
1291 1219 1536 1281 adverso
1579 1221 1771 1298 capite
1810 1219 2061 1298 pupilla,
2120 1239 2229 1299 per
2270 1238 2451 1282 unum
2500 1231 2545 1278 t<
2590 1227 2785 1298 caput.

433 1319 591 1422 ’,ᾖξ’ξζὶῑ
789 1323 1062 1401 Quinque
1108 1329 1302 1384 autem
1351 1330 1488 1384 sunt
1530 1322 1686 1401 apud
1728 1323 1987 1384 Graecos
2030 1323 2291 1384 misticae
2332 1321 2581 1384 litterae.
2669 1323 2869 1383 Prima
2911 1336 2954 1386 Υ
3000 1322 3217 1382 huma-

619 1442 752 1486 nam
795 1425 966 1484 vitam
1004 1425 1311 1501 significat.
1400 1425 1552 1485 hanc
1597 1424 1916 1504 Pytagoras
1962 1425 2195 1486 Samius
2236 1427 2467 1504 primns
2500 1425 2802 1494 formavit;
2850 1423 3215 1486 vicursulam
3246 1454 3289 1489 ιο

618 1525 787 1587 subte
828 1545 960 1586 nam
1009 1527 1258 1604 primam
1305 1532 1552 1586 aetatem
1593 1525 1901 1603 significat,
1948 1528 2231 1587 incertam
2280 1529 2500 1604 quippe
2544 1534 2601 1586 et.
2641 1525 2835 1586 adhuc
2878 1527 3011 1586 sine
3050 1527 3217 1586 viciis

618 1627 794 1689 dedit.
854 1627 1072 1689 bivium
1105 1635 1192 1688 est
1233 1628 1390 1706 quod
1437 1634 1712 1705 superest
1751 1625 2143 1688 adolescentia
2176 1629 2349 1705 cepit,
2392 1629 2561 1689 cuius
2600 1626 2806 1688 dextra
2852 1645 2995 1704 pars
3026 1626 3217 1688 ardua

619 1738 735 1797 est,
783 1729 884 1790 sed
927 1729 996 1791 ad
1045 1729 1276 1790 beatam
1324 1731 1492 1789 vitam
1537 1728 1810 1796 tendenS,
1868 1730 2103 1789 sinistra
2148 1728 2374 1790 facilior
2418 1730 2490 1790 ad
2536 1728 2753 1790 malum
2800 1747 3077 1819 vergens.
3134 1762 3216 1775 —-

619 1831 950 1892 Secundam
983 1833 1034 1896 Θ
1067 1831 1226 1908 quod
1267 1837 1514 1892 mortem
1554 1830 1812 1898 denotat,
1861 1847 1997 1890 nam
2040 1831 2211 1890 cuius
2256 1832 2477 1891 nomini
2520 1832 2913 1909 imperatores
2957 1829 3217 1890 eandem

620 1936 671 1999 Θ
717 1932 1124 2012 apponebant,
1171 1931 1458 2010 supplicio
1503 1931 1749 1992 affectus
1794 1938 1921 1992 erat
1965 1940 2023 1992 et
2066 1931 2278 1992 dicitur
2323 1934 2375 1998 Θ
2423 1951 2535 2011 apo
2578 1938 2641 1992 tu
2688 1931 2971 1992 tanatliou
3018 1931 3075 1990 id
3126 1939 3219 1992 est
3244 1961 3287 1999 η

621 2055 652 2096 a
699 2053 828 2095 ma:
904 2041 961 2094 et
1009 2032 1189 2094 habet.
1244 2051 1350 2113 per
1403 2032 1664 2093 medium
1721 2031 1936 2103 telum,
1995 2033 2052 2093 id
2098 2040 2186 2093 est.
2242 2040 2493 2095 mortem
2538 2033 2827 2112 significat
2874 2029 3109 2111 [militis
3158 2033 3219 2092 in

618 2134 823 2216 bello].
877 2170 946 2180 --
994 2137 1164 2196 tertia
1213 2142 1302 2194 est
1345 2143 1377 2192 t
1431 2137 1680 2211 liguram
1742 2134 2113 2195 demostrans
2167 2135 2495 2196 dominicae
2550 2136 2764 2196 crucis.
2814 2167 2895 2177 —
2950 2134 3223 2214 reliquas

621 2257 758 2298 vero
793 2237 938 2298 duas
981 2237 1230 2316 primam
1272 2245 1332 2297 et
1366 2236 1629 2298 ultimam
1675 2235 1789 2297 sibi
1830 2235 2097 2296 vendicat
2140 2236 2403 2298 Christus
2443 2236 2647 2298 dicens
2692 2240 2841 2313 ‘ego
2882 2253 3017 2296 sum
3062 2244 3121 2294 Α
3164 2245 3225 2296 et

621 2344 754 2400 ω’.
813 2339 1305 2400 concurrentibus
1345 2339 1500 2399 enim
1545 2339 1602 2398 in
1636 2357 1700 2399 se
1746 2339 1995 2398 invicem
2046 2347 2061 2394 1
2106 2346 2163 2398 et
2198 2345 2271 2393 ω
2317 2357 2505 2418 usque
2545 2337 2874 2399 devolvitur
2904 2343 2964 2396 et.
3004 2355 3223 2397 rursus

621 2447 694 2495 ω
749 2441 820 2500 ad
865 2447 916 2496 Α
958 2439 1296 2518 replicatur,
1343 2449 1409 2501 ut
1456 2440 1799 2500 ostendatur
1838 2442 1901 2500 in
1954 2459 2019 2500 se
2058 2440 2332 2500 dominus
2375 2440 2531 2500 inicii
2578 2439 2867 2500 decursus
2912 2439 2987 2500 ad
3028 2439 3217 2500 finem
3244 2467 3293 2504 κο

621 2548 678 2601 et
723 2541 854 2600 linis
900 2539 1190 2601 decursus
1235 2541 1309 2601 ad
1349 2543 1596 2602 initium.

434 2637 593 2739 ’,ξῑῇῑξῖῥ
791 2641 945 2702 Sane
973 2641 1202 2702 literam
1247 2652 1290 2701 t<
1339 2642 1566 2704 Salvius
1611 2645 1891 2722 magister
1936 2644 2165 2721 primus
2204 2641 2487 2704 Romanis
2540 2643 2781 2712 adiecit,
2846 2651 2913 2703 ut
2958 2643 3017 2702 in
3064 2661 3221 2703 sono

619 2746 870 2806 duarum
912 2743 1324 2806 discretionem
1375 2747 1598 2806 faceret
1645 2733 1687 2804 b
1738 2754 1795 2806 et
1840 2752 1885 2825 (J
1931 2745 2089 2824 quod
2140 2744 2271 2806 ideo
2316 2763 2685 2823 supervacue
2730 2744 3009 2804 dicantur
3054 2744 3223 2822 quod

433 2841 590 2944 'fjffj'si
621 2847 880 2925 exceptis
923 2844 1188 2906 kalendis
1233 2846 1532 2926 superflua
1577 2848 1904 2910 videantur.
1992 2855 2041 2904 Χ
2086 2846 2275 2908 littera
2322 2865 2507 2926 usqne
2553 2847 2625 2906 ad
2658 2847 2901 2922 Augusti
2942 2855 3219 2924 tempora

621 2966 740 3009 non
781 2956 924 3018 erat,
971 2947 1073 3008 sed
1116 2965 1224 3028 per
1273 2967 1342 3009 ea
1388 2957 1424 3005 c
1467 2956 1526 3010 et
1571 2957 1609 3007 S
1653 2950 2019 3020 scribebant;
2068 2949 2169 3009 sed
2217 2955 2484 3027 tempore
2529 2947 2723 3008 crucis
2766 2949 2978 3008 evenit.
3056 2948 3217 3008 unde
3244 2973 3289 3011 25

433 3048 592 3150 Ῑῇῑξξξίζ
620 3049 835 3127 duplex
884 3057 1139 3120 vocatur,
1185 3053 1318 3130 quia
1363 3070 1473 3130 per
1521 3059 1556 3108 c
1599 3060 1656 3112 et
1697 3059 1739 3109 Ξ
1787 3059 2060 3130 ponatur.
2130 3069 2162 3111 a
2210 3051 2415 3113 Grecis
2461 3050 2605 3112 duas
2644 3049 2946 3126 Augustus
2988 3034 3221 3110 litteras

621 3152 864 3212 mutavit
904 3149 1184 3211 Romanis
1230 3164 1273 3215 Υ
1318 3161 1376 3214 et
1420 3165 1458 3214 z
1507 3160 1564 3212 et
1608 3153 1718 3213 hec
1764 3172 1951 3232 usque
1996 3153 2069 3213 ad
2113 3152 2358 3230 Augusti
2418 3160 2650 3229 tempus
2694 3169 2815 3210 non
2862 3149 3218 3212 scribeban-

619 3261 747 3324 tur,
805 3253 906 3314 sed
963 3271 1071 3332 per
1112 3267 1150 3316 z
1197 3253 1343 3314 duas
1387 3261 1474 3311 SS
1523 3255 1854 3332 ponebant,
1900 3273 2008 3333 per
2053 3267 2096 3318 Υ
2143 3273 2280 3316 vero
2327 3264 2342 3311 t
2391 3252 2749 3314 scribebant.
2840 3253 2947 3314 sed
3005 3253 3083 3313 de
3128 3252 3219 3311 luis

619 3356 924 3416 hactenus
989 3356 1062 3416 ad
1109 3361 1380 3416 notarum
1429 3356 1890 3434 descriptionem
1922 3357 2316 3418 renovandam
2350 3355 2582 3417 Christo
2614 3357 2855 3433 auspice
2886 3356 3215 3416 veniamus.

757 3525 790 3576 3
828 3525 912 3574 uel
953 3525 1014 3573 M
1049 3533 1102 3574 nt
1149 3527 1202 3574 V
1339 3534 1641 3576 reuocat-ent
1687 3528 1744 3576 V
1876 3529 1910 3578 6
1948 3535 1996 3574 et
2030 3543 2119 3576 om.
2169 3529 2224 3576 V
2356 3529 2385 3575 7
2425 3534 2473 3576 et
2508 3541 2599 3580 om.
2639 3527 2696 3576 V
2828 3539 3129 3588 supremam
3171 3540 3214 3572 ω

619 3597 818 3645 literam
852 3596 907 3644 V
1043 3594 1226 3644 mulier
1251 3595 1316 3643 M
1349 3594 1484 3644 mille
1514 3597 1568 3645 V
1597 3613 1688 3664 per
1728 3611 1828 3645 nvn
1866 3595 2049 3645 mulier
2086 3595 2149 3644 M
2184 3613 2241 3645 m.
2264 3597 2314 3648 2.
2358 3595 2592 3646 Isidorus
2624 3597 2729 3645 sic:
2764 3609 2862 3660 per
2891 3595 3135 3660 supinam
3170 3610 3212 3642 ιι.

621 3667 838 3714 litteram
879 3663 1060 3712 mulier
1256 3665 1289 3714 8
1326 3677 1356 3710 ‘1
1403 3665 1458 3712 V
1659 3665 1833 3716 9-12
1868 3670 1945 3716 sic
1982 3666 2048 3715 M
2075 3673 2314 3728 corrupte
2348 3675 2529 3716 notans
2564 3664 2658 3713 ‘nt
2682 3665 2917 3721 subter’;
2968 3663 3065 3712 hac
3096 3663 3153 3711 Ρ.
3160 3663 3213 3710 S.

623 3736 816 3800 primns
857 3733 1093 3782 formauit
1133 3735 1264 3782 uitae
1303 3749 1533 3798 cursum,
1586 3751 1700 3785 nam
1749 3737 1965 3801 primam
1999 3743 2152 3786 aetati
2152 3753 2244 3796 ·,m
2296 3737 2498 3844 qnippe
2536 3750 2665 3816 quae
2712 3733 2884 3783 adhuc
2920 3733 3035 3782 siue
3074 3734 3215 3780 vitiis

623 3813 729 3862 est,
767 3801 991 3850 inferiori
1039 3802 1171 3866 parti
1211 3803 1358 3851 huius
1399 3803 1596 3854 litterae
1633 3805 1773 3855 dedit
1816 3807 1870 3854 V
1912 3821 1943 3854 v
1982 3806 2200 3856 littetam
2240 3807 2297 3854 P.
2325 3803 2376 3854 S.
2487 3807 2727 3872 Npiimus
2768 3802 3029 3866 formauit,
3068 3804 3214 3851 cuins

623 3873 826 3939 ningula
877 3871 1128 3921 subterior
1177 3874 1388 3936 primam
1431 3883 1646 3923 aetutem
1695 3875 1980 3940 significat,
2027 3876 2269 3925 incertum
2318 3875 2509 3940 quippe
2556 3885 2604 3924 et
2636 3889 2767 3937 quae
2818 3872 2989 3922 adhuc
3026 3888 3083 3922 se
3122 3888 3215 3921 ner.

621 3944 761 3993 vitiis
797 3957 888 3990 nec
927 3942 1197 3991 uirtutibus
1235 3942 1374 3991 dedit
1409 3942 1640 3996 Isidorus
1796 3946 1859 3995 12
1898 3945 2089 3994 binium
2134 3946 2267 4009 qnod
2315 3947 2365 3993 V
2506 3945 2567 3994 14
2608 3957 2721 3992 nam
2760 3945 2899 4005 quod
2937 3943 3215 4008 imperato-

621 4029 701 4062 res
743 4013 802 4061 4!
835 4030 895 4062 m.
937 4012 961 4061 1
1141 4011 1352 4061 eandem
1393 4029 1448 4062 o.
1471 4016 1739 4079 ..:sipieus
1780 4015 2031 4081 supplicio
2068 4017 2196 4064 aff..
2219 4051 2267 4064 ..
2302 4015 2367 4063 M
2398 4029 2459 4064 m.
2494 4015 2515 4063 1
2557 4013 2771 4062 eandem
2811 4029 2843 4062 o
2883 4013 3216 4078 apponebant

621 4084 828 4148 sapiens
866 4081 1118 4161 supplicio
1156 4081 1282 4131 affe(
1289 4091 1368 4132 tus
1406 4092 1511 4132 erat
1550 4083 1613 4132 M
1640 4101 1700 4132 m.
1728 4085 1759 4132 2
1810 4085 2021 4134 eandem
2064 4101 2093 4136 e
2132 4084 2473 4150 apponebant,
2512 4082 2769 4148 supplicio
2804 4081 3125 4130 afficiebatur
3166 4083 3221 4130 V

763 4153 825 4203 15
863 4141 976 4200 ἀπὸ
1017 4148 1116 4199 τοῦ
1144 4146 1407 4200 θανᾶτου
1449 4153 1498 4201 id
1539 4161 1613 4201 est
1649 4170 1676 4204 a
1711 4163 1873 4204 morte
1918 4155 1973 4204 V
2130 4153 2191 4205 16
2232 4153 2408 4202 militis
2447 4153 2495 4202 in
2534 4152 2667 4201 bello
2700 4157 2751 4200 in
2786 4157 3123 4215 r119.supplet
3156 4151 3215 4199 l!

620 4239 778 4288 neque
807 4221 959 4272 habel
991 4222 1226 4272 Isidorus
1389 4221 1450 4270 17
1485 4224 1682 4273 tertiam
1730 4225 1785 4273 V
1950 4224 2012 4275 19
2043 4225 2263 4273 inuicem
2300 4239 2331 4272 Λ
2368 4223 2435 4271 ad
2468 4239 2511 4272 ω
2548 4236 2709 4284 usque
2746 4220 2987 4272 Isidorus
3127 4223 3213 4270 ‘ai

621 4307 802 4342 cursus
833 4292 898 4340 J!
1033 4291 1100 4341 20
1138 4293 1270 4341 intra
1295 4307 1351 4340 se
1385 4293 1438 4340 V
1471 4307 1541 4340 ex
1573 4295 1973 4354 interpolatione,
2014 4309 2125 4342 nam
2154 4293 2417 4343 Isidorus,-
2458 4301 2511 4343 ut
2548 4290 2837 4340 ostenderet
2870 4292 2921 4337 in
2960 4307 3018 4340 se
3046 4291 3211 4340 domi—

622 4376 718 4411 nns
754 4370 801 4409 et
841 4363 970 4410 initii
1005 4361 1273 4410 decursum
1313 4363 1377 4410 ad
1415 4361 1562 4410 linem
1603 4373 1652 4410 et
1689 4363 1805 4412 linis
1842 4363 2112 4412 decursum
2150 4363 2217 4412 ad
2250 4363 2449 4410 initium
2604 4361 2671 4411 22
2714 4359 2910 4408 sanlius
2956 4361 3015 4410 V

621 4429 690 4480 23
727 4431 938 4480 duarum
977 4431 1254 4481 litterarum
1302 4432 1358 4480 V
1491 4445 1617 4493 quae
1655 4435 1688 4484 i.
1722 4449 1763 4482 s.
1804 4433 2039 4483 dicuntur
2076 4451 2125 4498 q.
2168 4449 2212 4482 e.
2250 4430 2478 4480 calendis
2515 4431 2807 4496 superfluae
2844 4431 3121 4480 uideantur
3166 4429 3215 4476 V

623 4515 752 4562 quae
790 4501 904 4550 ideo
943 4515 1262 4564 superuacua
1299 4501 1499 4562 dicitur,
1541 4503 1658 4564 quia
1697 4521 1741 4555 e.
1782 4503 1832 4553 k.
1867 4503 2126 4568 superflua
2164 4503 2416 4551 iudicatur
2454 4500 2689 4552 Isidorus
2820 4501 2888 4548 24
2930 4509 3133 4566 tempus
3166 4499 3217 4547 V

763 4571 829 4618 25
868 4585 956 4633 pro
995 4585 1050 4618 ea
1083 4571 1132 4620 V
1271 4571 1338 4620 26
1377 4587 1466 4635 pro
1506 4585 1534 4620 c
1568 4579 1618 4620 ct
1655 4585 1681 4620 s
1713 4574 1766 4622 V
1902 4581 2151 4639 angustus
2182 4572 2247 4621 M
2382 4572 2449 4622 27
2484 4571 2733 4621 mutuauit
2758 4571 2816 4618 V
2948 4579 2999 4620 et
3032 4569 3129 4618 hae
3164 4569 3217 4618 V

765 4641 832 4688 28
871 4655 962 4703 pro
997 4656 1024 4688 z
1071 4641 1126 4688 V
1263 4655 1352 4704 pro
1393 4657 1424 4690 v
1471 4643 1525 4690 V
