3434 5442
641 329 686 376 L
1713 311 2133 376 PRAEFATIO

636 506 1032 578 qrammatici
1071 498 1118 563 f.
1168 503 1290 567 54*
1337 503 1718 578 Explanatio
1760 503 1998 561 litterae
2042 501 2197 572 inc„
2260 493 2375 558 ubi
2428 493 2557 558 alia
2610 495 2727 557 sed
2781 495 2927 579 ipsa
2970 513 3231 578 quoque
3352 493 3362 500 '

639 603 911 688 antiqua
955 624 1148 665 manu
1193 622 1426 664 nomen
1467 606 1704 678 seryius
1748 599 2260 684 superscriptum
2302 605 2425 676 est,
2478 600 2706 658 Littera
2736 601 2904 659 dieta
2934 606 3023 659 est
3052 600 3238 673 quasi

639 709 898 781 lepitera
945 712 1117 786 (518,
1165 701 1274 788 31)
1319 740 1406 751 —-
1448 700 1495 764 f.
1545 713 1624 771 75
1668 707 1955 764 amiclas:
2010 699 2097 763 cf.
2157 721 2219 784 p.
2268 705 2413 768 565.
2472 697 2769 783 sequitur
2822 697 2987 761 liber
3032 695 3232 760 Coro-

637 807 774 868 nati
822 803 1190 868 scholastici
1237 806 1313 866 de
1357 802 1602 868 ultimis
1647 801 1918 888 syllabis
1962 799 2245 887 partium
2290 799 2631 878 orationis,
2686 809 2763 864 ut
2805 798 3095 879 videtur,
3142 819 3231 861 ex

640 928 766 992 quo
811 929 1024 992 pauca
1067 905 1148 969 de
1193 907 1450 970 nomine
1507 914 1573 968 et
1625 905 2005 990 pronomine
2060 924 2209 966 cum
2266 901 2547 986 epistula
2602 901 2939 986 scriptoris
3000 900 3233 964 relicta

642 1017 814 1071 sunt.
861 1007 1021 1072 haec
1064 1009 1130 1072 in
1177 1017 1470 1072 extrema
1511 1008 1758 1093 pagina
1801 1005 2123 1091 scriptura
2166 1001 2434 1089 paulum
2479 1002 2739 1067 diversa
2794 1003 2877 1068 ab
2936 1003 3017 1067 iis
3060 1024 3233 1088 quae

651 1110 1049 1195 praecedunt
1092 1111 1338 1195 scripta
1381 1118 1533 1172 sunt
1573 1109 1686 1189 ita,
1732 1113 2070 1187 expliciunt
2106 1111 2345 1180 finiales
2386 1110 2576 1184 seryii
2614 1111 2913 1185 incipiunt
2952 1109 3241 1168 coronati

639 1216 1005 1276 scholastici.
1141 1217 1394 1276 Domino
1459 1217 1862 1274 eruditissimo
1916 1214 2421 1288 peritissimorum
2480 1218 2661 1286 atque
2726 1213 2973 1272 inlustri
3023 1209 3238 1284 fratri

635 1319 890 1378 luxorio
930 1325 1277 1378 coronatus.
1369 1317 1514 1377 Cum
1556 1317 2013 1377 considerarem
2043 1317 2331 1390 temporis
2360 1316 2556 1374 nostri
2578 1315 2831 1373 lectores
2874 1317 2997 1373 etc.
3042 1330 3232 1393 prae-

637 1424 737 1480 ter
779 1416 1218 1480 Lavantinum
1262 1415 1553 1480 codicem
1597 1436 1800 1478 unum
1846 1421 2072 1480 extare
2114 1413 2291 1492 novi,
2338 1412 2449 1496 qui
2492 1420 2697 1474 totum
2743 1410 3013 1490 librum,
3059 1412 3237 1474 sicut

640 1518 706 1579 in
751 1516 862 1582 illo
909 1520 1190 1603 scriptus
1235 1526 1350 1597 est,
1397 1518 1716 1597 continet,
1750 1516 2191 1582 oxoniensem
2234 1512 2491 1596 collegii
2520 1512 2767 1577 Mariae
2796 1510 3235 1597 Magdalenae

636 1641 700 1681 n.
747 1627 830 1688 64
872 1620 1440 1684 membranaceum
1482 1620 1706 1705 quinto
1752 1618 2004 1682 decimo
2050 1615 2309 1681 saeculo
2340 1617 2672 1701 scriptum,
2719 1635 2911 1701 quem
2939 1614 3235 1679 breviter

638 1719 986 1806 descripsit
1029 1720 1273 1784 Coxius
1317 1721 1385 1784 in
1430 1719 1728 1805 catalogo
1774 1718 2071 1784 codicum
2113 1740 2311 1782 manu
2354 1718 2779 1803 scriptorum,
2834 1717 2947 1802 qui
2987 1717 3057 1780 in
3100 1715 3234 1780 col-

635 1821 824 1906 legiis
870 1822 1168 1909 aulisque
1198 1822 1709 1918 Oxoniensibuso
1728 1819 1925 1886 hodie
1968 1828 2405 1901 asservantur,
2450 1817 2596 1884 coll.
2628 1818 2793 1883 Mar.
2824 1817 3047 1902 Magd.
3080 1817 3233 1882 cod.

637 1931 741 1992 64.
788 1923 1293 2010 discrepantiam
1337 1926 1698 2011 scripturae
1742 1925 1809 1988 in
1854 1945 1935 1988 ea
1974 1934 2179 2009 parte,
2224 1942 2393 2008 quae
2437 1929 2537 1984 est
2564 1920 2646 1986 de
2690 1919 3088 2000 accentibus,
3134 1921 3235 1984 in·-

635 2027 1006 2092 tercedente
1070 2026 1332 2092 Halmio
1396 2026 1755 2109 liberaliter
1825 2047 2079 2090 mecum
2145 2023 2650 2089 communicavit
2710 2023 2792 2088 R.
2859 2022 2935 2086 P.
2992 2021 3234 2103 Smith,

639 2128 1068 2194 bibliothecae
1110 2129 1510 2194 Bodleianae
1553 2136 1794 2194 custos.
1842 2126 1959 2191 sed
2001 2127 2213 2212 prima
2254 2148 2405 2212 pars
2450 2124 2631 2205 libri,
2677 2147 2845 2211 quae
2888 2123 2976 2188 ad
3018 2124 3230 2189 mino-

631 2253 768 2294 rem
811 2240 1018 2295 artem
1063 2231 1144 2295 de
1187 2241 1332 2296 octo
1377 2230 1674 2317 partibus
1720 2230 2029 2295 orationis
2074 2229 2387 2314 pertinet,
2454 2229 2695 2313 scripta
2750 2237 2850 2291 est
2890 2228 2959 2290 in
3004 2227 3236 2291 codice

637 2333 1030 2398 Santeniano
1055 2355 1252 2419 supra
1272 2357 1338 2420 p.
1358 2332 1641 2398 XXXII
1671 2333 1997 2417 descripto
2028 2355 2091 2418 p.
2109 2339 2445 2402 280—-326
2460 2339 2526 2394 et
2552 2352 2701 2395 cum
2732 2329 3057 2416 excerptis
3090 2329 3237 2414 qui-

637 2435 917 2500 busdam
961 2457 1046 2500 ex
1090 2436 1550 2500 commentario
1605 2435 1869 2499 maioris
1930 2434 2089 2497 artis
2142 2435 2215 2498 in
2264 2432 2670 2516 Frisingensi
2711 2431 2761 2494 f.
2808 2437 3089 2511 27—62,
3149 2431 3238 2494 de

637 2558 766 2622 quo
810 2535 1057 2601 dictum
1101 2547 1200 2602 est
1242 2561 1306 2623 p.
1339 2537 1587 2601 XLIV.
1619 2536 1718 2600 his
1751 2535 1978 2600 similis
2012 2543 2112 2599 est
2139 2535 2491 2599 Bernensis
2520 2541 2643 2603 207
2690 2534 2949 2598 saeculo
2976 2533 3236 2598 decimo

639 2639 938 2724 scriptus,
969 2644 1271 2719 incipiunt
1301 2646 1504 2720 prime
1545 2644 1952 2718 expositiones
1992 2643 2184 2716 serqii
2224 2642 2301 2700 de
2330 2641 2645 2716 prioribus
2685 2641 2903 2700 donati
2920 2655 3235 2714 aramma-

637 2747 747 2805 tici
786 2747 951 2805 urbis
994 2761 1220 2806 romae.
1315 2745 1529 2806 Oratio
1583 2752 1671 2805 est
1730 2747 1855 2804 oris
1909 2747 2073 2804 ratio
2127 2745 2195 2804 id
2246 2749 2333 2804 est
2374 2745 2499 2802 oris
2540 2744 2842 2818 etoquutio
2891 2773 2963 2784 -
3011 2736 3095 2801 de
3136 2738 3238 2800 in-

636 2844 1010 2908 teriectione
1055 2849 1324 2910 dolorem
1381 2850 1473 2908 vel
1526 2849 1822 2908 laetitiam
1856 2844 2303 2920 proferuntur,
2359 2861 2751 2926 quamquam
2792 2841 2863 2904 in
2906 2860 2981 2904 eo
3024 2837 3241 2903 multa

633 2957 886 3012 mutata
945 2956 1012 3012 et
1065 2948 1135 3012 in
1189 2946 1556 3012 breviorem
1609 2945 1889 3010 formam
1960 2944 2226 3009 redacta
2279 2951 2449 3008 sunt.
2520 2942 2605 3008 ad
2660 2941 2933 3007 eandem
2974 2950 3238 3027 partem

635 3049 965 3135 pertinent
1008 3049 1137 3114 duo
1183 3048 1438 3114 codices
1482 3048 1785 3113 Vaticani
1829 3047 2153 3111 chartacei
2198 3067 2367 3110 saec.
2413 3044 2546 3109 XV
2593 3049 2786 3125 1491,
2830 3047 3081 3108 Servius
3124 3047 3235 3106 Ni-

635 3157 1049 3216 eomediensis.
1100 3154 1316 3216 Oratio
1358 3156 1586 3218 dicitur
1629 3156 1893 3216 elocutio
1932 3185 2019 3198 ——
2062 3146 2145 3212 de
2188 3146 2652 3212 interiectione.
2714 3151 2968 3212 contulit
3006 3166 3231 3222 semen,

637 3262 703 3318 et
748 3262 939 3336 1492,
999 3259 1214 3333 incipit
1268 3259 1388 3318 Ars
1443 3258 1672 3320 Donati
1717 3257 2112 3332 grammatici
2164 3257 2227 3314 in
2280 3254 2697 3330 compendium
2753 3254 3010 3314 redacta
3048 3253 3236 3312 semel

624 3366 1052 3434 postremoque
1095 3377 1307 3420 rursus
1349 3362 1606 3420 redacta
1647 3363 1714 3419 in
1758 3359 2239 3434 compendiolum
2282 3364 2341 3416 et
2358 3358 2565 3432 primo
2593 3356 2670 3416 de
2699 3357 2994 3415 oratione.
3040 3355 3235 3416 Ratio

637 3463 862 3524 dicitur
915 3463 1174 3521 elocutio
1225 3464 1405 3536 quasi
1453 3464 1578 3520 oris
1629 3462 1793 3522 ratio
1845 3493 1913 3502 —-
1962 3468 2019 3520 et
2074 3461 2362 3534 quicquid
2416 3460 2663 3518 uoluero
2717 3459 2833 3516 erit
2874 3459 3234 3532 conpositae

631 3551 891 3637 fiyurae.
938 3565 1048 3622 sed
1077 3565 1288 3638 potius
1333 3565 1535 3622 omnia
1565 3569 1747 3622 erunt
1786 3563 2103 3638 conposita
2150 3556 2323 3642 (495,
2360 3557 2489 3641 15).
2580 3560 3007 3635 compendium
3034 3559 3237 3619 Servii

632 3666 1029 3739 yrammatici
1067 3681 1147 3724 ex
1187 3667 1600 3738 qrammatica
1644 3665 1861 3724 donati
1895 3666 2029 3736 finit
2061 3661 2367 3736 feliciter.-
2430 3660 2499 3722 in
2552 3658 2738 3722 initio
2782 3658 3230 3723 commentarii

636 3786 836 3828 manu
879 3763 1236 3827 recentiore
1291 3761 1624 3848 adscripta
1667 3770 1818 3826 sunt
1860 3759 2021 3826 haec
2036 3808 2055 3843 ,
2101 3768 2167 3825 in
2212 3767 2471 3840 quodam
2514 3765 2669 3825 libro
2712 3764 2812 3824 hic
2854 3765 3093 3824 libellus
3136 3780 3229 3823 as-

635 3869 1015 3929 scribebatur
1057 3867 1274 3944 Serqio
1331 3878 1388 3928 et
1434 3871 1723 3944 procedit
1774 3875 2080 3943 tamquam
2135 3870 2547 3943 expositorum
2592 3869 2654 3927 in
2690 3868 2898 3942 prima
2942 3872 3083 3924 arte
3124 3867 3228 3924 do-

636 3973 786 4030 nati.
827 3973 1136 4046 flaminius
1181 3972 1277 4044 (ut
1319 3971 1469 4030 milti
1507 3973 1761 4032 relatum
1797 3969 1957 4046 fuit)
2004 3971 2241 4031 dicebat
2283 3968 2562 4043 Serqium
2603 3971 2865 4044 primam
2910 3969 3229 4028 editionem

637 4075 853 4133 donati
909 4075 1089 4133 etiam
1155 4077 1520 4149 exposuisse.
1569 4069 1847 4154 denique
1890 4068 2149 4132 initium
2191 4068 2344 4132 libri
2390 4068 2703 4152 scriptum
2749 4076 2848 4130 cst
2889 4067 2959 4131 in
3002 4066 3228 4130 codice

640 4172 1185 4255 sangermanensi
1244 4177 1407 4241 1180
1465 4193 1635 4235 saec.
1683 4169 1789 4235 IX
1853 4169 1904 4234 f.
1952 4178 2032 4241 63
2100 4176 2383 4250 Plerique
2435 4176 2591 4234 artis
2638 4177 3085 4249 ,arammaticae
3138 4177 3229 4233 la·

636 4287 795 4338 tores
844 4313 913 4321 —
962 4273 1012 4338 f.
1060 4278 1182 4343 64*
1229 4280 1634 4354 expressimus
1681 4273 1855 4357 (489,
1905 4272 2037 4357 19).

806 4376 1028 4441 Prima
1067 4398 1223 4463 pars
1268 4375 1418 4440 libri
1465 4376 1546 4441 de
1591 4385 1739 4442 octo
1782 4373 2082 4460 partibus
2126 4375 2436 4439 orationis
2464 4396 2551 4440 ex
2580 4375 2803 4440 codice
2834 4375 3229 4442 Santeniano

636 4479 919 4563 primum
961 4479 1138 4543 edita
1181 4487 1280 4543 est
1325 4501 1366 4542 a
1407 4477 1741 4542 Friderico
1772 4476 2218 4542 Lindemanno
2263 4497 2412 4541 cum
2440 4476 2734 4563 Pompeii
2768 4480 3229 4543 commentario

637 4581 704 4642 in
749 4579 1081 4644 Donatum
1133 4580 1424 4644 Berolini
1483 4602 1541 4643 a.
1603 4586 1790 4649 1820.
1856 4587 2087 4664 postea
2148 4579 2587 4643 analectorum
2656 4582 3227 4664 grammaticorum

639 4681 919 4745 editores
974 4681 1513 4747 Vindobonenses
1569 4691 1635 4746 et
1687 4679 2159 4766 praefationem
2225 4679 2374 4745 libri
2431 4684 2501 4745 in
2558 4681 2951 4748 Santeniano
3005 4684 3227 4748 codice

638 4783 940 4847 omissam
997 4793 1062 4847 et
1117 4785 1652 4849 commentarium
1709 4783 1793 4848 de
1847 4783 2222 4849 accentibus
2280 4805 2364 4848 cx
2408 4784 2776 4849 Lavantino
2832 4785 3051 4849 codice.
3096 4779 3228 4850 edi-

1804 4975 1829 5016 X
