<?xml version="1.0" encoding="UTF-8"?>
<!DOCTYPE html PUBLIC "-//W3C//DTD XHTML 1.0 Transitional//EN"
    "http://www.w3.org/TR/xhtml1/DTD/xhtml1-transitional.dtd">
<html xmlns="http://www.w3.org/1999/xhtml" xml:lang="en" lang="en">
 <head>
  <title>
</title>
<meta http-equiv="Content-Type" content="text/html;charset=utf-8" />
  <meta name='ocr-system' content='tesseract 3.04.00' />
  <meta name='ocr-capabilities' content='ocr_page ocr_carea ocr_par ocr_line ocrx_word'/>
</head>
<body>
  <div class='ocr_page' id='page_1' title='image "./grammaticilatin01unkngoog_0200.png"; bbox 0 0 3434 5442; ppageno 0'>
   <div class='ocr_carea' id='block_1_1' title="bbox 183 366 2811 4620">
    <p class='ocr_par' dir='ltr' id='par_1_1' title="bbox 187 366 2733 845">
     <span class='ocr_line' id='line_1_1' title="bbox 899 366 2733 431; baseline 0.001 -1"><span class='ocrx_word' id='word_1_1' title='bbox 899 366 1292 430; x_wconf 81' lang='lat' dir='ltr'>INSTITVTA</span> <span class='ocrx_word' id='word_1_2' title='bbox 1337 367 1614 429; x_wconf 74' lang='lat' dir='ltr'>ARTlVM</span> <span class='ocrx_word' id='word_1_3' title='bbox 1660 366 1994 429; x_wconf 83' lang='lat'>605—620</span> <span class='ocrx_word' id='word_1_4' title='bbox 2616 368 2733 431; x_wconf 81' lang='grc'>139</span> 
     </span>
     <span class='ocr_line' id='line_1_2' title="bbox 277 482 2631 539; baseline 0 -14"><span class='ocrx_word' id='word_1_5' title='bbox 277 498 318 539; x_wconf 83' lang='lat' dir='ltr'>p.</span> <span class='ocrx_word' id='word_1_6' title='bbox 343 484 516 526; x_wconf 62' lang='lat' dir='ltr'><em>m——GG</em></span> <span class='ocrx_word' id='word_1_7' title='bbox 547 486 596 526; x_wconf 81' lang='lat' dir='ltr'>R.</span> <span class='ocrx_word' id='word_1_8' title='bbox 1335 483 1339 499; x_wconf 89' lang='lat'>&#39;</span> <span class='ocrx_word' id='word_1_9' title='bbox 1485 490 1495 497; x_wconf 78' lang='grc'><em>“</em></span> <span class='ocrx_word' id='word_1_10' title='bbox 2300 497 2343 535; x_wconf 84' lang='lat' dir='ltr'>p.</span> <span class='ocrx_word' id='word_1_11' title='bbox 2370 482 2549 525; x_wconf 65' lang='lat' dir='ltr'>358—OE</span> <span class='ocrx_word' id='word_1_12' title='bbox 2576 483 2631 525; x_wconf 81' lang='lat' dir='ltr'>V.</span> 
     </span>
     <span class='ocr_line' id='line_1_3' title="bbox 192 552 2733 637; baseline -0 -20"><span class='ocrx_word' id='word_1_13' title='bbox 192 554 540 635; x_wconf 86' lang='lat' dir='ltr'>qualitatibus</span> <span class='ocrx_word' id='word_1_14' title='bbox 586 556 936 625; x_wconf 79' lang='lat' dir='ltr'>verborum;</span> <span class='ocrx_word' id='word_1_15' title='bbox 981 553 1204 617; x_wconf 88' lang='lat' dir='ltr'>scilicet</span> <span class='ocrx_word' id='word_1_16' title='bbox 1245 556 1522 637; x_wconf 87' lang='lat' dir='ltr'>quoniam</span> <span class='ocrx_word' id='word_1_17' title='bbox 1555 564 1688 617; x_wconf 88' lang='lat' dir='ltr'>octo</span> <span class='ocrx_word' id='word_1_18' title='bbox 1717 562 1857 617; x_wconf 87' lang='lat' dir='ltr'>sunt</span> <span class='ocrx_word' id='word_1_19' title='bbox 1888 555 2193 635; x_wconf 82' lang='lat' dir='ltr'>qualitates</span> <span class='ocrx_word' id='word_1_20' title='bbox 2238 552 2325 616; x_wconf 88' lang='lat' dir='ltr'>vel</span> <span class='ocrx_word' id='word_1_21' title='bbox 2356 571 2574 631; x_wconf 82' lang='lat' dir='ltr'>genera</span> <span class='ocrx_word' id='word_1_22' title='bbox 2604 573 2733 617; x_wconf 88' lang='lat' dir='ltr'>ver·</span> 
     </span>
     <span class='ocr_line' id='line_1_4' title="bbox 187 657 2733 736; baseline 0.001 -19"><span class='ocrx_word' id='word_1_23' title='bbox 187 660 406 729; x_wconf 84' lang='lat' dir='ltr'>borum,</span> <span class='ocrx_word' id='word_1_24' title='bbox 444 660 504 719; x_wconf 88' lang='lat' dir='ltr'>id</span> <span class='ocrx_word' id='word_1_25' title='bbox 547 667 636 721; x_wconf 86' lang='lat' dir='ltr'>est</span> <span class='ocrx_word' id='word_1_26' title='bbox 677 658 940 720; x_wconf 80' lang='lat' dir='ltr'><strong>neutrale</strong></span> <span class='ocrx_word' id='word_1_27' title='bbox 985 660 1235 721; x_wconf 82' lang='lat' dir='ltr'>activum</span> <span class='ocrx_word' id='word_1_28' title='bbox 1277 659 1567 736; x_wconf 84' lang='lat' dir='ltr'>passivum</span> <span class='ocrx_word' id='word_1_29' title='bbox 1619 658 1921 736; x_wconf 87' lang='lat' dir='ltr'>deponens</span> <span class='ocrx_word' id='word_1_30' title='bbox 1976 676 2287 719; x_wconf 87' lang='lat' dir='ltr'>commune</span> <span class='ocrx_word' id='word_1_31' title='bbox 2340 657 2733 720; x_wconf 85' lang='lat' dir='ltr'>inchoativum</span> 
     </span>
     <span class='ocr_line' id='line_1_5' title="bbox 188 756 1212 845; baseline 0 -24"><span class='ocrx_word' id='word_1_32' title='bbox 188 762 648 840; x_wconf 77' lang='lat' dir='ltr'>frequentati-vum</span> <span class='ocrx_word' id='word_1_33' title='bbox 689 767 749 823; x_wconf 89' lang='lat' dir='ltr'>et</span> <span class='ocrx_word' id='word_1_34' title='bbox 783 760 1150 822; x_wconf 79' lang='lat' dir='ltr'>defectivum.</span> <span class='ocrx_word' id='word_1_35' title='bbox 1185 756 1212 845; x_wconf 77' lang='grc' dir='ltr'>Η</span> 
     </span>
    </p>

    <p class='ocr_par' dir='ltr' id='par_1_2' title="bbox 186 862 2811 1029">
     <span class='ocr_line' id='line_1_6' title="bbox 333 862 2733 943; baseline 0 -20"><span class='ocrx_word' id='word_1_36' title='bbox 333 862 412 923; x_wconf 89' lang='lat' dir='ltr'>De</span> <span class='ocrx_word' id='word_1_37' title='bbox 451 870 738 942; x_wconf 80' lang='lat' dir='ltr'>tempore.</span> <span class='ocrx_word' id='word_1_38' title='bbox 823 869 1090 943; x_wconf 86' lang='lat' dir='ltr'>tempora</span> <span class='ocrx_word' id='word_1_39' title='bbox 1147 862 1464 942; x_wconf 75' lang='lat' dir='ltr'>participiis</span> <span class='ocrx_word' id='word_1_40' title='bbox 1509 862 1781 923; x_wconf 89' lang='lat' dir='ltr'>accidunt</span> <span class='ocrx_word' id='word_1_41' title='bbox 1832 864 1973 934; x_wconf 86' lang='lat' dir='ltr'>tria,</span> <span class='ocrx_word' id='word_1_42' title='bbox 2036 880 2317 941; x_wconf 86' lang='lat' dir='ltr'>praesens</span> <span class='ocrx_word' id='word_1_43' title='bbox 2352 863 2733 942; x_wconf 82' lang='lat' dir='ltr'>praeteritum</span> 
     </span>
     <span class='ocr_line' id='line_1_7' title="bbox 186 964 2811 1029; baseline 0.002 -4"><span class='ocrx_word' id='word_1_44' title='bbox 186 972 234 1025; x_wconf 84' lang='lat' dir='ltr'>et</span> <span class='ocrx_word' id='word_1_45' title='bbox 272 964 543 1027; x_wconf 72' lang='lat' dir='ltr'>futurum.</span> <span class='ocrx_word' id='word_1_46' title='bbox 2784 990 2811 1029; x_wconf 75' lang='lat'>⁵</span> 
     </span>
    </p>

    <p class='ocr_par' dir='ltr' id='par_1_3' title="bbox 183 1066 2811 2369">
     <span class='ocr_line' id='line_1_8' title="bbox 329 1066 2733 1150; baseline -0.001 -21"><span class='ocrx_word' id='word_1_47' title='bbox 329 1068 410 1129; x_wconf 85' lang='lat' dir='ltr'>De</span> <span class='ocrx_word' id='word_1_48' title='bbox 443 1070 742 1147; x_wconf 79' lang='lat' dir='ltr'>praesenti</span> <span class='ocrx_word' id='word_1_49' title='bbox 783 1074 1070 1147; x_wconf 88' lang='lat' dir='ltr'>tempore.</span> <span class='ocrx_word' id='word_1_50' title='bbox 1131 1068 1458 1147; x_wconf 86' lang='lat' dir='ltr'>praesentis</span> <span class='ocrx_word' id='word_1_51' title='bbox 1492 1068 1777 1146; x_wconf 85' lang='lat' dir='ltr'>temporis</span> <span class='ocrx_word' id='word_1_52' title='bbox 1820 1067 2123 1146; x_wconf 88' lang='lat' dir='ltr'>participia</span> <span class='ocrx_word' id='word_1_53' title='bbox 2164 1066 2175 1150; x_wconf 78' lang='grc' dir='ltr'>Ι</span> <span class='ocrx_word' id='word_1_54' title='bbox 2212 1068 2563 1128; x_wconf 84' lang='lat' dir='ltr'>nominativo</span> <span class='ocrx_word' id='word_1_55' title='bbox 2594 1084 2733 1128; x_wconf 87' lang='lat' dir='ltr'>casu</span> 
     </span>
     <span class='ocr_line' id='line_1_9' title="bbox 185 1169 2731 1248; baseline 0 -20"><span class='ocrx_word' id='word_1_56' title='bbox 185 1170 392 1229; x_wconf 84' lang='lat' dir='ltr'>numeri</span> <span class='ocrx_word' id='word_1_57' title='bbox 433 1170 746 1248; x_wconf 78' lang='lat' dir='ltr'>singularis</span> <span class='ocrx_word' id='word_1_58' title='bbox 789 1169 880 1231; x_wconf 87' lang='lat' dir='ltr'>his</span> <span class='ocrx_word' id='word_1_59' title='bbox 929 1169 1160 1232; x_wconf 87' lang='lat' dir='ltr'>duabus</span> <span class='ocrx_word' id='word_1_60' title='bbox 1197 1170 1400 1231; x_wconf 76' lang='lat' dir='ltr'>formis</span> <span class='ocrx_word' id='word_1_61' title='bbox 1439 1170 1797 1231; x_wconf 83' lang='lat' dir='ltr'>definiuntur</span> <span class='ocrx_word' id='word_1_62' title='bbox 1836 1178 2083 1239; x_wconf 89' lang='lat' dir='ltr'>tantum,</span> <span class='ocrx_word' id='word_1_63' title='bbox 2130 1170 2185 1231; x_wconf 90' lang='lat' dir='ltr'>id</span> <span class='ocrx_word' id='word_1_64' title='bbox 2228 1177 2315 1230; x_wconf 89' lang='lat' dir='ltr'>est</span> <span class='ocrx_word' id='word_1_65' title='bbox 2358 1186 2463 1230; x_wconf 85' lang='lat' dir='ltr'>ans</span> <span class='ocrx_word' id='word_1_66' title='bbox 2506 1177 2567 1229; x_wconf 85' lang='lat' dir='ltr'>et</span> <span class='ocrx_word' id='word_1_67' title='bbox 2609 1186 2731 1238; x_wconf 87' lang='lat' dir='ltr'>ens,</span> 
     </span>
     <span class='ocr_line' id='line_1_10' title="bbox 185 1270 2737 1351; baseline 0 -20"><span class='ocrx_word' id='word_1_68' title='bbox 185 1280 232 1331; x_wconf 81' lang='lat' dir='ltr'>et</span> <span class='ocrx_word' id='word_1_69' title='bbox 267 1279 396 1333; x_wconf 85' lang='lat' dir='ltr'>sunt</span> <span class='ocrx_word' id='word_1_70' title='bbox 435 1274 672 1349; x_wconf 81' lang='lat' dir='ltr'>generis</span> <span class='ocrx_word' id='word_1_71' title='bbox 729 1274 938 1333; x_wconf 76' lang='lat' dir='ltr'>omniS.</span> <span class='ocrx_word' id='word_1_72' title='bbox 1027 1272 1176 1333; x_wconf 87' lang='lat' dir='ltr'>baec</span> <span class='ocrx_word' id='word_1_73' title='bbox 1219 1272 1367 1334; x_wconf 83' lang='lat' dir='ltr'>flunt</span> <span class='ocrx_word' id='word_1_74' title='bbox 1417 1291 1451 1334; x_wconf 89' lang='lat' dir='ltr'>a</span> <span class='ocrx_word' id='word_1_75' title='bbox 1491 1279 1716 1351; x_wconf 86' lang='lat' dir='ltr'>septem</span> <span class='ocrx_word' id='word_1_76' title='bbox 1770 1271 2087 1349; x_wconf 86' lang='lat' dir='ltr'>generibus</span> <span class='ocrx_word' id='word_1_77' title='bbox 2140 1270 2483 1342; x_wconf 85' lang='lat' dir='ltr'>verborum,</span> <span class='ocrx_word' id='word_1_78' title='bbox 2547 1272 2603 1332; x_wconf 90' lang='lat' dir='ltr'>id</span> <span class='ocrx_word' id='word_1_79' title='bbox 2649 1279 2737 1332; x_wconf 83' lang='lat' dir='ltr'>est</span> 
     </span>
     <span class='ocr_line' id='line_1_11' title="bbox 184 1371 2735 1452; baseline 0 -19"><span class='ocrx_word' id='word_1_80' title='bbox 184 1393 208 1433; x_wconf 89' lang='lat' dir='ltr'>a</span> <span class='ocrx_word' id='word_1_81' title='bbox 246 1372 482 1433; x_wconf 89' lang='lat' dir='ltr'>neutrali</span> <span class='ocrx_word' id='word_1_82' title='bbox 541 1372 718 1435; x_wconf 86' lang='lat' dir='ltr'>sedeo</span> <span class='ocrx_word' id='word_1_83' title='bbox 773 1374 1014 1444; x_wconf 89' lang='lat' dir='ltr'>sedens,</span> <span class='ocrx_word' id='word_1_84' title='bbox 1089 1373 1162 1437; x_wconf 91' lang='lat' dir='ltr'>ab</span> <span class='ocrx_word' id='word_1_85' title='bbox 1223 1375 1410 1435; x_wconf 87' lang='lat' dir='ltr'>activo</span> <span class='ocrx_word' id='word_1_86' title='bbox 1461 1374 1656 1435; x_wconf 89' lang='lat' dir='ltr'>scribo</span> <span class='ocrx_word' id='word_1_87' title='bbox 1713 1374 2007 1443; x_wconf 86' lang='lat' dir='ltr'>scribens,</span> <span class='ocrx_word' id='word_1_88' title='bbox 2074 1390 2105 1435; x_wconf 89' lang='lat' dir='ltr'>a</span> <span class='ocrx_word' id='word_1_89' title='bbox 2164 1374 2483 1452; x_wconf 70' lang='lat' dir='ltr'>deponenti</span> <span class='ocrx_word' id='word_1_90' title='bbox 2542 1371 2735 1434; x_wconf 89' lang='lat' dir='ltr'>luctor</span> 
     </span>
     <span class='ocr_line' id='line_1_12' title="bbox 183 1474 2811 1547; baseline 0.002 -12"><span class='ocrx_word' id='word_1_91' title='bbox 183 1474 400 1544; x_wconf 85' lang='lat' dir='ltr'>luctans,</span> <span class='ocrx_word' id='word_1_92' title='bbox 436 1493 470 1535; x_wconf 89' lang='lat' dir='ltr'>a</span> <span class='ocrx_word' id='word_1_93' title='bbox 511 1478 815 1537; x_wconf 87' lang='lat' dir='ltr'>communi</span> <span class='ocrx_word' id='word_1_94' title='bbox 863 1474 1097 1537; x_wconf 86' lang='lat' dir='ltr'>osculor</span> <span class='ocrx_word' id='word_1_95' title='bbox 1143 1475 1430 1547; x_wconf 86' lang='lat' dir='ltr'>osculans,</span> <span class='ocrx_word' id='word_1_96' title='bbox 1477 1476 1552 1537; x_wconf 89' lang='lat' dir='ltr'>ab</span> <span class='ocrx_word' id='word_1_97' title='bbox 1589 1477 1923 1538; x_wconf 84' lang='lat' dir='ltr'>inchoativo</span> <span class='ocrx_word' id='word_1_98' title='bbox 1962 1494 2173 1537; x_wconf 86' lang='lat' dir='ltr'>aresco.</span> <span class='ocrx_word' id='word_1_99' title='bbox 2210 1493 2503 1546; x_wconf 75' lang='lat' dir='ltr'>aresccnS,</span> <span class='ocrx_word' id='word_1_100' title='bbox 2550 1493 2581 1536; x_wconf 89' lang='lat' dir='ltr'>a</span> <span class='ocrx_word' id='word_1_101' title='bbox 2613 1475 2729 1536; x_wconf 85' lang='lat' dir='ltr'>fre·</span> <span class='ocrx_word' id='word_1_102' title='bbox 2760 1496 2811 1539; x_wconf 76' lang='grc' dir='ltr'>ιο</span> 
     </span>
     <span class='ocr_line' id='line_1_13' title="bbox 183 1576 2735 1656; baseline 0 -19"><span class='ocrx_word' id='word_1_103' title='bbox 183 1580 490 1655; x_wconf 83' lang='lat' dir='ltr'>quentativo</span> <span class='ocrx_word' id='word_1_104' title='bbox 527 1576 765 1639; x_wconf 87' lang='lat' dir='ltr'>clamito</span> <span class='ocrx_word' id='word_1_105' title='bbox 813 1576 1133 1649; x_wconf 75' lang='lat' dir='ltr'>clamitanS,</span> <span class='ocrx_word' id='word_1_106' title='bbox 1173 1598 1205 1640; x_wconf 90' lang='lat' dir='ltr'>a</span> <span class='ocrx_word' id='word_1_107' title='bbox 1249 1578 1536 1639; x_wconf 79' lang='lat' dir='ltr'>defectivo</span> <span class='ocrx_word' id='word_1_108' title='bbox 1579 1578 1705 1639; x_wconf 84' lang='lat' dir='ltr'>sero</span> <span class='ocrx_word' id='word_1_109' title='bbox 1751 1577 1967 1640; x_wconf 84' lang='lat' dir='ltr'>ferens.</span> <span class='ocrx_word' id='word_1_110' title='bbox 2035 1580 2119 1639; x_wconf 85' lang='lat' dir='ltr'>sic</span> <span class='ocrx_word' id='word_1_111' title='bbox 2162 1585 2223 1639; x_wconf 87' lang='lat' dir='ltr'>et</span> <span class='ocrx_word' id='word_1_112' title='bbox 2258 1577 2371 1639; x_wconf 89' lang='lat' dir='ltr'>alia</span> <span class='ocrx_word' id='word_1_113' title='bbox 2406 1579 2735 1656; x_wconf 84' lang='lat' dir='ltr'>praesentis</span> 
     </span>
     <span class='ocr_line' id='line_1_14' title="bbox 185 1678 2735 1761; baseline 0 -22"><span class='ocrx_word' id='word_1_114' title='bbox 185 1682 436 1758; x_wconf 84' lang='lat' dir='ltr'>temporis</span> <span class='ocrx_word' id='word_1_115' title='bbox 479 1681 792 1761; x_wconf 86' lang='lat' dir='ltr'>participia</span> <span class='ocrx_word' id='word_1_116' title='bbox 835 1681 1191 1742; x_wconf 80' lang='lat' dir='ltr'>nominativo</span> <span class='ocrx_word' id='word_1_117' title='bbox 1219 1698 1358 1741; x_wconf 88' lang='lat' dir='ltr'>casu</span> <span class='ocrx_word' id='word_1_118' title='bbox 1405 1681 1635 1741; x_wconf 88' lang='lat' dir='ltr'>numeri</span> <span class='ocrx_word' id='word_1_119' title='bbox 1665 1678 1978 1758; x_wconf 83' lang='lat' dir='ltr'>singularis</span> <span class='ocrx_word' id='word_1_120' title='bbox 2026 1698 2057 1740; x_wconf 91' lang='grc'>3</span> <span class='ocrx_word' id='word_1_121' title='bbox 2100 1697 2277 1759; x_wconf 86' lang='lat' dir='ltr'>supra</span> <span class='ocrx_word' id='word_1_122' title='bbox 2320 1680 2489 1741; x_wconf 85' lang='lat' dir='ltr'>dictis</span> <span class='ocrx_word' id='word_1_123' title='bbox 2538 1678 2735 1741; x_wconf 79' lang='lat' dir='ltr'>verbis</span> 
     </span>
     <span class='ocr_line' id='line_1_15' title="bbox 185 1780 2729 1860; baseline 0 -20"><span class='ocrx_word' id='word_1_124' title='bbox 185 1782 228 1840; x_wconf 87' lang='lat' dir='ltr'>in</span> <span class='ocrx_word' id='word_1_125' title='bbox 267 1799 432 1859; x_wconf 83' lang='lat' dir='ltr'>supra</span> <span class='ocrx_word' id='word_1_126' title='bbox 477 1781 667 1843; x_wconf 80' lang='lat' dir='ltr'>dictas</span> <span class='ocrx_word' id='word_1_127' title='bbox 709 1783 929 1844; x_wconf 86' lang='lat' dir='ltr'>formas</span> <span class='ocrx_word' id='word_1_128' title='bbox 983 1800 1224 1845; x_wconf 81' lang='lat' dir='ltr'>necesse</span> <span class='ocrx_word' id='word_1_129' title='bbox 1263 1790 1354 1843; x_wconf 84' lang='lat' dir='ltr'>est</span> <span class='ocrx_word' id='word_1_130' title='bbox 1396 1789 1461 1842; x_wconf 89' lang='lat' dir='ltr'>ut</span> <span class='ocrx_word' id='word_1_131' title='bbox 1505 1791 1731 1843; x_wconf 84' lang='lat' dir='ltr'>exeant.</span> <span class='ocrx_word' id='word_1_132' title='bbox 1821 1800 1961 1844; x_wconf 85' lang='lat' dir='ltr'>sane</span> <span class='ocrx_word' id='word_1_133' title='bbox 2014 1782 2129 1843; x_wconf 86' lang='lat' dir='ltr'>hoc</span> <span class='ocrx_word' id='word_1_134' title='bbox 2180 1800 2517 1851; x_wconf 85' lang='lat' dir='ltr'>monemus,</span> <span class='ocrx_word' id='word_1_135' title='bbox 2572 1780 2729 1860; x_wconf 83' lang='lat' dir='ltr'>quod</span> 
     </span>
     <span class='ocr_line' id='line_1_16' title="bbox 185 1881 2733 1965; baseline 0 -22"><span class='ocrx_word' id='word_1_136' title='bbox 185 1886 478 1959; x_wconf 81' lang='lat' dir='ltr'>praesentis</span> <span class='ocrx_word' id='word_1_137' title='bbox 524 1886 808 1963; x_wconf 81' lang='lat' dir='ltr'>temporis</span> <span class='ocrx_word' id='word_1_138' title='bbox 852 1885 1174 1963; x_wconf 81' lang='lat' dir='ltr'>participia,</span> <span class='ocrx_word' id='word_1_139' title='bbox 1221 1903 1374 1965; x_wconf 88' lang='lat' dir='ltr'>quae</span> <span class='ocrx_word' id='word_1_140' title='bbox 1418 1886 1773 1946; x_wconf 86' lang='lat' dir='ltr'>nominativo</span> <span class='ocrx_word' id='word_1_141' title='bbox 1814 1904 1967 1947; x_wconf 89' lang='lat' dir='ltr'>casu·</span> <span class='ocrx_word' id='word_1_142' title='bbox 2000 1886 2233 1946; x_wconf 86' lang='lat' dir='ltr'>numeri</span> <span class='ocrx_word' id='word_1_143' title='bbox 2271 1881 2585 1960; x_wconf 81' lang='lat' dir='ltr'>singularis</span> <span class='ocrx_word' id='word_1_144' title='bbox 2626 1900 2733 1943; x_wconf 87' lang='lat' dir='ltr'>ans</span> 
     </span>
     <span class='ocr_line' id='line_1_17' title="bbox 183 1984 2807 2066; baseline 0.001 -24"><span class='ocrx_word' id='word_1_145' title='bbox 183 1984 360 2045; x_wconf 79' lang='lat' dir='ltr'>litteris</span> <span class='ocrx_word' id='word_1_146' title='bbox 414 1985 806 2057; x_wconf 81' lang='lat' dir='ltr'>definiuntur,</span> <span class='ocrx_word' id='word_1_147' title='bbox 869 1986 1014 2047; x_wconf 88' lang='lat' dir='ltr'>haec</span> <span class='ocrx_word' id='word_1_148' title='bbox 1065 2005 1096 2046; x_wconf 92' lang='lat' dir='ltr'>a</span> <span class='ocrx_word' id='word_1_149' title='bbox 1149 1988 1338 2066; x_wconf 88' lang='lat' dir='ltr'>prima</span> <span class='ocrx_word' id='word_1_150' title='bbox 1397 1988 1807 2065; x_wconf 82' lang='lat' dir='ltr'>coniugatione</span> <span class='ocrx_word' id='word_1_151' title='bbox 1856 1987 2017 2049; x_wconf 89' lang='lat' dir='ltr'>verbi</span> <span class='ocrx_word' id='word_1_152' title='bbox 2060 1995 2283 2049; x_wconf 86' lang='lat' dir='ltr'>tantum</span> <span class='ocrx_word' id='word_1_153' title='bbox 2318 1986 2495 2047; x_wconf 84' lang='lat' dir='ltr'>modo</span> <span class='ocrx_word' id='word_1_154' title='bbox 2534 1987 2730 2046; x_wconf 85' lang='lat' dir='ltr'>venire</span> <span class='ocrx_word' id='word_1_155' title='bbox 2764 2006 2807 2045; x_wconf 70' lang='grc' dir='ltr'>ιτ,</span> 
     </span>
     <span class='ocr_line' id='line_1_18' title="bbox 183 2084 2733 2169; baseline 0 -24"><span class='ocrx_word' id='word_1_156' title='bbox 183 2090 554 2164; x_wconf 76' lang='lat' dir='ltr'>reperiantur:</span> <span class='ocrx_word' id='word_1_157' title='bbox 617 2096 676 2151; x_wconf 90' lang='lat' dir='ltr'>at</span> <span class='ocrx_word' id='word_1_158' title='bbox 719 2108 856 2150; x_wconf 81' lang='lat' dir='ltr'>vero</span> <span class='ocrx_word' id='word_1_159' title='bbox 917 2107 1069 2169; x_wconf 87' lang='lat' dir='ltr'>quae</span> <span class='ocrx_word' id='word_1_160' title='bbox 1124 2107 1228 2151; x_wconf 85' lang='lat' dir='ltr'>ens</span> <span class='ocrx_word' id='word_1_161' title='bbox 1282 2088 1494 2151; x_wconf 84' lang='lat' dir='ltr'>litteris</span> <span class='ocrx_word' id='word_1_162' title='bbox 1547 2088 2011 2160; x_wconf 85' lang='lat' dir='ltr'>concluduntur,</span> <span class='ocrx_word' id='word_1_163' title='bbox 2074 2090 2219 2151; x_wconf 86' lang='lat' dir='ltr'>baec</span> <span class='ocrx_word' id='word_1_164' title='bbox 2266 2107 2299 2149; x_wconf 89' lang='lat' dir='ltr'>a</span> <span class='ocrx_word' id='word_1_165' title='bbox 2342 2088 2599 2151; x_wconf 88' lang='lat' dir='ltr'>secunda</span> <span class='ocrx_word' id='word_1_166' title='bbox 2642 2084 2733 2147; x_wconf 87' lang='lat' dir='ltr'>vel</span> 
     </span>
     <span class='ocr_line' id='line_1_19' title="bbox 184 2188 2731 2269; baseline 0.002 -22"><span class='ocrx_word' id='word_1_167' title='bbox 184 2188 435 2251; x_wconf 84' lang='lat' dir='ltr'>ambabus</span> <span class='ocrx_word' id='word_1_168' title='bbox 479 2192 672 2252; x_wconf 87' lang='lat' dir='ltr'>tertiis</span> <span class='ocrx_word' id='word_1_169' title='bbox 715 2190 1220 2269; x_wconf 85' lang='lat' dir='ltr'>coniugationibus</span> <span class='ocrx_word' id='word_1_170' title='bbox 1266 2210 1375 2251; x_wconf 88' lang='lat' dir='ltr'>nec</span> <span class='ocrx_word' id='word_1_171' title='bbox 1417 2208 1534 2251; x_wconf 90' lang='lat' dir='ltr'>non</span> <span class='ocrx_word' id='word_1_172' title='bbox 1581 2198 1638 2251; x_wconf 88' lang='lat' dir='ltr'>et</span> <span class='ocrx_word' id='word_1_173' title='bbox 1675 2209 1707 2250; x_wconf 92' lang='lat' dir='ltr'>a</span> <span class='ocrx_word' id='word_1_174' title='bbox 1752 2190 2051 2253; x_wconf 66' lang='lat' dir='ltr'>derectius</span> <span class='ocrx_word' id='word_1_175' title='bbox 2090 2190 2285 2252; x_wconf 87' lang='lat' dir='ltr'>verbis</span> <span class='ocrx_word' id='word_1_176' title='bbox 2320 2190 2519 2252; x_wconf 85' lang='lat' dir='ltr'>venire</span> <span class='ocrx_word' id='word_1_177' title='bbox 2562 2189 2731 2251; x_wconf 90' lang='lat' dir='ltr'>intel-</span> 
     </span>
     <span class='ocr_line' id='line_1_20' title="bbox 185 2288 445 2369; baseline 0.021 -21"><span class='ocrx_word' id='word_1_178' title='bbox 185 2288 445 2369; x_wconf 79' lang='lat' dir='ltr'>leguntur.</span> 
     </span>
    </p>

    <p class='ocr_par' dir='ltr' id='par_1_4' title="bbox 185 2390 2809 3173">
     <span class='ocr_line' id='line_1_21' title="bbox 324 2390 2731 2475; baseline 0.001 -22"><span class='ocrx_word' id='word_1_179' title='bbox 324 2393 402 2454; x_wconf 91' lang='lat' dir='ltr'>De</span> <span class='ocrx_word' id='word_1_180' title='bbox 442 2396 764 2473; x_wconf 85' lang='lat' dir='ltr'>praeterito</span> <span class='ocrx_word' id='word_1_181' title='bbox 805 2403 1093 2474; x_wconf 86' lang='lat' dir='ltr'>tempore.</span> <span class='ocrx_word' id='word_1_182' title='bbox 1181 2397 1479 2475; x_wconf 87' lang='lat' dir='ltr'>praeteriti</span> <span class='ocrx_word' id='word_1_183' title='bbox 1523 2395 1807 2473; x_wconf 85' lang='lat' dir='ltr'>temporis</span> <span class='ocrx_word' id='word_1_184' title='bbox 1863 2396 2165 2475; x_wconf 84' lang='lat' dir='ltr'>participia</span> <span class='ocrx_word' id='word_1_185' title='bbox 2224 2396 2457 2473; x_wconf 86' lang='lat' dir='ltr'>generis</span> <span class='ocrx_word' id='word_1_186' title='bbox 2500 2390 2731 2457; x_wconf 77' lang='lat' dir='ltr'>mascu-</span> 
     </span>
     <span class='ocr_line' id='line_1_22' title="bbox 185 2493 2809 2576; baseline 0.002 -23"><span class='ocrx_word' id='word_1_187' title='bbox 185 2493 266 2554; x_wconf 90' lang='lat' dir='ltr'>lini</span> <span class='ocrx_word' id='word_1_188' title='bbox 299 2498 650 2559; x_wconf 85' lang='lat' dir='ltr'>nominativo</span> <span class='ocrx_word' id='word_1_189' title='bbox 696 2516 838 2559; x_wconf 86' lang='lat' dir='ltr'>casu</span> <span class='ocrx_word' id='word_1_190' title='bbox 883 2499 1112 2559; x_wconf 86' lang='lat' dir='ltr'>numeri</span> <span class='ocrx_word' id='word_1_191' title='bbox 1161 2498 1473 2576; x_wconf 82' lang='lat' dir='ltr'>singularis</span> <span class='ocrx_word' id='word_1_192' title='bbox 1529 2497 1620 2557; x_wconf 86' lang='lat' dir='ltr'>his</span> <span class='ocrx_word' id='word_1_193' title='bbox 1665 2497 1893 2559; x_wconf 86' lang='lat' dir='ltr'>duabus</span> <span class='ocrx_word' id='word_1_194' title='bbox 1938 2499 2143 2558; x_wconf 74' lang='lat' dir='ltr'>formis</span> <span class='ocrx_word' id='word_1_195' title='bbox 2200 2497 2558 2559; x_wconf 83' lang='lat' dir='ltr'>definiuntur</span> <span class='ocrx_word' id='word_1_196' title='bbox 2602 2503 2730 2558; x_wconf 85' lang='lat' dir='ltr'>tan-</span> <span class='ocrx_word' id='word_1_197' title='bbox 2758 2516 2809 2557; x_wconf 67' lang='grc' dir='ltr'>πο</span> 
     </span>
     <span class='ocr_line' id='line_1_23' title="bbox 185 2597 2731 2679; baseline 0.003 -26"><span class='ocrx_word' id='word_1_198' title='bbox 185 2600 311 2665; x_wconf 85' lang='lat' dir='ltr'>tum,</span> <span class='ocrx_word' id='word_1_199' title='bbox 362 2606 572 2661; x_wconf 78' lang='lat' dir='ltr'>tus&#39;et</span> <span class='ocrx_word' id='word_1_200' title='bbox 629 2618 748 2661; x_wconf 78' lang='lat' dir='ltr'>sus,</span> <span class='ocrx_word' id='word_1_201' title='bbox 837 2600 984 2661; x_wconf 88' lang='lat' dir='ltr'>haec</span> <span class='ocrx_word' id='word_1_202' title='bbox 1037 2601 1188 2661; x_wconf 85' lang='lat' dir='ltr'>flunt</span> <span class='ocrx_word' id='word_1_203' title='bbox 1239 2618 1272 2659; x_wconf 92' lang='lat' dir='ltr'>a</span> <span class='ocrx_word' id='word_1_204' title='bbox 1326 2605 1606 2679; x_wconf 87' lang='lat' dir='ltr'>quattuor</span> <span class='ocrx_word' id='word_1_205' title='bbox 1663 2600 1983 2679; x_wconf 84' lang='lat' dir='ltr'>generibus</span> <span class='ocrx_word' id='word_1_206' title='bbox 2040 2597 2385 2671; x_wconf 85' lang='lat' dir='ltr'>verborum,</span> <span class='ocrx_word' id='word_1_207' title='bbox 2448 2599 2506 2660; x_wconf 87' lang='lat' dir='ltr'>id</span> <span class='ocrx_word' id='word_1_208' title='bbox 2566 2606 2655 2661; x_wconf 85' lang='lat' dir='ltr'>est</span> <span class='ocrx_word' id='word_1_209' title='bbox 2698 2618 2731 2661; x_wconf 86' lang='lat' dir='ltr'>a</span> 
     </span>
     <span class='ocr_line' id='line_1_24' title="bbox 185 2702 2733 2781; baseline 0.002 -24"><span class='ocrx_word' id='word_1_210' title='bbox 185 2702 380 2775; x_wconf 84' lang='lat' dir='ltr'>passivo</span> <span class='ocrx_word' id='word_1_211' title='bbox 423 2702 659 2763; x_wconf 86' lang='lat' dir='ltr'>scribor</span> <span class='ocrx_word' id='word_1_212' title='bbox 697 2704 970 2781; x_wconf 67' lang='lat' dir='ltr'>scriptus,⁴</span> <span class='ocrx_word' id='word_1_213' title='bbox 1017 2702 1218 2763; x_wconf 84' lang='lat' dir='ltr'>rideor</span> <span class='ocrx_word' id='word_1_214' title='bbox 1263 2702 1444 2769; x_wconf 90' lang='lat' dir='ltr'>risus;</span> <span class='ocrx_word' id='word_1_215' title='bbox 1491 2720 1522 2761; x_wconf 90' lang='lat' dir='ltr'>a</span> <span class='ocrx_word' id='word_1_216' title='bbox 1554 2704 1849 2763; x_wconf 89' lang='lat' dir='ltr'>communi</span> <span class='ocrx_word' id='word_1_217' title='bbox 1898 2702 2135 2763; x_wconf 83' lang='lat' dir='ltr'>osculor</span> <span class='ocrx_word' id='word_1_218' title='bbox 2180 2702 2494 2773; x_wconf 76' lang='lat' dir='ltr'>osculatuz3‚</span> <span class='ocrx_word' id='word_1_219' title='bbox 2538 2703 2733 2781; x_wconf 88' lang='lat' dir='ltr'>patior</span> 
     </span>
     <span class='ocr_line' id='line_1_25' title="bbox 186 2802 2730 2884; baseline -0 -20"><span class='ocrx_word' id='word_1_220' title='bbox 186 2817 385 2877; x_wconf 80' lang='lat' dir='ltr'>passus;</span> <span class='ocrx_word' id='word_1_221' title='bbox 439 2824 474 2865; x_wconf 89' lang='lat' dir='ltr'>a</span> <span class='ocrx_word' id='word_1_222' title='bbox 515 2804 838 2884; x_wconf 80' lang='lat' dir='ltr'>deponenti</span> <span class='ocrx_word' id='word_1_223' title='bbox 881 2802 1072 2865; x_wconf 88' lang='lat' dir='ltr'>luctor</span> <span class='ocrx_word' id='word_1_224' title='bbox 1115 2804 1386 2871; x_wconf 83' lang='lat' dir='ltr'>luctatus,</span> <span class='ocrx_word' id='word_1_225' title='bbox 1429 2804 1730 2881; x_wconf 80' lang='lat' dir='ltr'>ingredior</span> <span class='ocrx_word' id='word_1_226' title='bbox 1772 2806 2103 2883; x_wconf 85' lang='lat' dir='ltr'>ingressus·;</span> <span class='ocrx_word' id='word_1_227' title='bbox 2162 2823 2193 2865; x_wconf 92' lang='lat' dir='ltr'>a</span> <span class='ocrx_word' id='word_1_228' title='bbox 2238 2805 2519 2865; x_wconf 80' lang='lat' dir='ltr'>defectivo</span> <span class='ocrx_word' id='word_1_229' title='bbox 2570 2804 2730 2865; x_wconf 84' lang='lat' dir='ltr'>feror</span> 
     </span>
     <span class='ocr_line' id='line_1_26' title="bbox 187 2900 2729 2986; baseline 0.002 -26"><span class='ocrx_word' id='word_1_230' title='bbox 187 2900 322 2965; x_wconf 79' lang='lat' dir='ltr'>latus,</span> <span class='ocrx_word' id='word_1_231' title='bbox 404 2908 489 2967; x_wconf 81' lang='lat' dir='ltr'>sic</span> <span class='ocrx_word' id='word_1_232' title='bbox 533 2915 596 2967; x_wconf 88' lang='lat' dir='ltr'>et</span> <span class='ocrx_word' id='word_1_233' title='bbox 634 2905 746 2967; x_wconf 86' lang='lat' dir='ltr'>alia</span> <span class='ocrx_word' id='word_1_234' title='bbox 791 2908 1091 2985; x_wconf 85' lang='lat' dir='ltr'>praeteriti</span> <span class='ocrx_word' id='word_1_235' title='bbox 1139 2908 1422 2986; x_wconf 86' lang='lat' dir='ltr'>temporis</span> <span class='ocrx_word' id='word_1_236' title='bbox 1475 2907 1707 2984; x_wconf 82' lang='lat' dir='ltr'>generis</span> <span class='ocrx_word' id='word_1_237' title='bbox 1750 2904 2056 2967; x_wconf 81' lang='lat' dir='ltr'>masculini</span> <span class='ocrx_word' id='word_1_238' title='bbox 2107 2906 2409 2985; x_wconf 86' lang='lat' dir='ltr'>participia</span> <span class='ocrx_word' id='word_1_239' title='bbox 2466 2907 2729 2966; x_wconf 83' lang='lat' dir='ltr'>nomina-</span> 
     </span>
     <span class='ocr_line' id='line_1_27' title="bbox 188 3005 2807 3092; baseline 0 -27"><span class='ocrx_word' id='word_1_240' title='bbox 188 3005 278 3065; x_wconf 79' lang='lat' dir='ltr'>tivo</span> <span class='ocrx_word' id='word_1_241' title='bbox 327 3026 462 3070; x_wconf 86' lang='lat' dir='ltr'>casu</span> <span class='ocrx_word' id='word_1_242' title='bbox 509 3010 746 3070; x_wconf 87' lang='lat' dir='ltr'>numeri</span> <span class='ocrx_word' id='word_1_243' title='bbox 801 3007 1112 3092; x_wconf 70' lang='lat' dir='ltr'>singularis</span> <span class='ocrx_word' id='word_1_244' title='bbox 1161 3028 1192 3069; x_wconf 89' lang='grc'>3</span> <span class='ocrx_word' id='word_1_245' title='bbox 1239 3026 1418 3088; x_wconf 85' lang='lat' dir='ltr'>supra</span> <span class='ocrx_word' id='word_1_246' title='bbox 1463 3008 1631 3069; x_wconf 86' lang='lat' dir='ltr'>dictis</span> <span class='ocrx_word' id='word_1_247' title='bbox 1689 3006 1880 3068; x_wconf 82' lang='lat' dir='ltr'>verbis</span> <span class='ocrx_word' id='word_1_248' title='bbox 1936 3008 1993 3067; x_wconf 87' lang='lat' dir='ltr'>in</span> <span class='ocrx_word' id='word_1_249' title='bbox 2052 3026 2231 3087; x_wconf 85' lang='lat' dir='ltr'>supra</span> <span class='ocrx_word' id='word_1_250' title='bbox 2274 3008 2455 3069; x_wconf 87' lang='lat' dir='ltr'>dictas</span> <span class='ocrx_word' id='word_1_251' title='bbox 2511 3008 2807 3068; x_wconf 69' lang='lat' dir='ltr'>formasa-⁹,</span> 
     </span>
     <span class='ocr_line' id='line_1_28' title="bbox 189 3096 909 3173; baseline 0.01 -11"><span class='ocrx_word' id='word_1_252' title='bbox 189 3124 394 3171; x_wconf 85' lang='lat' dir='ltr'>necesse</span> <span class='ocrx_word' id='word_1_253' title='bbox 435 3119 524 3173; x_wconf 90' lang='lat' dir='ltr'>est</span> <span class='ocrx_word' id='word_1_254' title='bbox 569 3119 634 3173; x_wconf 90' lang='lat' dir='ltr'>ut</span> <span class='ocrx_word' id='word_1_255' title='bbox 679 3096 909 3173; x_wconf 75' lang='lat' dir='ltr'>exeant.</span> 
     </span>
    </p>

    <p class='ocr_par' dir='ltr' id='par_1_5' title="bbox 189 3209 2809 4195">
     <span class='ocr_line' id='line_1_29' title="bbox 327 3209 2731 3291; baseline -0 -18"><span class='ocrx_word' id='word_1_256' title='bbox 327 3212 404 3273; x_wconf 88' lang='lat' dir='ltr'>De</span> <span class='ocrx_word' id='word_1_257' title='bbox 447 3214 650 3275; x_wconf 83' lang='lat' dir='ltr'>futuro</span> <span class='ocrx_word' id='word_1_258' title='bbox 697 3221 980 3291; x_wconf 87' lang='lat' dir='ltr'>tempore.</span> <span class='ocrx_word' id='word_1_259' title='bbox 1071 3214 1252 3274; x_wconf 76' lang='lat' dir='ltr'>futuri</span> <span class='ocrx_word' id='word_1_260' title='bbox 1300 3213 1582 3291; x_wconf 87' lang='lat' dir='ltr'>temporis</span> <span class='ocrx_word' id='word_1_261' title='bbox 1639 3212 1944 3290; x_wconf 86' lang='lat' dir='ltr'>participia</span> <span class='ocrx_word' id='word_1_262' title='bbox 1992 3214 2225 3290; x_wconf 85' lang='lat' dir='ltr'>generis</span> <span class='ocrx_word' id='word_1_263' title='bbox 2273 3209 2581 3273; x_wconf 80' lang='lat' dir='ltr'>masculini</span> <span class='ocrx_word' id='word_1_264' title='bbox 2624 3230 2731 3272; x_wconf 87' lang='lat' dir='ltr'>no-</span> 
     </span>
     <span class='ocr_line' id='line_1_30' title="bbox 189 3314 2733 3393; baseline 0.001 -23"><span class='ocrx_word' id='word_1_265' title='bbox 189 3314 428 3375; x_wconf 83' lang='lat' dir='ltr'>minativo</span> <span class='ocrx_word' id='word_1_266' title='bbox 471 3334 614 3379; x_wconf 88' lang='lat' dir='ltr'>casu</span> <span class='ocrx_word' id='word_1_267' title='bbox 659 3317 892 3377; x_wconf 87' lang='lat' dir='ltr'>numeri</span> <span class='ocrx_word' id='word_1_268' title='bbox 935 3315 1248 3393; x_wconf 82' lang='lat' dir='ltr'>singularis</span> <span class='ocrx_word' id='word_1_269' title='bbox 1292 3315 1385 3377; x_wconf 88' lang='lat' dir='ltr'>bis</span> <span class='ocrx_word' id='word_1_270' title='bbox 1431 3314 1658 3377; x_wconf 86' lang='lat' dir='ltr'>duabus</span> <span class='ocrx_word' id='word_1_271' title='bbox 1701 3314 1909 3375; x_wconf 84' lang='lat' dir='ltr'>formis</span> <span class='ocrx_word' id='word_1_272' title='bbox 1950 3314 2340 3383; x_wconf 82' lang='lat' dir='ltr'>deliniuntur,</span> <span class='ocrx_word' id='word_1_273' title='bbox 2399 3314 2453 3376; x_wconf 91' lang='lat' dir='ltr'>id</span> <span class='ocrx_word' id='word_1_274' title='bbox 2500 3324 2589 3375; x_wconf 86' lang='lat' dir='ltr'>est</span> <span class='ocrx_word' id='word_1_275' title='bbox 2628 3332 2733 3375; x_wconf 82' lang='lat' dir='ltr'>rus</span> 
     </span>
     <span class='ocr_line' id='line_1_31' title="bbox 191 3415 2731 3495; baseline 0.002 -24"><span class='ocrx_word' id='word_1_276' title='bbox 191 3420 234 3471; x_wconf 86' lang='lat' dir='ltr'>et</span> <span class='ocrx_word' id='word_1_277' title='bbox 269 3415 384 3477; x_wconf 79' lang='lat' dir='ltr'>dus,</span> <span class='ocrx_word' id='word_1_278' title='bbox 468 3419 572 3479; x_wconf 86' lang='lat' dir='ltr'>sed</span> <span class='ocrx_word' id='word_1_279' title='bbox 614 3419 762 3480; x_wconf 87' lang='lat' dir='ltr'>baec</span> <span class='ocrx_word' id='word_1_280' title='bbox 805 3438 836 3479; x_wconf 91' lang='grc'>3</span> <span class='ocrx_word' id='word_1_281' title='bbox 882 3418 1134 3479; x_wconf 82' lang='lat' dir='ltr'>neutrali</span> <span class='ocrx_word' id='word_1_282' title='bbox 1179 3418 1364 3479; x_wconf 85' lang='lat' dir='ltr'>activo</span> <span class='ocrx_word' id='word_1_283' title='bbox 1407 3416 1725 3495; x_wconf 78' lang='lat' dir='ltr'>deponenti</span> <span class='ocrx_word' id='word_1_284' title='bbox 1780 3418 2081 3478; x_wconf 88' lang='lat' dir='ltr'>communi</span> <span class='ocrx_word' id='word_1_285' title='bbox 2126 3424 2185 3477; x_wconf 90' lang='lat' dir='ltr'>et</span> <span class='ocrx_word' id='word_1_286' title='bbox 2224 3415 2505 3479; x_wconf 77' lang='lat' dir='ltr'>defectivo</span> <span class='ocrx_word' id='word_1_287' title='bbox 2550 3415 2731 3478; x_wconf 86' lang='lat' dir='ltr'>verbo</span> 
     </span>
     <span class='ocr_line' id='line_1_32' title="bbox 191 3516 2808 3600; baseline 0.002 -28"><span class='ocrx_word' id='word_1_288' title='bbox 191 3516 234 3573; x_wconf 86' lang='lat' dir='ltr'>in</span> <span class='ocrx_word' id='word_1_289' title='bbox 259 3535 350 3577; x_wconf 84' lang='lat' dir='ltr'>rus</span> <span class='ocrx_word' id='word_1_290' title='bbox 381 3520 662 3600; x_wconf 75' lang='lat' dir='ltr'>syllabam</span> <span class='ocrx_word' id='word_1_291' title='bbox 692 3528 945 3589; x_wconf 70' lang='lat' dir='ltr'>exeunt,</span> <span class='ocrx_word' id='word_1_292' title='bbox 993 3527 1058 3581; x_wconf 90' lang='lat' dir='ltr'>ut</span> <span class='ocrx_word' id='word_1_293' title='bbox 1089 3528 1228 3599; x_wconf 86' lang='lat' dir='ltr'>puta</span> <span class='ocrx_word' id='word_1_294' title='bbox 1273 3539 1304 3581; x_wconf 91' lang='lat' dir='ltr'>a</span> <span class='ocrx_word' id='word_1_295' title='bbox 1340 3518 1589 3586; x_wconf 83' lang='lat' dir='ltr'>neutrali</span> <span class='ocrx_word' id='word_1_296' title='bbox 1629 3536 1809 3579; x_wconf 89' lang='lat' dir='ltr'>curro</span> <span class='ocrx_word' id='word_1_297' title='bbox 1854 3536 2155 3587; x_wconf 85' lang='lat' dir='ltr'>cursurus,</span> <span class='ocrx_word' id='word_1_298' title='bbox 2198 3518 2271 3579; x_wconf 89' lang='lat' dir='ltr'>ab</span> <span class='ocrx_word' id='word_1_299' title='bbox 2308 3522 2493 3581; x_wconf 86' lang='lat' dir='ltr'>activo</span> <span class='ocrx_word' id='word_1_300' title='bbox 2531 3519 2727 3582; x_wconf 84' lang='lat' dir='ltr'>scribo</span> <span class='ocrx_word' id='word_1_301' title='bbox 2756 3536 2808 3577; x_wconf 82' lang='grc' dir='ltr'>3ο</span> 
     </span>
     <span class='ocr_line' id='line_1_33' title="bbox 191 3618 2731 3705; baseline 0.002 -30"><span class='ocrx_word' id='word_1_302' title='bbox 191 3620 496 3697; x_wconf 79' lang='lat' dir='ltr'>scripturus,</span> <span class='ocrx_word' id='word_1_303' title='bbox 543 3643 576 3684; x_wconf 90' lang='lat' dir='ltr'>a</span> <span class='ocrx_word' id='word_1_304' title='bbox 621 3622 936 3703; x_wconf 79' lang='lat' dir='ltr'>deponenti</span> <span class='ocrx_word' id='word_1_305' title='bbox 981 3622 1174 3684; x_wconf 84' lang='lat' dir='ltr'>luctor</span> <span class='ocrx_word' id='word_1_306' title='bbox 1209 3622 1564 3690; x_wconf 87' lang='lat' dir='ltr'>luctaturus,</span> <span class='ocrx_word' id='word_1_307' title='bbox 1613 3640 1644 3682; x_wconf 90' lang='grc'>3</span> <span class='ocrx_word' id='word_1_308' title='bbox 1691 3622 1989 3683; x_wconf 86' lang='lat' dir='ltr'>communi</span> <span class='ocrx_word' id='word_1_309' title='bbox 2031 3620 2267 3683; x_wconf 86' lang='lat' dir='ltr'>osculor</span> <span class='ocrx_word' id='word_1_310' title='bbox 2312 3618 2731 3705; x_wconf 72' lang='lat' dir='ltr'>osculatullrus3</span> 
     </span>
     <span class='ocr_line' id='line_1_34' title="bbox 192 3706 2731 3803; baseline 0.001 -23"><span class='ocrx_word' id='word_1_311' title='bbox 192 3734 216 3774; x_wconf 74' lang='lat' dir='ltr'>a</span> <span class='ocrx_word' id='word_1_312' title='bbox 247 3724 454 3797; x_wconf 78' lang='lat' dir='ltr'>passivo</span> <span class='ocrx_word' id='word_1_313' title='bbox 507 3732 704 3787; x_wconf 84' lang='lat' dir='ltr'>autem</span> <span class='ocrx_word' id='word_1_314' title='bbox 762 3732 822 3786; x_wconf 90' lang='lat' dir='ltr'>et</span> <span class='ocrx_word' id='word_1_315' title='bbox 875 3726 1010 3787; x_wconf 88' lang='lat' dir='ltr'>item</span> <span class='ocrx_word' id='word_1_316' title='bbox 1065 3725 1366 3786; x_wconf 88' lang='lat' dir='ltr'>communi</span> <span class='ocrx_word' id='word_1_317' title='bbox 1419 3723 1510 3785; x_wconf 85' lang='lat' dir='ltr'>vel</span> <span class='ocrx_word' id='word_1_318' title='bbox 1553 3724 1839 3785; x_wconf 75' lang='lat' dir='ltr'>defectivo</span> <span class='ocrx_word' id='word_1_319' title='bbox 1892 3726 1948 3785; x_wconf 89' lang='lat' dir='ltr'>in</span> <span class='ocrx_word' id='word_1_320' title='bbox 1996 3724 2105 3785; x_wconf 87' lang='lat' dir='ltr'>dus</span> <span class='ocrx_word' id='word_1_321' title='bbox 2162 3706 2443 3803; x_wconf 75' lang='lat' dir='ltr'>syllabam</span> <span class='ocrx_word' id='word_1_322' title='bbox 2498 3730 2731 3793; x_wconf 83' lang='lat' dir='ltr'>exeunt,</span> 
     </span>
     <span class='ocr_line' id='line_1_35' title="bbox 194 3826 2731 3907; baseline 0.001 -24"><span class='ocrx_word' id='word_1_323' title='bbox 194 3828 393 3899; x_wconf 81' lang='lat' dir='ltr'>utputa</span> <span class='ocrx_word' id='word_1_324' title='bbox 447 3846 480 3887; x_wconf 88' lang='lat' dir='ltr'>a</span> <span class='ocrx_word' id='word_1_325' title='bbox 531 3828 764 3907; x_wconf 83' lang='lat' dir='ltr'>passivo</span> <span class='ocrx_word' id='word_1_326' title='bbox 823 3827 1052 3889; x_wconf 85' lang='lat' dir='ltr'>scribor</span> <span class='ocrx_word' id='word_1_327' title='bbox 1105 3826 1487 3893; x_wconf 86' lang='lat' dir='ltr'>scribendus.</span> <span class='ocrx_word' id='word_1_328' title='bbox 1545 3846 1576 3887; x_wconf 92' lang='lat' dir='ltr'>a</span> <span class='ocrx_word' id='word_1_329' title='bbox 1624 3828 1920 3889; x_wconf 87' lang='lat' dir='ltr'>communi</span> <span class='ocrx_word' id='word_1_330' title='bbox 1977 3826 2212 3889; x_wconf 89' lang='lat' dir='ltr'>osculor</span> <span class='ocrx_word' id='word_1_331' title='bbox 2269 3826 2655 3895; x_wconf 85' lang='lat' dir='ltr'>osculandus,</span> <span class='ocrx_word' id='word_1_332' title='bbox 2698 3844 2731 3886; x_wconf 89' lang='lat' dir='ltr'>a</span> 
     </span>
     <span class='ocr_line' id='line_1_36' title="bbox 193 3920 2733 4007; baseline 0.004 -28"><span class='ocrx_word' id='word_1_333' title='bbox 193 3920 436 3987; x_wconf 74' lang='lat' dir='ltr'>defectivo</span> <span class='ocrx_word' id='word_1_334' title='bbox 481 3930 641 3991; x_wconf 81' lang='lat' dir='ltr'>seror</span> <span class='ocrx_word' id='word_1_335' title='bbox 683 3930 980 3991; x_wconf 87' lang='lat' dir='ltr'>ferendus.</span> <span class='ocrx_word' id='word_1_336' title='bbox 1051 3930 1134 3989; x_wconf 87' lang='lat' dir='ltr'>sic</span> <span class='ocrx_word' id='word_1_337' title='bbox 1170 3936 1228 3989; x_wconf 89' lang='lat' dir='ltr'>et</span> <span class='ocrx_word' id='word_1_338' title='bbox 1269 3928 1380 3989; x_wconf 85' lang='lat' dir='ltr'>alia</span> <span class='ocrx_word' id='word_1_339' title='bbox 1425 3928 1604 3989; x_wconf 80' lang='lat' dir='ltr'>futuri</span> <span class='ocrx_word' id='word_1_340' title='bbox 1647 3930 1929 4006; x_wconf 84' lang='lat' dir='ltr'>temporis</span> <span class='ocrx_word' id='word_1_341' title='bbox 1974 3932 2209 4007; x_wconf 81' lang='lat' dir='ltr'>generis</span> <span class='ocrx_word' id='word_1_342' title='bbox 2254 3928 2560 3991; x_wconf 86' lang='lat' dir='ltr'>masculini</span> <span class='ocrx_word' id='word_1_343' title='bbox 2599 3946 2733 4007; x_wconf 88' lang='lat' dir='ltr'>par-</span> 
     </span>
     <span class='ocr_line' id='line_1_37' title="bbox 195 4024 2809 4113; baseline 0.002 -31"><span class='ocrx_word' id='word_1_344' title='bbox 195 4024 354 4103; x_wconf 81' lang='lat' dir='ltr'>ticipia</span> <span class='ocrx_word' id='word_1_345' title='bbox 407 4032 762 4094; x_wconf 83' lang='lat' dir='ltr'>nominativo</span> <span class='ocrx_word' id='word_1_346' title='bbox 819 4048 958 4094; x_wconf 81' lang='lat' dir='ltr'>casu</span> <span class='ocrx_word' id='word_1_347' title='bbox 1011 4032 1244 4093; x_wconf 86' lang='lat' dir='ltr'>numeri</span> <span class='ocrx_word' id='word_1_348' title='bbox 1301 4028 1612 4107; x_wconf 82' lang='lat' dir='ltr'>singularis</span> <span class='ocrx_word' id='word_1_349' title='bbox 1665 4049 1698 4091; x_wconf 89' lang='lat' dir='ltr'>a</span> <span class='ocrx_word' id='word_1_350' title='bbox 1740 4048 1919 4109; x_wconf 86' lang='lat' dir='ltr'>supra</span> <span class='ocrx_word' id='word_1_351' title='bbox 1970 4032 2141 4091; x_wconf 82' lang='lat' dir='ltr'>dictis</span> <span class='ocrx_word' id='word_1_352' title='bbox 2190 4031 2386 4093; x_wconf 81' lang='lat' dir='ltr'>verbis</span> <span class='ocrx_word' id='word_1_353' title='bbox 2438 4032 2497 4091; x_wconf 90' lang='lat' dir='ltr'>in</span> <span class='ocrx_word' id='word_1_354' title='bbox 2554 4048 2731 4113; x_wconf 80' lang='lat' dir='ltr'>supra</span> <span class='ocrx_word' id='word_1_355' title='bbox 2759 4046 2809 4087; x_wconf 70' lang='grc'>33</span> 
     </span>
     <span class='ocr_line' id='line_1_38' title="bbox 196 4122 1394 4195; baseline 0.007 -12"><span class='ocrx_word' id='word_1_356' title='bbox 196 4122 347 4189; x_wconf 84' lang='lat' dir='ltr'>dictas</span> <span class='ocrx_word' id='word_1_357' title='bbox 387 4131 606 4193; x_wconf 79' lang='lat' dir='ltr'>formas</span> <span class='ocrx_word' id='word_1_358' title='bbox 649 4152 890 4195; x_wconf 86' lang='lat' dir='ltr'>necesse</span> <span class='ocrx_word' id='word_1_359' title='bbox 937 4142 1026 4195; x_wconf 91' lang='lat' dir='ltr'>est</span> <span class='ocrx_word' id='word_1_360' title='bbox 1059 4142 1126 4194; x_wconf 86' lang='lat' dir='ltr'>ut</span> <span class='ocrx_word' id='word_1_361' title='bbox 1167 4140 1394 4195; x_wconf 77' lang='lat' dir='ltr'>exeant.</span> 
     </span>
    </p>

    <p class='ocr_par' dir='ltr' id='par_1_6' title="bbox 198 4229 2809 4620">
     <span class='ocr_line' id='line_1_39' title="bbox 331 4229 2733 4317; baseline 0 -24"><span class='ocrx_word' id='word_1_362' title='bbox 331 4230 408 4295; x_wconf 86' lang='lat' dir='ltr'>De</span> <span class='ocrx_word' id='word_1_363' title='bbox 445 4252 716 4297; x_wconf 84' lang='lat' dir='ltr'>numero.</span> <span class='ocrx_word' id='word_1_364' title='bbox 805 4237 1041 4297; x_wconf 87' lang='lat' dir='ltr'>numeri</span> <span class='ocrx_word' id='word_1_365' title='bbox 1092 4235 1413 4315; x_wconf 80' lang='lat' dir='ltr'>participiis</span> <span class='ocrx_word' id='word_1_366' title='bbox 1468 4232 1744 4295; x_wconf 84' lang='lat' dir='ltr'>accidunt</span> <span class='ocrx_word' id='word_1_367' title='bbox 1778 4229 1791 4317; x_wconf 87' lang='grc' dir='ltr'>Ι</span> <span class='ocrx_word' id='word_1_368' title='bbox 1826 4236 1913 4295; x_wconf 88' lang='lat' dir='ltr'>sic</span> <span class='ocrx_word' id='word_1_369' title='bbox 1964 4236 2052 4297; x_wconf 90' lang='lat' dir='ltr'>uti</span> <span class='ocrx_word' id='word_1_370' title='bbox 2108 4234 2441 4297; x_wconf 85' lang='lat' dir='ltr'>nominibus</span> <span class='ocrx_word' id='word_1_371' title='bbox 2496 4240 2557 4295; x_wconf 91' lang='lat' dir='ltr'>et</span> <span class='ocrx_word' id='word_1_372' title='bbox 2594 4252 2733 4313; x_wconf 84' lang='lat' dir='ltr'>pro-</span> 
     </span>
     <span class='ocr_line' id='line_1_40' title="bbox 199 4333 2735 4417; baseline 0.003 -29"><span class='ocrx_word' id='word_1_373' title='bbox 199 4333 522 4406; x_wconf 63' lang='lat' dir='ltr'>nominibus„</span> <span class='ocrx_word' id='word_1_374' title='bbox 557 4336 870 4416; x_wconf 84' lang='lat' dir='ltr'>singularis</span> <span class='ocrx_word' id='word_1_375' title='bbox 911 4337 1208 4407; x_wconf 87' lang='lat' dir='ltr'>scribens,</span> <span class='ocrx_word' id='word_1_376' title='bbox 1255 4334 1497 4417; x_wconf 83' lang='lat' dir='ltr'>pluralis</span> <span class='ocrx_word' id='word_1_377' title='bbox 1539 4334 1895 4406; x_wconf 85' lang='lat' dir='ltr'>scribentes,</span> <span class='ocrx_word' id='word_1_378' title='bbox 1950 4339 2277 4398; x_wconf 89' lang='lat' dir='ltr'>communis</span> <span class='ocrx_word' id='word_1_379' title='bbox 2318 4336 2559 4397; x_wconf 79' lang='lat' dir='ltr'>ruentis.</span> <span class='ocrx_word' id='word_1_380' title='bbox 2650 4336 2735 4397; x_wconf 84' lang='lat' dir='ltr'>sic</span> 
     </span>
     <span class='ocr_line' id='line_1_41' title="bbox 199 4434 2735 4520; baseline 0.003 -27"><span class='ocrx_word' id='word_1_381' title='bbox 199 4434 244 4487; x_wconf 79' lang='lat' dir='ltr'>et</span> <span class='ocrx_word' id='word_1_382' title='bbox 279 4450 372 4511; x_wconf 86' lang='lat' dir='ltr'>per</span> <span class='ocrx_word' id='word_1_383' title='bbox 409 4436 518 4499; x_wconf 90' lang='lat' dir='ltr'>alia</span> <span class='ocrx_word' id='word_1_384' title='bbox 561 4440 1008 4520; x_wconf 82' lang='lat' dir='ltr'>participiorum</span> <span class='ocrx_word' id='word_1_385' title='bbox 1053 4457 1270 4519; x_wconf 79' lang='lat' dir='ltr'>genera</span> <span class='ocrx_word' id='word_1_386' title='bbox 1323 4439 1386 4501; x_wconf 89' lang='lat' dir='ltr'>hi</span> <span class='ocrx_word' id='word_1_387' title='bbox 1427 4440 1662 4500; x_wconf 87' lang='lat' dir='ltr'>numeri</span> <span class='ocrx_word' id='word_1_388' title='bbox 1717 4440 1775 4500; x_wconf 91' lang='lat' dir='ltr'>in</span> <span class='ocrx_word' id='word_1_389' title='bbox 1822 4438 2209 4501; x_wconf 87' lang='lat' dir='ltr'>declinatione</span> <span class='ocrx_word' id='word_1_390' title='bbox 2252 4456 2495 4501; x_wconf 85' lang='lat' dir='ltr'>necesse</span> <span class='ocrx_word' id='word_1_391' title='bbox 2541 4445 2627 4501; x_wconf 86' lang='lat' dir='ltr'>est</span> <span class='ocrx_word' id='word_1_392' title='bbox 2667 4445 2735 4500; x_wconf 86' lang='lat' dir='ltr'>ut</span> 
     </span>
     <span class='ocr_line' id='line_1_42' title="bbox 198 4539 2809 4620; baseline 0.003 -27"><span class='ocrx_word' id='word_1_393' title='bbox 198 4546 338 4595; x_wconf 73' lang='lat' dir='ltr'>suum</span> <span class='ocrx_word' id='word_1_394' title='bbox 375 4539 622 4604; x_wconf 81' lang='lat' dir='ltr'>officium</span> <span class='ocrx_word' id='word_1_395' title='bbox 667 4540 1018 4620; x_wconf 84' lang='lat' dir='ltr'>compleant.</span> <span class='ocrx_word' id='word_1_396' title='bbox 2756 4558 2809 4601; x_wconf 73' lang='grc' dir='ltr'>ιο</span> 
     </span>
    </p>
   </div>
   <div class='ocr_carea' id='block_1_2' title="bbox 311 4712 2729 4787">
    <p class='ocr_par' dir='ltr' id='par_1_7' title="bbox 311 4712 2729 4787">
     <span class='ocr_line' id='line_1_43' title="bbox 311 4712 2729 4787; baseline 0.003 -24"><span class='ocrx_word' id='word_1_397' title='bbox 311 4712 340 4763; x_wconf 82' lang='grc'><strong>8</strong></span> <span class='ocrx_word' id='word_1_398' title='bbox 369 4714 486 4769; x_wconf 83' lang='lat' dir='ltr'>haec</span> <span class='ocrx_word' id='word_1_399' title='bbox 519 4721 643 4773; x_wconf 81' lang='lat' dir='ltr'>flunt</span> <span class='ocrx_word' id='word_1_400' title='bbox 673 4738 706 4771; x_wconf 82' lang='lat' dir='ltr'>r</span> <span class='ocrx_word' id='word_1_401' title='bbox 739 4722 868 4775; x_wconf 80' lang='lat' dir='ltr'>haec</span> <span class='ocrx_word' id='word_1_402' title='bbox 902 4722 1084 4772; x_wconf 78' lang='lat' dir='ltr'>liniunt</span> <span class='ocrx_word' id='word_1_403' title='bbox 1117 4722 1164 4773; x_wconf 78' lang='lat' dir='ltr'><em>R</em></span> <span class='ocrx_word' id='word_1_404' title='bbox 1203 4720 1299 4771; x_wconf 78' lang='lat' dir='ltr'>hae</span> <span class='ocrx_word' id='word_1_405' title='bbox 1329 4721 1574 4773; x_wconf 84' lang='lat' dir='ltr'>definiunt</span> <span class='ocrx_word' id='word_1_406' title='bbox 1610 4721 1661 4770; x_wconf 89' lang='lat' dir='ltr'><em>B</em></span> <span class='ocrx_word' id='word_1_407' title='bbox 1803 4720 1869 4771; x_wconf 90' lang='grc'>10</span> <span class='ocrx_word' id='word_1_408' title='bbox 1902 4736 2049 4772; x_wconf 65' lang='lat' dir='ltr'>creso</span> <span class='ocrx_word' id='word_1_409' title='bbox 2087 4720 2289 4787; x_wconf 73' lang='lat' dir='ltr'>(cresco</span> <span class='ocrx_word' id='word_1_410' title='bbox 2318 4718 2375 4785; x_wconf 81' lang='lat' dir='ltr'>r)</span> <span class='ocrx_word' id='word_1_411' title='bbox 2412 4736 2650 4774; x_wconf 79' lang='lat' dir='ltr'>arescens</span> <span class='ocrx_word' id='word_1_412' title='bbox 2684 4722 2729 4772; x_wconf 76' lang='lat' dir='ltr'><em>R</em></span> 
     </span>
    </p>
   </div>
   <div class='ocr_carea' id='block_1_3' title="bbox 202 4789 2733 4909">
    <p class='ocr_par' dir='ltr' id='par_1_8' title="bbox 202 4789 2733 4909">
     <span class='ocr_line' id='line_1_44' title="bbox 202 4789 2733 4909; baseline 0.003 -74"><span class='ocrx_word' id='word_1_413' title='bbox 202 4790 594 4909; x_wconf 48' lang='lat' dir='ltr'>gactgscffecens</span> <span class='ocrx_word' id='word_1_414' title='bbox 628 4792 682 4843; x_wconf 87' lang='lat' dir='ltr'><em>B</em></span> <span class='ocrx_word' id='word_1_415' title='bbox 821 4793 883 4845; x_wconf 85' lang='lat'>21</span> <span class='ocrx_word' id='word_1_416' title='bbox 924 4790 1052 4843; x_wconf 83' lang='lat' dir='ltr'>flunt</span> <span class='ocrx_word' id='word_1_417' title='bbox 1079 4792 1126 4845; x_wconf 78' lang='lat' dir='ltr'><em>R</em></span> <span class='ocrx_word' id='word_1_418' title='bbox 1161 4791 1342 4842; x_wconf 78' lang='lat' dir='ltr'>liniunt</span> <span class='ocrx_word' id='word_1_419' title='bbox 1377 4792 1430 4841; x_wconf 91' lang='lat' dir='ltr'><em>B</em></span> <span class='ocrx_word' id='word_1_420' title='bbox 1601 4790 1672 4843; x_wconf 78' lang='lat'>23</span> <span class='ocrx_word' id='word_1_421' title='bbox 1707 4789 1846 4844; x_wconf 80' lang='lat' dir='ltr'>feror</span> <span class='ocrx_word' id='word_1_422' title='bbox 1880 4792 1928 4845; x_wconf 77' lang='lat' dir='ltr'><strong><em>R</em></strong></span> <span class='ocrx_word' id='word_1_423' title='bbox 1974 4792 2083 4843; x_wconf 79' lang='lat' dir='ltr'>fero</span> <span class='ocrx_word' id='word_1_424' title='bbox 2118 4810 2179 4845; x_wconf 77' lang='lat' dir='ltr'>ro</span> <span class='ocrx_word' id='word_1_425' title='bbox 2354 4792 2422 4846; x_wconf 77' lang='lat'>38</span> <span class='ocrx_word' id='word_1_426' title='bbox 2460 4792 2653 4844; x_wconf 71' lang='lat' dir='ltr'>ruentis</span> <span class='ocrx_word' id='word_1_427' title='bbox 2683 4792 2733 4843; x_wconf 88' lang='lat' dir='ltr'><em>B</em></span> 
     </span>
    </p>
   </div>
   <div class='ocr_carea' id='block_1_4' title="bbox 3362 2946 3370 4375">
    <p class='ocr_par' dir='ltr' id='par_1_9' title="bbox 3362 2946 3370 4375">
     <span class='ocr_line' id='line_1_45' title="bbox 3362 2946 3370 4375; baseline 0 0"><span class='ocrx_word' id='word_1_428' title='bbox 3362 2946 3370 4375; x_wconf 95' lang='lat' dir='ltr'> </span> 
     </span>
    </p>
   </div>
  </div>
 </body>
</html>
