3434 5442
884 350 1283 414 INSTITVTA
1326 350 1611 444 ARTIVM
1654 350 1988 417 378—387
2609 350 2730 413 109

306 466 427 511 ,πει
446 468 495 509 2⁶
522 468 573 510 n.
2323 494 2336 507 .
2363 466 2541 508 sii—1³
2571 464 2624 507 v.

188 483 399 609 buillnr,
440 540 581 599 baec
622 556 732 617 per
776 556 981 600 omnes
1025 558 1195 601 casus
1240 542 1297 601 in
1344 537 1545 601 ultima
1594 538 1683 601 vel
1727 540 2042 619 proultima
2089 479 2318 619 syllaba?
2351 556 2460 616 per
2501 557 2538 618 q
2577 537 2726 600 litte·

188 660 295 701 ram
334 640 680 701 scribuntur.
771 659 929 703 nunc
971 643 1031 702 in
1070 642 1182 703 hac
1221 644 1412 703 forma
1448 644 1687 718 generis
1729 641 2064 713 masculini,
2113 658 2228 719 qua
2271 640 2522 704 diximus
2565 639 2724 701 abla-

186 744 283 802 tivo
324 760 456 802 casu
498 745 726 803 numeri
771 741 1083 821 singularis
1137 746 1372 805 nomina
1417 762 1453 805 o
1498 743 1691 805 littera
1733 745 2038 805 terminari
2089 733 2544 803 et'nominativo
2585 760 2722 803 casu

114 883 121 891 -
186 846 387 904 numeri
432 844 743 922 singularis
790 864 945 925 quus
998 844 1217 925 syllaba
1276 847 1535 916 definiri,
1602 846 1715 907 hoc
1759 862 2094 914 monemuS,
2131 830 2310 924 *quod
2367 862 2438 903 ex
2481 862 2552 903 ea
2597 842 2727 921 plus

185 964 333 1025 quam
366 944 546 1007 xxm
586 949 745 1015 soni,
789 947 904 1007 hoc
949 955 1037 1009 est
1082 946 1216 1029 plus
1259 966 1435 1028 quam
1479 947 1665 1010 XXIII
1706 949 1973 1017 nomina,
2019 964 2138 1007 non
2179 946 2406 1024 possint
2441 944 2724 1006 exhiberi.
2778 972 2803 1011 5

185 1049 243 1107 cle
280 1049 459 1109 forma
502 1050 737 1126 generis
780 1048 1116 1117 masculini,
1172 1068 1285 1129 qua
1330 1050 1581 1111 diximus
1638 1040 1888 1109 ablativo
1929 1066 2068 1109 casu
2127 1048 2358 1109 numeri
2415 1045 2728 1124 singularis

184 1152 387 1209 uomina
425 1169 461 1210 o
509 1149 701 1225 littera
745 1152 1053 1212 terminari
1097 1160 1155 1212 et
1196 1153 1551 1213 nominativo
1594 1168 1734 1213 casu
1783 1152 2016 1213 numeri
2061 1148 2370 1229 singularis
2415 1168 2568 1229 quus
2612 1147 2726 1229 syl-

182 1250 291 1311 laba
324 1252 567 1321 deliniri,
614 1262 897 1331 quantum
932 1254 1079 1314 ratio
1110 1254 1416 1331 poscebat,
1460 1254 1856 1315 tractavimus

322 1354 401 1415 De
446 1371 669 1431 genere
724 1355 1022 1415 feminino.
1115 1356 1379 1416 feminini
1441 1358 1676 1433 generis
1735 1357 2003 1424 nomina,
2069 1371 2220 1432 quae
2281 1352 2531 1415 ablativo
2587 1372 2726 1415 casu

182 1458 383 1517 numeri
419 1456 735 1533 singularis
778 1475 813 1516 o
848 1455 1043 1518 littera
1087 1458 1507 1527 terminantur,
1564 1456 1713 1517 haec
1749 1456 2102 1518 nominativo
2145 1474 2283 1517 casu
2328 1457 2565 1517 numeri
2605 1458 2722 1517 sin·
2757 1472 2810 1519 io

182 1556 371 1633 gularis
406 1555 417 1641 Ι
454 1559 546 1618 his
591 1564 725 1618 octo
770 1558 976 1619 formis
1019 1558 1376 1620 definiuntur
1416 1566 1669 1630 tantum,
1718 1578 1790 1619 us
1832 1577 1938 1619 aus
1981 1576 2086 1619 eus
2129 1560 2219 1618 ius
2259 1576 2366 1619 ous
2409 1576 2522 1619 uus
2559 1576 2624 1619 os
2668 1577 2724 1620 o.

322 1660 403 1721 De
450 1678 543 1721 us.
634 1678 1039 1739 quaecumque
1094 1663 1331 1722 nomina
1388 1663 1623 1739 generis
1678 1660 1942 1721 seminini
1997 1658 2246 1721 ablativo
2299 1677 2442 1721 casu
2494 1662 2728 1721 numeri

182 1760 461 1838 singularis
508 1780 545 1821 o
590 1760 781 1823 littera
836 1764 1228 1823 terminantur
1278 1770 1337 1822 et
1392 1763 1750 1823 nominativo
1803 1781 1945 1824 casu
1999 1763 2234 1823 numeri
2289 1762 2606 1839 singularis
2655 1780 2728 1824 us

182 1861 358 1924 litteris
397 1872 533 1941 post
578 1871 997 1927 consonantem
1042 1864 1417 1935 definiuntur,
1464 1872 1528 1925 ut
1558 1872 1697 1944 puta
1739 1864 1814 1925 ab
1845 1864 1957 1924 hac
1985 1880 2268 1942 cupresso
2305 1864 2454 1925 baec
2481 1882 2726 1944 cupres-

182 1982 277 2030 sus,
318 1964 459 2026 haec
500 1966 575 2027 ad
622 1965 737 2026 hoc
774 1966 1106 2045 exemplum
1152 1966 1549 2029 declinantur:
1594 1952 1830 2028 numeri
1865 1965 2178 2044 singularis
2219 1965 2366 2027 haec
2407 1984 2726 2047 cupressus
2754 1990 2803 2031 15

182 2064 327 2127 huius
358 2070 623 2147 cupressi
662 2068 803 2129 huic
845 2086 1129 2148 cupresso
1170 2069 1325 2131 hanc
1360 2086 1707 2148 cupressum
1749 2087 1786 2128 o
1826 2084 2112 2147 cupresse
2153 2068 2230 2129 ab
2269 2068 2380 2129 hac
2423 2087 2724 2148 cupresso,

182 2171 383 2229 numeri
418 2168 667 2247 pluralis
704 2170 815 2233 bae
848 2172 1112 2249 cupressi
1155 2171 1363 2231 harum
1410 2188 1828 2250 cupressorum
1872 2170 1966 2231 his
2009 2172 2306 2249 cupressis
2345 2170 2454 2231 has
2485 2188 2729 2249 cupres-

182 2287 259 2329 sos
294 2290 329 2330 o
372 2274 644 2351 cupressi
688 2271 764 2333 ab
803 2272 895 2332 his
932 2274 1245 2352 cupressis.
1309 2274 1391 2333 sic
1433 2281 1501 2333 et.
1534 2271 1642 2333 alia
1688 2273 1924 2351 generis
1964 2273 2229 2333 feminini
2273 2274 2530 2342 nomina,
2577 2292 2729 2353 quae

183 2370 395 2433 ablativo
450 2391 595 2435 casu
652 2376 885 2435 numeri
936 2372 1249 2451 singularis
1288 2393 1325 2435 o
1374 2374 1568 2435 littera
1621 2376 2014 2435 terminantur
2066 2381 2126 2435 et
2175 2376 2532 2435 nominativo
2587 2394 2726 2437 casu

184 2478 389 2537 numeri·
420 2474 741 2555 singularis
788 2496 861 2537 us
902 2474 1113 2537 litteris
1168 2486 1299 2556 post
1342 2484 1767 2537 consonantem
1813 2477 2202 2546 definiuntur,
2262 2477 2332 2538 ad
2389 2477 2723 2557 exemplum
2752 2499 2804 2540 20

184 2578 411 2653 cupressi
466 2596 579 2657 per
625 2596 832 2639 omnes
874 2595 1046 2639 casus
1102 2576 1487 2640 declinantur.
1577 2596 1738 2640 nnnc
1779 2580 1840 2640 in
1885 2580 1996 2640 hac
2049 2596 2227 2658 supra
2275 2582 2490 2659 scripta
2535 2580 2726 2640 forma

184 2677 273 2737 hoc
310 2697 649 2750 monemuS,
706 2681 865 2761 quod
907 2681 1023 2742 hoc
1066 2700 1249 2742 uuum
1294 2699 1511 2742 nomen
1568 2688 1792 2741 tantum
1851 2682 2208 2759 reperiatur,
2269 2683 2428 2761 quod
2485 2690 2730 2763 propter

184 2780 431 2842 rationem
471 2800 759 2843 sonorum
802 2784 1069 2861 genetivo
1121 2782 1313 2845 dativo
1358 2790 1419 2844 et
1462 2786 1722 2844 vocativo
1770 2801 1910 2844 casu
1965 2785 2197 2844 numeri
2241 2783 2554 2862 singularis
2617 2802 2727 2845 nec

182 2898 277 2941 non
315 2891 369 2943 et
396 2885 755 2946 nominativo
799 2885 992 2945 dativo
1038 2886 1295 2946 vocativo
1340 2894 1399 2946 et
1435 2884 1689 2947 ablativo
1737 2902 1878 2947 casu
1921 2888 2154 2946 numeri
2188 2884 2432 2963 pluralis
2477 2887 2560 2946 sic
2587 2902 2730 2945 ano·

182 2982 305 3043 male
338 2986 751 3047 confirmatum
790 2988 867 3047 sit
906 2985 1219 3057 declinari,
1275 2988 1331 3048 id
1378 2997 1467 3049 est
1507 2988 1681 3049 huius
1721 2988 1932 3049 domus
1989 2988 2128 3049 huic
2185 2988 2382 3049 domui
2438 3007 2473 3048 o
2517 2987 2728 3049 domus
2754 3009 2806 3049 2⁵

184 3083 271 3145 hae
310 3087 516 3150 domus
582 3088 677 3171 his
720 3089 991 3151 domibus
1052 3108 1088 3149 o
1140 3091 1351 3150 domus
1408 3089 1481 3151 ab
1526 3088 1617 3151 his
1660 3089 1962 3158 domibus;
2033 3096 2092 3151 at
2135 3108 2274 3151 vero
2336 3107 2444 3168 per
2501 3097 2732 3151 ceteros

184 3204 324 3249 casus
378 3190 447 3250 ad
514 3208 729 3251 sonum
788 3192 1053 3270 cupressi
1106 3190 1321 3253 debeat
1382 3190 1684 3253 declinari.
1775 3210 1934 3252 nunc
1998 3210 2110 3271 qua
2177 3193 2250 3252 de
2317 3210 2492 3253 causa
2551 3210 2728 3270 supra

184 3288 369 3351 dictum
410 3311 631 3353 nomen
668 3294 742 3371 ‚in
792 3312 969 3373 supra
1016 3294 1187 3354 dictis
1239 3294 1474 3354 casibus
1532 3300 1781 3374 propter
1836 3312 2015 3354 sonos
2071 3295 2156 3353 sic
2199 3294 2468 3355 anomale
2517 3296 2732 3354 confir-

184 3401 369 3453 matum
408 3397 484 3455 sit
520 3398 913 3475 pronuntiari,
960 3414 1093 3457 cum
1134 3396 1207 3457 ad
1254 3398 1415 3475 ipsos
1443 3414 1620 3457 sonos
1649 3396 2002 3466 venerimus,
2049 3394 2168 3456 illic
2205 3396 2320 3457 hoc
2346 3404 2734 3476 conpetenter

186 3498 555 3557 tractabimus·
646 3516 805 3558 nunc
841 3500 913 3573 jn
960 3498 1071 3559 hac
1116 3498 1307 3559 l'orma
1365 3500 1601 3577 generis
1654 3499 1948 3567 feminini,
2011 3516 2126 3576 qua
2171 3500 2424 3560 diximus
2481 3498 2730 3560 ablativo
2759 3518 2810 3557 so

186 3612 295 3657 casu
334 3598 583 3683 nulmeri
620 3596 935 3677 singularis
980 3603 1217 3663 nomina
1263 3620 1298 3661 o
1341 3600 1535 3662 littera
1579 3602 1886 3661 terminari
1929 3608 1987 3663 et
2033 3603 2389 3663 nominativo
2429 3621 2568 3663 casu
2619 3620 2729 3662 nu-

186 3700 305 3758 meri
343 3702 659 3779 singularis
700 3719 769 3762 us
810 3701 1019 3763 litteris
1062 3712 1195 3781 post
1232 3710 1655 3764 consonantem
1700 3704 1964 3773 definiri,
2033 3703 2159 3791 hoc·
2189 3722 2532 3776 monemuS‚
2575 3706 2732 3785 quod

188 3816 241 3857 ex
274 3820 335 3863 ea
364 3802 499 3881 plus
542 3822 720 3883 quam
767 3806 998 3883 triginta
1032 3806 1149 3867 duo
1190 3807 1337 3875 soni,
1380 3806 1495 3867 hoc
1539 3812 1628 3867 est
1665 3824 1843 3886 quam
1889 3807 2124 3887 triginta
2157 3806 2274 3868 duo
2317 3810 2573 3878 nomina,
2615 3826 2732 3867 non

190 3905 377 3974 possint
424 3905 711 3968 exhiberi.
800 3908 875 3968 de
922 3908 1109 3967 forma
1178 3910 1411 3986 generis
1461 3908 1757 3977 seminini,
1833 3926 1950 3988 qua
1997 3906 2246 3969 ablativo
2301 3928 2440 3971 casu
2473 3892 2736 3970 ⁸numeri

190 4002 460 4080 singularis
504 4010 745 4068 nomina
791 4028 826 4068 o
870 4007 1063 4069 littera
1102 4011 1491 4071 terminantur
1531 4018 1589 4070 et
1624 4012 1978 4071 nominativo
2021 4030 2158 4072 casu
2203 4013 2436 4071 numeri
2475 4010 2730 4090 singula·
2758 4024 2809 4065 εει

190 4104 251 4161 ris
284 4126 347 4167 us
388 4108 597 4170 litteris
637 4117 773 4190 post
815 4120 1235 4173 consonantem
1283 4112 1670 4180 definiuntur,
1728 4120 2008 4191 quantum
2051 4114 2200 4175 ratio
2250 4111 2562 4193 poscebat,
2618 4119 2734 4172 tra-

193 4210 453 4271 enavimus.

325 4312 403 4373 De
442 4334 549 4375 aus
592 4334 698 4376 eus
742 4316 833 4375 ius
874 4333 983 4375 ons
1026 4334 1156 4377 nus
1248 4334 1657 4396 quaecumque
1700 4318 1936 4378 nomina
1982 4320 2214 4395 generis
2257 4318 2523 4379 seminini
2573 4316 2778 4378 abla-‘

194 4410 283 4469 tivo
310 4432 441 4476 casu
484 4418 719 4478 numeri
748 4416 1064 4495 singularis
1102 4438 1139 4477 o
1174 4417 1369 4480 littera
1402 4420 1798 4480 terminantur
1843 4428 1900 4481 et
1939 4421 2292 4481 nominativo
2331 4438 2468 4481 casu
2501 4422 2734 4481 numeri

193 4510 463 4591 singularis
500 4538 681 4598 supra
714 4521 947 4599 scriptis
986 4521 1195 4581 formis
1228 4521 1601 4591 definiuntur,
1642 4522 1788 4583 haec
1817 4540 1925 4601 per
1954 4538 2124 4583 raros
2151 4540 2329 4583 sonos
2359 4522 2726 4592 efficiuntur:
2757 4531 2810 4576 ⁴⁰

306 4685 329 4734 1
364 4687 412 4735 in
448 4688 623 4739 ultima
658 4690 703 4740 R
756 4692 809 4740 in
847 4692 1073 4743 ultimam
1113 4692 1164 4742 B
1372 4691 1453 4741 uel
1494 4693 1821 4757 proultimam
1858 4693 2056 4761 syllaba
2093 4694 2144 4743 B
2187 4693 2270 4743 uel
2305 4708 2465 4759 prope
2503 4694 2736 4744 ultimam

194 4751 405 4812 syllabam
440 4760 486 4809 R
520 4760 605 4809 uel
638 4776 802 4827 prope
838 4762 1016 4811 ultima
1050 4762 1249 4826 syllaba
1284 4778 1317 4811 r
1462 4764 1497 4811 4
1532 4778 1627 4827 qus
1660 4764 1705 4814 lt
1847 4764 1877 4813 7
1915 4779 2009 4827 qus
2045 4763 2092 4812 lt
2235 4762 2304 4816 30
2339 4766 2670 4827 tractabimus
2706 4782 2737 4813 r

194 4827 487 4878 tractauimus
516 4830 613 4880 RB
761 4833 829 4883 36
868 4830 1004 4898 post]
1048 4846 1165 4882 ante
1198 4832 1276 4882 Ro
1482 4833 1552 4883 40
1588 4849 1683 4900 per
1715 4848 1860 4884 raros
1896 4848 2050 4885 sonos
2090 4834 2382 4884 efficiuntur
2415 4834 2462 4883 R
2497 4834 2736 4900 perraros
