3434 5442
673 335 796 396 426
1846 337 2087 400 SERVll

2632 450 2663 492 s.
2691 450 2821 495 169*.
2848 450 2900 490 70
2924 451 3017 492 rod.
3044 452 3126 493 Par.

673 519 892 599 p'telam
937 521 1244 583 solutionis
1289 523 1604 594 accedunt,
1652 533 1717 585 ut
1761 533 1851 586 est
1882 520 1909 608 ΙΙ
1938 526 2201 605 dactylus
2226 530 2289 588 in
2322 547 2491 590 versu
2520 530 2764 590 heroico
2794 529 2884 590 vel
2914 531 3207 594 trochaeus.

673 622 892 702 syllaba
947 633 1140 685 autem
1187 624 1359 704 longa
1406 626 1521 686 duo
1566 626 1747 688 habet
1791 636 2074 708 tempora,
2122 629 2315 691 brevis
2357 649 2558 692 unum.
2647 631 2783 692 ideo
2826 641 3015 694 autem
3058 652 3209 694 unum

674 726 921 787 dicimus
967 733 1196 805 tempus
1238 729 1299 788 in
1343 727 1536 797 brevi,
1585 730 1861 809 quoniam
1908 732 2125 792 cursim
2170 734 2501 812 profertum
2548 734 2665 796 duo
2709 743 2909 796 autem
2948 737 3009 796 in
3048 736 3207 814 longa,

673 829 808 907 quia
853 830 1082 890 tractim
1129 836 1188 889 et
1231 848 1364 890 cum
1410 831 1657 910 quadam
1706 851 1903 904 mora,
1966 841 2025 895 et
2077 841 2305 896 tantum
2350 853 2659 914 possumus
2701 836 3053 916 proferendo
3093 838 3211 898 duas

622 941 647 980 ⁵
673 929 882 992 breves
927 933 1212 1011 temporis
1256 950 1635 1006 consumere,
1683 943 1969 1016 quantum
2015 935 2154 996 dum
2198 955 2376 998 unam
2421 937 2657 1016 longam
2702 939 3069 1018 proferimus,

1648 1122 1746 1184 DE
1790 1123 2271 1186 ACCENTIBVS.

842 1257 1132 1318 Accentus
1187 1257 1379 1319 dictus
1435 1266 1522 1319 est
1575 1261 1741 1339 quasi
1799 1260 2079 1322 adcantus
2133 1261 2457 1323 secundum
2505 1264 2788 1332 Graecos,
2836 1263 2937 1342 qui
2978 1275 3215 1344 προσῳ-

674 1357 830 1420 δίαν
883 1365 1112 1420 vocant.
1203 1378 1335 1421 nam
1393 1360 1549 1440 apud
1605 1362 1865 1423 Graecos
1918 1355 2084 1442 πρός
2128 1364 2343 1425 dicitur
2387 1363 2489 1436 ad,
2536 1372 2741 1426 cantus
2784 1383 2927 1425 vero
2966 1355 3097 1447 ᾠδή
3136 1385 3215 1424 vo·

675 1468 860 1521 catur.
921 1459 1094 1541 plane
1139 1463 1259 1522 sive
1304 1470 1613 1524 accentum
1659 1464 1820 1526 dicas
1863 1465 1981 1525 sive
2024 1473 2228 1526 tonum
2273 1468 2393 1527 sive
2436 1473 2735 1537 tenorem,
2784 1466 2939 1527 idem
2983 1475 3069 1527 est
3110 1467 3217 1547 [aut

596 1575 646 1616 10
677 1564 788 1623 lnoc
833 1559 970 1644 est].
1061 1566 1252 1626 omnis
1307 1571 1584 1626 accentus
1627 1575 1729 1627 aut
1772 1573 1976 1628 acutus
2021 1575 2110 1628 est
2154 1571 2181 1626 l
2222 1576 2321 1628 aut
2366 1568 2777 1636 circumflexus
2820 1580 2871 1630 Λ.
2914 1575 3108 1629 acutus
3145 1568 3215 1628 di-

675 1667 827 1726 citur
881 1675 1188 1737 accentuS‚
1246 1668 1518 1747 quotiens
1575 1669 1793 1729 cursim
1852 1667 2132 1750 syllabam
2190 1671 2577 1748 proferimus,
2634 1679 2699 1730 ut
2740 1688 2935 1738 arma;
2994 1671 3216 1730 circum-

676 1767 861 1828 flexus
907 1787 1075 1839 vero,
1123 1771 1395 1848 quotiens
1439 1770 1703 1839 tractim,
1751 1777 1818 1831 ut
1859 1771 2042 1831 Musa.
2132 1789 2267 1832 nam
2313 1775 2503 1851 gravis
2547 1780 2825 1833 accentus
2856 1775 2887 1818 ἱ
2935 1773 2995 1830 in
3038 1772 3217 1832 Latino

673 1888 948 1930 sermone
993 1888 1180 1950 paene
1225 1889 1396 1932 usum
1445 1890 1564 1931 non
1609 1871 1815 1942 habet,
1864 1873 1977 1934 nisi
2020 1873 2176 1952 quod
2210 1873 2299 1934 vel
2344 1893 2475 1936 cum
2523 1883 2693 1935 acuto
2735 1873 2825 1933 vel
2871 1874 3218 1934 circumflexo

675 1975 814 2050 poni
861 1980 1081 2051 potest,
1128 1975 1190 2033 in
1235 1974 1329 2034 his
1373 1973 1600 2034 scilicet
1643 1972 1899 2054 syllabiS,
1947 1993 2097 2054 quae
2127 1994 2305 2055 supra
2336 1977 2524 2038 dictos
2554 1983 2833 2038 accentus
2866 1994 2984 2036 non
3012 1975 3219 2037 babent.

597 2092 647 2135 15
675 2093 828 2135 unus
872 2082 1066 2136 autem
1113 2094 1308 2137 sermo
1352 2094 1535 2137 unum
1582 2078 1795 2154 recipit
1836 2086 2175 2148 accentum,
2226 2079 2312 2139 vel
2356 2086 2593 2140 acutum
2640 2077 2728 2139 vel
2775 2078 3217 2146 circumflexum:

675 2184 990 2258 utrumque
1051 2185 1248 2238 autem
1303 2177 1475 2239 simul
1531 2177 1753 2238 habere
1810 2197 1927 2239 non
1983 2186 2197 2258 potest.
2286 2188 2563 2242 accentus
2614 2181 2803 2242 inea
2860 2179 3073 2259 syllaba
3134 2189 3219 2248 est,

673 2297 823 2359 quae
876 2278 1010 2359 plus
1065 2288 1251 2340 sonat.
1351 2297 1526 2360 quam
1585 2299 1712 2340 rem
1774 2279 2298 2360 deprehendimuS,
2368 2285 2417 2344 si
2479 2284 2766 2362 fingamus
2832 2300 2943 2344 nos
2997 2281 3219 2362 aliquem

674 2381 854 2462 longe
907 2383 1164 2461 positum
1221 2380 1494 2442 clamare.
1583 2384 1914 2444 invenimus
1970 2385 2126 2444 enim
2190 2383 2441 2445 naturali
2484 2386 2714 2446 ratione
2756 2383 2917 2445 illam
2966 2383 3219 2465 syllabam

673 2482 806 2562 plus
850 2503 1092 2554 sonare,
1139 2503 1288 2564 quae
1332 2486 1549 2545 retinet
1592 2491 1929 2556 accentum,
1978 2493 2151 2565 atque
2182 2504 2367 2566 usque
2400 2487 2609 2548 eodem
2638 2488 2831 2548 nisum
2862 2489 3019 2547 vocis
3046 2506 3221 2548 ascen-

597 2599 649 2642 20
677 2584 837 2646 dere.
928 2592 1204 2647 accentus
1260 2593 1454 2648 autem
1513 2595 1911 2667 conputantur
1956 2605 2075 2648 non
2120 2607 2151 2648 a
2196 2588 2494 2667 prioribus
2538 2587 2805 2668 syllabiS,
2852 2588 2959 2650 sed
3002 2588 3072 2650 ab
3114 2588 3223 2649 ulti-

673 2689 813 2757 miS,
873 2687 936 2748 id
991 2695 1081 2748 est
1123 2695 1483 2759 retrorsum,
1542 2707 1652 2750 nec
1695 2698 1946 2769 possunt
1990 2689 2308 2750 ascendere
2352 2692 2466 2750 nisi
2508 2710 2696 2771 usque
2740 2690 2814 2751 ad
2858 2693 3087 2752 tertiam
3130 2688 3223 2769 syl·

673 2789 864 2850 labam
911 2808 941 2849 a
987 2791 1122 2851 fine.
1212 2791 1423 2852 Graeci
1477 2800 1712 2853 acutum
1771 2801 2079 2854 accentum
2122 2794 2185 2852 in
2230 2791 2419 2854 tribus
2476 2791 2713 2873 syllabis
2756 2800 3013 2872 ponunt,
3060 2792 3113 2850 id
3154 2799 3225 2850 est

673 2894 736 2952 in
784 2889 986 2953 ultima
1033 2902 1092 2952 et
1134 2891 1493 2972 paenultima
1538 2892 1630 2954 vel
1675 2893 2200 2974 antepaenultima;
2248 2895 2691 2957 circumflexum
2740 2913 2881 2955 vero
2912 2895 2976 2953 in
3006 2891 3221 2960 duabus,

672 2993 732 3054 id
780 3002 871 3056 est
912 2997 973 3055 in
1021 2995 1221 3055 ultima
1269 3003 1328 3056 et
1370 2996 1747 3074 paenultima.
1836 2997 2118 3058 Latinitas
2164 3004 2357 3058 autem
2402 2999 2464 3057 in
2508 2995 2712 3058 ultima
2756 2995 2977 3076 syllaba
3021 2993 3221 3056 nullum

596 3112 647 3154 25
675 3099 841 3176 ponit
884 3107 1212 3159 accentum.
1301 3098 1458 3158 unde
1501 3099 1567 3160 fit
1608 3107 1673 3160 ut
1716 3107 1923 3161 acutus
1966 3105 2242 3160 accentus
2284 3099 2437 3179 apud
2483 3100 2723 3160 Latinos
2767 3098 2917 3159 duos
2958 3096 3227 3177 possideat

672 3199 866 3271 locoS,
913 3199 1338 3280 paenultimum
1396 3209 1454 3261 et
1507 3199 2093 3281 antepaenultimum‚
2143 3201 2555 3264 circumflexus
2598 3220 2783 3263 unum
2827 3199 3225 3280 paenultimum

672 3309 918 3363 tantum.
1006 3305 1068 3362 in
1133 3302 1552 3383 monosyllabis
1612 3303 1881 3381 partibus
1946 3305 2227 3364 orationis
2294 3306 2565 3384 quotiens
2630 3302 2849 3382 syllaba
2910 3300 3226 3363 naturaliter

674 3403 850 3483 longa
896 3413 1009 3475 est,
1058 3405 1503 3467 circumflexum
1549 3405 1730 3466 habet
1771 3413 2107 3476 accentum,
2167 3413 2233 3466 ut
2276 3423 2372 3467 res
2416 3405 2553 3475 dos;
2595 3401 2621 3490 [Ι
2662 3406 2937 3485 quotiens
2982 3421 3117 3466 vero
3154 3401 3229 3462 vel

675 3505 1022 3567 naturaliter
1066 3507 1265 3569 brevis
1310 3515 1400 3570 est
1443 3505 1533 3568 vel
1576 3510 1869 3586 positione
1912 3508 2118 3588 longa,
2166 3517 2399 3569 acutum
2432 3505 2611 3568 habet
2654 3513 2990 3576 accentum,
3036 3513 3097 3566 ut
3138 3522 3230 3565 nec

597 3625 649 3666 30
675 3610 776 3668 nix
822 3626 959 3670 nox.
1048 3627 1182 3670 nam
1244 3611 1304 3669 in
1361 3609 1702 3672 accentibus
1746 3609 1968 3690 syllaba
2011 3612 2129 3671 sive
2176 3608 2521 3671 naturaliter
2562 3607 2757 3670 brevis
2802 3611 2923 3668 sive
2967 3609 3231 3686 positione

676 3709 852 3788 longa
897 3711 1308 3772 indifferenter
1352 3712 1657 3790 accipitur.
1748 3713 1809 3773 in
1856 3711 2153 3792 disyllabis
2200 3731 2337 3774 vero
2381 3711 2789 3773 unus'modus
2834 3719 2951 3782 est,
2997 3712 3095 3791 qui
3134 3709 3231 3768 cir·

675 3812 1027 3873 cumllexum
1073 3814 1329 3874 ostendit
1373 3821 1711 3886 accentum,
1760 3818 2031 3895 quotiens
2060 3816 2226 3894 prior
2255 3812 2601 3875 naturaliter
2638 3812 2815 3891 longa
2847 3819 2939 3873 est
2967 3819 3026 3874 et
3052 3810 3231 3871 ultima

675 3913 1020 3976 naturaliter
1064 3915 1290 3985 breviS,
1348 3922 1414 3976 ut
1465 3921 1620 3976 meta
1667 3917 1838 3978 Creta
1894 3917 2099 3979 Roma.
2188 3915 2360 3977 aliter
2404 3934 2544 3977 vero
2600 3923 2835 3978 acutum
2882 3913 3086 3985 habet,
3129 3915 3229 3973 sire

675 4017 882 4079 ambae
929 4025 1136 4079 natura
1181 4017 1394 4097 longae
1439 4019 1686 4088 fuerint,
1735 4027 1800 4079 ut
1840 4018 2027 4098 leges,
2074 4021 2195 4080 sive
2223 4019 2516 4098 positione
2557 4015 2801 4096 longae,
2848 4024 2915 4078 ut
2958 4017 3225 4096 princeps,

597 4135 648 4176 35
675 4122 796 4181 sive
842 4120 1188 4182 naturaliter
1231 4120 1466 4192 breveS‚
1515 4119 1572 4181 id
1620 4127 1708 4182 est
1752 4120 1901 4182 duae
1946 4119 2229 4200 syllabae,
2274 4127 2341 4182 ut
2384 4138 2527 4199 ego,
2574 4127 2641 4180 ut
2678 4121 2759 4181 ait
2787 4117 3062 4198 Virgilius
3104 4123 3227 4177 ‘ast

675 4242 805 4301 ego
852 4217 1034 4303 quae
1080 4223 1322 4285 divum
1365 4222 1689 4283 incedo'.
1736 4225 1821 4283 sic
1864 4230 1924 4283 et
1966 4224 2087 4284 sive
2116 4225 2281 4303 prior
2308 4223 2599 4302 positione
2628 4219 2806 4300 longa
2836 4224 2930 4291 sit,
2976 4230 3043 4282 ut
3066 4236 3223 4287 arma,

675 4327 796 4385 sive
852 4327 1180 4403 posterior,
1239 4335 1303 4385 ut
1355 4324 1573 4396 Arabs,
1631 4324 1851 4405 ubique
1907 4332 2144 4397 acutuS,
2199 4335 2265 4386 ut
2318 4325 2598 4395 diximuS,
2666 4331 2945 4386 accentus
2998 4331 3099 4384 est.
3174 4323 3223 4379 in

678 4426 991 4507 trisyllabis
1048 4435 1107 4488 et
1161 4426 1551 4507 tetrasyllabis
1609 4435 1667 4489 et
1720 4425 2001 4508 deinceps
2060 4427 2223 4508 (nam
2270 4445 2511 4488 necesse
2568 4433 2656 4487 est
2710 4433 2773 4486 ut
2814 4424 3221 4506 trisyllaborum

677 4531 965 4590 rationem
1021 4532 1220 4591 omnia
1277 4527 1644 4610 posasyllaba
1691 4537 2041 4610 sequantur,
2098 4549 2168 4591 eo
2214 4529 2369 4610 quod
2414 4547 2601 4609 usque
2646 4527 2718 4589 ad
2762 4536 2885 4589 tres
2928 4526 3163 4608 syllabas
3197 4543 3221 4582 a

819 4718 843 4768 l
877 4731 1027 4768 uerso
1058 4718 1110 4766 P
1249 4720 1276 4768 7
1305 4719 1393 4782 qui
1423 4718 1684 4783 prosidian
1715 4724 1898 4767 uocant
1928 4731 2047 4768 nam
2084 4717 2224 4784 apud
2260 4732 2439 4782 grecos
2475 4731 2749 4768 πΡωοοΔῐΑ
2780 4716 2965 4766 dicitur
3002 4715 3063 4766 ad
3097 4715 3141 4764 P

682 4786 745 4837 10
778 4791 917 4837 acuti
945 4795 1108 4838 notam
1135 4805 1225 4839 om.
1257 4790 1308 4838 P
1445 4788 1511 4839 19
1546 4803 1708 4851 usque
1738 4787 1917 4838 eadem
1953 4789 2004 4838 P
2138 4786 2203 4838 35
2236 4784 2507 4854 Virgilius]
2550 4787 2679 4836 Aen.
2708 4787 2729 4835 Ι
2764 4785 2837 4837 46
2975 4785 3041 4837 36
3072 4782 3221 4834 incedo

679 4857 725 4905 is
753 4864 820 4906 et.
851 4872 895 4910 c.
933 4859 1044 4905 siue
1080 4859 1131 4907 P
1266 4857 1334 4910 39
1359 4867 1600 4920 sequatur
1635 4859 1686 4907 P
