3434 5442
674 341 796 402 444
1842 331 2081 394 SERVll

2648 442 2676 485 s.
2699 441 2927 484 ism-sn·
2956 442 3049 484 eoa.
3069 443 3145 486 ru.

674 521 785 584 bus
831 531 919 584 est
978 520 1396 584 barbarismus,
1485 519 1642 600 quod
1699 521 1899 581 vitium
1958 521 2039 581 ita
2096 519 2407 590 definiunt,
2466 521 2869 584 barbarismus
2912 530 3001 584 est
3042 525 3204 586 vitium

673 625 889 686 sactum
945 624 1006 684 in
1061 641 1177 686 una
1233 631 1402 702 parte
1461 623 1747 684 orationis
1802 621 1892 684 vel
1946 623 2008 683 in
2064 641 2184 685 uno
2226 641 2503 685 sermone
2546 633 2752 686 contra
2795 623 3057 704 regulam
3096 629 3207 688 artis

671 726 1108 806 grammaticae.
1196 723 1419 787 Plinius
1463 733 1660 786 autem
1704 723 1849 786 dicit
1892 723 2325 786 barbarismum
2370 743 2499 786 esse
2542 727 2883 788 sermonem
2928 745 3125 796 unum.
3158 731 3205 790 in

669 846 786 910 quo
825 824 852 912 ΙΙ
895 830 980 889 vis
1023 848 1126 890 sua
1173 836 1263 889 est
1317 835 1523 890 contra
1576 834 1863 890 naturam.
1952 826 2353 890 barbarismus
2408 834 2601 890 autem
2661 827 2879 890 dicitur
2932 847 3032 897 eo,
3084 833 3206 910 quod

593 948 618 987 ε
670 929 909 992 barbari
955 948 1132 1010 prave
1176 929 1478 1002 locuntur,
1527 937 1590 991 ut
1633 930 1787 1010 siqui
1831 928 1987 992 dicat
2029 929 2279 992 Rumam
2334 948 2445 1010 pro
2488 931 2689 991 Roma.
2778 929 2886 991 sed
2930 937 3065 992 tunc
3102 932 3206 993 bar·

667 1033 962 1094 barismus
1004 1033 1247 1104 dicitur,
1295 1051 1428 1094 cum
1475 1034 1536 1093 in
1581 1049 1699 1093 uno
1745 1031 2045 1094 Romanae
2088 1031 2321 1111 linguae
2365 1049 2641 1094 sermone
2685 1051 3016 1112 peccamus.
3085 1041 3205 1094 cete-

667 1153 800 1197 rum
844 1137 892 1198 si
937 1135 1250 1216 peregrina
1295 1135 1414 1196 sint
1459 1133 1632 1195 verba
1668 1132 1974 1214 (habemus
2018 1134 2176 1195 enim
2222 1131 2405 1195 multa
2450 1142 2510 1196 et
2553 1153 2585 1195 a
2632 1133 2814 1198 Gallis
2844 1143 2904 1197 et
2933 1133 3005 1196 ab
3034 1135 3207 1197 Africis

667 1247 727 1298 et
768 1236 841 1298 ab
889 1236 1012 1299 aliis
1057 1236 1370 1318 gentibus),
1418 1245 1560 1298 tunc
1603 1234 2009 1298 barbarolexis
2054 1243 2311 1297 vocatur.
2383 1242 2690 1316 praeterea
2736 1239 2877 1298 siin
2910 1255 3075 1316 prosa
3102 1257 3205 1298 ora·

667 1341 825 1401 tione
879 1340 1006 1410 fiat,
1067 1346 1206 1400 tunc
1263 1337 1666 1400 barbarismus
1721 1338 1965 1408 dicitur3
2022 1339 2072 1399 si
2126 1348 2322 1400 autem
2366 1339 2427 1398 in
2472 1347 2774 1416 poemate,
2832 1338 3209 1420 metaplasmus

594 1450 926 1508 invocatur.
997 1440 1230 1523 quando
1277 1443 1435 1502 enim
1481 1439 1622 1501 dicit
1666 1440 1943 1520 Virgilius
1996 1438 2425 1521 relliquias,
2473 1442 2749 1519 quoniam
2793 1443 2859 1502 in
2906 1451 3086 1503 metro
3122 1453 3206 1511 est,

667 1544 917 1605 dicimus
963 1562 1090 1605 esse
1135 1541 1615 1624 metaplasmum3
1661 1544 1710 1602 si
1752 1541 1937 1604 soluta
1972 1549 2127 1614 esset
2155 1544 2373 1614 oratio,
2418 1541 2851 1606 barbarismum
2886 1561 3206 1606 vocaremus.

664 1647 728 1707 fit
758 1655 950 1707 autem
983 1644 1384 1708 barbarismus
1415 1643 1819 1724 principaliter
1850 1643 2041 1706 modis
2072 1644 2325 1716 duobus,
2371 1647 2853 1724 pronuntiatione
2892 1654 2951 1707 et
2993 1647 3207 1726 scripto:

660 1749 1170 1825 pronuntiatione,
1229 1749 1278 1807 si
1323 1756 1424 1831 aut
1479 1745 1831 1808 naturaliter
1884 1745 2089 1824 longas
2134 1745 2387 1826 syllabas
2431 1745 2691 1810 breviter
2735 1748 3123 1827 proferamus,
3161 1759 3208 1809 ut

663 1851 943 1921 Romam,
1007 1857 1106 1912 aut
1159 1851 1210 1910 si
1266 1847 1612 1912 naturaliter
1668 1846 1879 1909 breves
1932 1848 2357 1928 producamus,
2414 1860 2480 1911 ut
2536 1868 2751 1911 rosam.
2840 1852 3059 1930 scripto
3098 1869 3207 1911 vero

593 1976 639 2018 ιε
665 1971 840 2034 quem
887 1952 960 2014 ad
1008 1951 1245 2014 modum
1291 1949 1392 2011 fit?
1437 1951 1626 2012 modis
1669 1958 1977 2029 quattuor,
2023 1950 2081 2011 id
2112 1959 2205 2012 est
2242 1969 2349 2030 per
2380 1951 2774 2014 adiectionem
2822 1952 3206 2014 detractionem

658 2055 1108 2117 inmutationem
1164 2055 1742 2122 transmutationem3
1822 2059 1881 2114 et
1946 2053 2009 2112 fit
2064 2054 2323 2134 quinque
2380 2053 2585 2124 rebus,
2647 2053 2843 2118 littera
2888 2053 3095 2134 syllaba
3132 2073 3207 2116 ae·

664 2164 840 2219 centu
895 2165 1166 2237 tempore
1223 2154 1640 2235 adspiratione.
1729 2154 1875 2215 haec
1932 2156 2127 2216 omnia
2175 2163 2275 2217 aut
2316 2155 2649 2217 adiciuntur
2692 2165 2792 2218 aut
2836 2155 3206 2217 detrahuntur.

667 2260 916 2321 adicitur
974 2259 1199 2328 littera,
1256 2265 1323 2319 ut
1381 2255 1818 2336 ‘relliquias
1876 2256 2250 2329 Danaum’,
2306 2256 2553 2337 syllaba,
2602 2267 2667 2319 ut
2706 2258 3084 2338 induperator
3122 2277 3208 2338 pro

666 2380 737 2423 eo
793 2361 946 2442 quod
1007 2369 1095 2422 est
1147 2361 1504 2439 imperator:
1578 2361 1877 2439 tempore,
1937 2367 2001 2420 ut
2059 2358 2387 2422 ‘ltaliam
2444 2360 2596 2422 fato
2640 2361 3060 2440 profugus’,
3101 2379 3208 2419 cum

587 2485 640 2526 20
665 2462 890 2526 ltaliam
946 2463 1146 2543 priore
1204 2469 1474 2542 correpta
1521 2459 1743 2542 syllaba
1789 2460 1987 2523 dicere
2032 2460 2385 2523 debeamus:
2474 2469 2749 2532 accentu,
2796 2471 2865 2524 ut
2906 2461 3029 2531 bic;
3072 2461 3211 2522 aliter

669 2567 824 2627 enim
870 2581 1230 2645 pronomen,
1275 2561 1450 2625 aliter
1496 2562 1841 2626 adverbium
1888 2563 2395 2645 pronuntiandum
2442 2571 2557 2625 est:
2634 2563 3057 2645 adspiratione,
3100 2563 3209 2623 hor·

667 2687 771 2730 cus
837 2685 944 2747 pro
1011 2685 1218 2735 orcus;
1285 2665 1368 2726 sic
1435 2666 1590 2726 enim
1658 2663 1937 2728 dicebant
1993 2667 2235 2747 antiqui.
2322 2664 2592 2728 similiter
2647 2683 2755 2745 per
2801 2666 3209 2728 detractionem.

667 2777 768 2831 aut
824 2769 1020 2830 littera
1079 2767 1436 2838 detrahitur,
1495 2774 1559 2829 ut
1611 2766 1848 2828 Achiles
1904 2787 2013 2849 pro
2058 2767 2343 2839 Achilles,
2402 2776 2503 2829 aut
2545 2766 2795 2848 syllaba,
2854 2777 2919 2830 ut
2964 2768 3085 2828 vixe
3124 2784 3211 2846 pro

667 2891 738 2932 eo
783 2869 938 2952 quod
985 2877 1076 2932 est
1117 2870 1352 2931 vixisse:
1403 2876 1502 2931 aut
1547 2875 1843 2950 tempore,
1889 2877 1955 2931 ut

589 2995 639 3036 25
1153 2977 1684 3052 steteruntque
1730 2990 1980 3033 comae
2026 2981 2094 3033 et
2136 2988 2268 3032 vox
2314 2971 2655 3034 faucibus
2698 2973 2949 3034 haesit

665 3095 775 3157 pro
805 3075 1122 3143 steten-unm
1151 3071 1343 3134 media
1375 3075 1532 3134 enim
1564 3073 1785 3154 syllaba
1819 3073 2163 3136 naturaliter
2190 3073 2439 3153 produci
2469 3074 2701 3136 debuit:
2734 3083 3027 3144 accentus,
3058 3091 3213 3154 quan·

667 3179 742 3240 do
774 3177 1023 3239 dicimus
1053 3175 1295 3246 deinde3
1333 3175 1587 3238 mediam
1615 3177 1773 3237 enim
1796 3174 2018 3237 habere
2054 3174 2257 3238 debuit
2286 3184 2551 3248 acutam,
2585 3178 2719 3257 quia
2752 3178 3039 3256 positione
3066 3175 3213 3253 longa

667 3287 784 3341 est:
831 3279 1243 3358 adspiratione,
1278 3285 1342 3339 ut
1372 3296 1548 3339 arena
1576 3295 1694 3356 pro
1723 3280 1985 3347 harena:
2032 3277 2146 3340 hoc
2178 3279 2335 3340 enim
2380 3296 2583 3340 verum
2616 3287 2735 3349 est;
2785 3278 2941 3340 dicta
2970 3287 3055 3340 est
3079 3279 3213 3338 enim

667 3381 740 3442 ab
787 3397 877 3453 eo,
922 3380 1079 3461 quod
1124 3378 1328 3442 barida
1357 3381 1433 3441 sit
1467 3387 1645 3441 terra.
1707 3380 2015 3442 inmutatio
2058 3397 2199 3440 vero
2244 3389 2304 3442 et
2347 3385 2755 3442 transmutatio
2800 3379 2976 3442 simili
3019 3380 3215 3441 ratione

590 3504 641 3545 30
669 3489 1050 3544 monstratur.
1140 3499 1390 3561 quorum
1436 3482 1702 3563 exempla
1750 3480 1831 3542 ibi
1873 3483 1935 3542 in
1980 3490 2107 3544 arte
2152 3490 2292 3544 sunt
2333 3483 2544 3562 posita.
2634 3501 2744 3562 per
2788 3483 3215 3564 adspirationem

669 3585 904 3664 quando
949 3583 1196 3644 facimus
1239 3581 1700 3655 barbarismum,
1750 3582 2077 3646 dubitatum
2124 3593 2241 3654 est,
2274 3580 2302 3668 ΙΙ
2330 3603 2405 3646 an
2435 3586 2907 3664 pronuntiationi
2948 3587 3216 3666 inputare·

670 3695 794 3758 tur,
852 3703 926 3748 an
983 3687 1232 3766 scripto,
1289 3687 1566 3765 quoniam
1625 3686 1773 3748 haec
1829 3679 2142 3766 aliquando
2198 3684 2489 3748 anhelitus
2546 3694 2606 3747 et
2658 3705 2793 3748 cum
2850 3686 3078 3768 linguae
3128 3693 3216 3754 est,

806 3855 838 3908 3
877 3855 1076 3922 plenius
1109 3855 1160 3905 P
1291 3855 1324 3906 5
1361 3871 1554 3908 romam
1590 3869 1683 3922 pro
1720 3870 1862 3906 roma
1884 3855 1961 3906 P.-
2000 3857 2165 3921 siquis
2192 3855 2315 3906 velit
2336 3855 2507 3908 dicere
2534 3857 2728 3908 Ruoma
2765 3859 3023 3922 Pompeius
3042 3873 3092 3922 p.
3116 3857 3219 3909 42².

672 3927 916 3994 Seregius
953 3927 1085 3976 dixit
1109 3925 1487 3977 ‘barbarismus
1523 3927 1574 3976 in
1611 3941 1714 3976 una
1750 3934 1895 3992 parte
1926 3925 2166 3978 orationis
2203 3926 2275 3990 fit,
2306 3934 2360 3976 ut
2388 3927 2553 3991 siquis
2581 3928 2717 3979 dieat
2744 3929 2909 3979 Ruina
2946 3943 3034 3994 pro
3058 3927 3220 3976 Roma.

668 3993 1002 4049 soloecismus
1045 3996 1096 4045 in
1152 4003 1389 4047 contextu
1442 3999 1661 4062 partium
1704 3997 1950 4048 orationis
2008 3997 2093 4062 flt,
2153 4005 2209 4047 ut
2264 3995 2407 4046 multi
2458 3997 2584 4048 mihi
2638 3997 2789 4062 (haec
2834 3998 2982 4064 cod.)
3016 3997 3223 4048 homines

669 4069 905 4117 iniuriam
957 4065 1129 4118 fecit’.
1190 4067 1307 4116 item
1352 4063 1592 4133 Seregius
1644 4067 1770 4117 dicit
1812 4068 2112 4130 ‘quaeritur
2160 4067 2344 4132 igitur,
2390 4067 2435 4116 si
2473 4069 2525 4117 in
2558 4081 2657 4118 uno
2700 4069 2854 4118 verbo
2895 4069 2981 4119 liat
3006 4067 3221 4119 soloecis·

668 4152 812 4196 mus,
865 4144 920 4187 ut
956 4137 1114 4200 siquis
1153 4137 1493 4201 interrogatus
1545 4141 1678 4202 ‘quo
1722 4135 1932 4187 vadis’?
1964 4146 2015 4187 et
2055 4135 2141 4188 ille
2187 4137 2323 4187 dicat
2368 4137 2583 4203 Romae,
2620 4137 2953 4188 soloecismus
2984 4147 3075 4190 est.
3122 4151 3221 4184 nam

667 4211 860 4260 Romae
907 4221 1211 4272 quamquam
1259 4207 1390 4256 male
1425 4208 1646 4272 positum
1685 4207 1779 4266 sit,
1823 4215 1987 4256 tamen
2040 4207 2273 4258 Latinum
2314 4215 2410 4258 est.
2474 4221 2573 4258 non
2613 4216 2693 4258 est
2726 4223 2853 4275 ergo
2881 4208 3221 4258 barbarismus.

668 4293 784 4330 nam
837 4279 909 4328 ita
960 4276 1191 4328 definivit
1235 4275 1426 4326 Plinius
1469 4275 1698 4343 (plenius
1744 4275 1904 4340 eod),
1956 4277 2092 4340 quod
2128 4291 2227 4327 non
2264 4277 2446 4326 dicitur
2492 4277 2839 4330 barbarismus
2876 4278 3015 4342 quod
3056 4277 3223 4342 legitur

669 4350 921 4414 integre'.
958 4352 1206 4410 excerpta
1229 4347 1418 4396 codicis
1458 4347 1725 4398 Leidensis
1768 4347 1919 4396 Voss.
1952 4345 2038 4398 33.
2075 4347 2109 4396 4
2247 4346 2281 4398 8
2316 4344 2491 4414 prosa]
2524 4349 2639 4413 ipsa
2676 4347 2727 4395 P
2868 4347 2934 4398 10
2968 4341 3215 4413 Virgilius]

671 4419 798 4470 Aen.
847 4419 869 4466 1
910 4417 978 4470 30
1123 4415 1184 4468 13
1231 4417 1638 4482 pronuntiatione
1687 4433 1778 4468 om.
1818 4418 1869 4466 P
2007 4413 2073 4466 19
2118 4413 2336 4482 ltaliam]
2399 4419 2556 4484 Very.
2608 4417 2738 4469 Aen.
2788 4419 2808 4468 Ι
2851 4419 2884 4466 2
3020 4417 3075 4468 21
3118 4415 3221 4464 hor-

669 4503 758 4537 cus
808 4502 900 4552 pro
954 4501 1100 4536 orsus
1153 4487 1229 4538 P.-
1291 4487 1519 4549 sortaaae
1577 4485 1773 4538 Orchus
1832 4499 1925 4552 pro
1982 4483 2169 4538 Orcus:
2217 4487 2285 4552 (Γ.
2344 4487 2500 4540 Proh.
2556 4486 2741 4540 cathol.
2798 4501 2853 4550 p.
2914 4485 3054 4538 1449.
3106 4485 3220 4535 1455

667 4559 812 4608 Serv.
851 4558 900 4606 in
938 4558 1094 4621 Ver-9.
1113 4571 1289 4622 year-9.
1322 4557 1388 4606 lli
1423 4557 1544 4619 223,
1575 4557 1704 4607 Aen.
1743 4555 1814 4606 VI
1842 4555 1875 4606 3
2014 4557 2083 4610 23
2122 4565 2209 4607 aut
2246 4557 2438 4608 litterae
2472 4557 2684 4608 traditur
2718 4567 2776 4607 ut
2812 4557 2864 4607 P
2996 4556 3059 4606 25
3086 4563 3219 4604 stete-

670 4641 864 4690 runque
905 4628 981 4678 Ρ.·
1016 4628 1172 4692 Ver-9.
1201 4626 1329 4676 Aen.
1358 4627 1402 4677 11
1434 4627 1536 4678 774
1676 4626 1745 4680 26
1774 4641 1865 4691 pro
1903 4632 2147 4678 steterunt
2170 4628 2355 4679 omissa
2380 4635 2499 4678 nota
2520 4627 2884 4692 productionis,
2912 4630 3021 4678 item
3049 4625 3109 4675 27
3142 4623 3217 4672 de-

673 4697 790 4747 inde
817 4697 866 4746 P
1005 4698 1072 4746 27
1109 4705 1308 4746 acutam
1337 4711 1426 4748 om.
1455 4697 1504 4746 P
1640 4696 1779 4761 quia]
1814 4710 1944 4762 quae
1969 4699 2020 4747 P
2156 4697 2225 4749 28
2250 4712 2341 4761 pro
2378 4697 2571 4748 harena
2604 4713 2695 4748 om.
2735 4700 2786 4748 P
2956 4697 3023 4750 32
3050 4694 3215 4758 scriptu

673 4767 910 4829 quoniam
941 4766 1070 4817 haec
1103 4765 1376 4828 aliquando
1407 4762 1417 4833 Ι
1448 4765 1698 4818 anhelitus
1728 4777 1775 4816 et
1802 4781 1915 4816 cum
1946 4766 2151 4831 linguae
2186 4775 2279 4818 est.
2302 4768 2567 4818 scribendo
2604 4783 2718 4818 esse
2756 4769 2942 4820 dicitur
2970 4781 3071 4816 cum
3102 4763 3110 4828 Ι
3138 4775 3215 4809 au·

672 4833 830 4885 helitu
869 4836 921 4884 in
953 4834 1324 4903 pronuntiando
1368 4837 1439 4887 P.-
1469 4837 1698 4900 sortaaae
1724 4836 1959 4901 quoniam
1995 4837 2121 4888 haec
2146 4838 2419 4900 aliquando
2447 4836 2669 4888 anhelitu
2700 4837 2757 4888 fit
2782 4837 2835 4888 in
2854 4835 3215 4904 pronuntiando,
