3434 5442
949 314 1342 377 INSTITVTA
1381 314 1666 377 ARTIVM
1699 314 2039 378 696—713
2668 320 2779 379 151

300 444 340 484 p.
369 430 462 473 m.
483 432 538 473 ⁷8
571 432 617 473 R.
2368 448 2409 488 p.
2438 434 2597 475 376.77
2631 434 2684 478 V.

205 501 550 575 subicimus,
621 520 738 583 qua
803 504 1220 573 dinoscantur,
1293 520 1472 582 quem
1531 502 1604 563 ad
1661 502 1903 564 modum
1974 522 2041 564 ex
2112 524 2175 565 se
2239 504 2513 566 adverbia
2592 504 2785 567 facere

205 614 458 683 possunt.

361 705 447 767 De
477 726 538 767 o.
597 724 1008 787 quaecumque
1043 708 1280 767 nomina
1325 704 1549 767 scilicet
1591 704 1934 784 appellativa
1982 706 2296 768 cuiuslibet
2325 706 2543 784 gradus
2589 708 2783 769 dativo

203 827 332 871 casu
376 827 412 869 o
449 808 650 869 littera
697 810 1110 879 terminantur,
1153 808 1317 877 haec,
1370 809 1420 869 si
1450 806 1724 869 adverbia
1772 826 1841 868 ex
1878 826 1941 867 se
1990 810 2183 870 facere
2222 816 2488 886 possunt,
2534 810 2783 871 eandem

201 932 234 971 o
273 909 532 971 litteram
576 911 635 971 in
682 930 714 971 e
754 915 1107 971 convertunt
1148 915 1206 971 et
1248 908 1524 969 adverbia
1571 926 1677 970 sua
1722 910 2067 978 ostendunt,
2124 917 2188 971 ut
2230 917 2369 987 puta
2426 910 2565 972 huic
2608 912 2782 972 docto
2835 940 2860 979 5

201 1012 382 1081 docte,
427 1012 574 1073 huic
617 1013 958 1073 doctissimo
1009 1012 1376 1081 doctissime,
1417 1012 1556 1072 huic
1595 1019 1805 1072 tenero
1851 1016 2071 1072 tenere.
2160 1013 2245 1072 sic
2290 1018 2347 1071 et
2391 1010 2501 1073 alia
2548 1015 2784 1075 nomina

199 1113 412 1175 scilicet
441 1113 812 1193 appellativa,
861 1132 1015 1194 quae
1049 1113 1242 1174 dativo
1283 1132 1423 1174 casu
1451 1134 1490 1174 o
1518 1112 1710 1175 littera
1751 1113 2142 1175 terminantur
2186 1122 2244 1174 et
2270 1114 2543 1175 adverbia
2587 1112 2784 1177 facere

201 1225 468 1295 possunt,
527 1216 664 1279 talia
707 1214 986 1277 adverbia
1045 1234 1116 1275 ex
1159 1234 1222 1276 se
1269 1216 1466 1277 facere
1520 1217 1995 1294 pronuntiantur.
2085 1233 2227 1277 sane
2280 1215 2397 1277 hoc
2450 1234 2782 1285 monemus,

201 1317 347 1397 quod
405 1320 470 1379 in
519 1317 634 1379 hac
687 1334 868 1395 supra
910 1316 1128 1395 scripta
1184 1316 1376 1379 forma
1431 1319 1548 1379 sint
1601 1316 1793 1398 aliqua
1851 1316 2129 1378 undecim
2184 1318 2452 1387 nomina,
2512 1336 2664 1399 quae
2712 1336 2782 1379 ex

199 1436 366 1496 supra
412 1421 572 1481 dicto
629 1438 772 1481 casu
825 1436 1006 1498 supra
1039 1418 1257 1479 dictam
1299 1419 1558 1481 litteram
1603 1429 1664 1479 et
1706 1420 1767 1479 in
1813 1422 1834 1478 i
1874 1426 2219 1481 convertant
2272 1428 2331 1481 et
2372 1426 2465 1481 ter
2500 1418 2781 1499 syllabam
2812 1438 2861 1483 ιο

201 1514 478 1599 accipiant
537 1530 594 1581 et
648 1523 734 1582 sic
793 1520 1067 1581 adverbia
1127 1521 1370 1590 faciant,
1431 1528 1493 1582 ut
1547 1528 1686 1599 puta
1742 1522 1879 1581 huic
1934 1521 2085 1581 duro
2138 1520 2385 1582 duriter.
2474 1522 2613 1581 item
2670 1522 2783 1582 hoc

201 1640 522 1694 monemus,
571 1623 732 1703 quod
768 1624 828 1683 in
869 1622 982 1684 hac
1013 1638 1194 1701 supra
1241 1623 1394 1683 dicta
1439 1623 1626 1684 forma
1669 1624 1788 1683 sint
1830 1621 2023 1703 aliqua
2070 1622 2167 1683 Vll
2212 1624 2467 1691 nomina,
2514 1641 2665 1703 quac
2710 1642 2781 1684 ex

201 1741 364 1801 supra
405 1725 570 1786 dicto
612 1742 752 1785 casu
795 1740 975 1802 supra
1017 1723 1234 1785 dictam
1279 1724 1534 1786 litteram
1577 1723 1642 1786 in
1682 1742 1749 1785 er
1792 1722 2019 1786 litteras
2062 1731 2426 1795 convertant,
2473 1732 2535 1785 ut
2578 1725 2783 1787 adver-

203 1824 288 1886 bia
329 1827 566 1895 saciant,
615 1834 682 1888 ut
722 1834 864 1905 puta
914 1826 1052 1887 huic
1097 1824 1350 1887 violento
1397 1826 1700 1888 violenter.
1790 1828 1931 1887 item
1976 1825 2090 1886 hoc
2135 1843 2471 1898 monemus,
2518 1828 2677 1907 quod
2720 1828 2781 1886 in

203 1927 300 1988 hac
333 1946 518 2006 supra
561 1928 718 1989 dicta
763 1927 954 1989 forma
999 1929 1117 1988 sint
1160 1926 1352 2008 aliqua
1389 1928 1540 1990 XVII
1587 1929 1853 1997 nomina,
1902 1946 2054 2007 quae
2098 1946 2167 1987 ex
2216 1946 2397 2007 supra
2439 1929 2597 1990 dicto
2640 1948 2778 1989 casu
2812 1946 2861 1990 15

203 2046 364 2107 supra
407 2030 628 2091 dictam
671 2030 931 2091 litteram
971 2036 1032 2090 et
1057 2025 1086 2113 fl
1116 2032 1176 2089 in
1221 2032 1242 2091 i
1291 2036 1638 2091 convertant
1689 2037 1748 2089 et
1782 2036 1877 2090 tns
1929 2028 2213 2109 syllabam
2258 2032 2551 2109 accipiant
2602 2037 2661 2092 et
2696 2032 2781 2091 sic

205 2130 466 2192 adverbia
511 2132 752 2201 faciant,
797 2140 865 2192 ut
909 2138 1050 2209 puta
1091 2131 1228 2193 huic
1257 2132 1452 2192 divino
1491 2132 1781 2193 divinitus.
1848 2131 1951 2193 sed
1982 2130 2130 2193 haec
2172 2148 2323 2211 quac
2363 2133 2479 2192 sint
2520 2134 2779 2202 nomina,

203 2250 339 2310 quae
383 2252 456 2293 ex
507 2234 774 2313 utrisque
827 2234 1038 2293 formis
1093 2233 1176 2293 sic
1219 2232 1493 2295 adverbia
1545 2233 1790 2303 iaciant,
1848 2234 1909 2293 in
1955 2233 2117 2292 sonis
2174 2240 2563 2311 conpetenter
2607 2234 2781 2295 doce-

203 2332 402 2395 bimus.

359 2436 443 2498 De
489 2438 526 2499 i.
617 2454 1027 2517 quaecumque
1070 2438 1308 2497 nomina
1372 2436 1594 2497 scilicet
1638 2435 1985 2516 appellativa
2036 2436 2268 2516 positivi
2324 2437 2545 2513 gradus
2590 2436 2780 2497 dativo
2809 2458 2861 2501 ao

205 2556 330 2599 casu
367 2541 388 2599 i
429 2538 628 2601 littera
675 2540 1063 2599 terminantur
1107 2545 1168 2600 et
1208 2538 1484 2599 adverbia
1541 2556 1612 2599 ex
1655 2557 1721 2599 se
1765 2538 1964 2600 facere
2007 2546 2287 2615 possunt,
2344 2538 2524 2607 haec,
2578 2538 2628 2598 si
2674 2555 2783 2597 no·

205 2641 466 2703 minativo
509 2660 654 2703 casu
699 2644 932 2703 numeri
976 2638 1200 2701 scilicet
1243 2638 1558 2718 singularis
1611 2658 1729 2700 non
1774 2640 1867 2701 his
1911 2640 2101 2700 tribus
2148 2640 2386 2711 formiS‚
2438 2640 2497 2701 id
2542 2647 2631 2701 est
2680 2656 2786 2700 ans

205 2760 298 2801 ens
333 2761 459 2813 erS,
525 2743 632 2804 sed
690 2742 816 2805 aliis
861 2741 1224 2821 quibuslibet
1282 2742 1670 2811 definiuntur,
1738 2743 1797 2801 in
1848 2742 2057 2803 eodem
2114 2742 2305 2804 dativo
2351 2760 2492 2804 casu
2552 2744 2786 2802 numeri

205 2842 414 2906 scilicet
453 2842 779 2922 singularis
811 2851 906 2905 ter
933 2842 1216 2923 syllabam
1255 2846 1554 2921 accipiunt
1592 2852 1652 2904 et
1693 2843 1971 2905 adverbia
2015 2860 2120 2904 sua
2162 2843 2498 2911 ostendunt,
2548 2851 2611 2903 ut
2643 2848 2787 2921 puta

209 2945 332 3007 huic
395 2944 606 3026 gracili
682 2946 998 3025 graciliter.
1099 2946 1186 3006 sic
1251 2954 1310 3007 et
1373 2944 1484 3006 alia
1547 2945 1787 3005 nomina
1860 2944 2083 3006 scilicet
2144 2943 2491 3025 appellativa
2554 2946 2782 3023 positivi
2810 2964 2862 3007 τι

207 3048 434 3123 gradus,
501 3066 654 3128 quae
697 3049 892 3110 dativo
941 3064 1082 3109 casu
1125 3048 1146 3107 i
1188 3046 1386 3108 littera
1431 3048 1825 3109 terminantur
1868 3054 1929 3107 et
1971 3048 2329 3107 nominativo
2370 3064 2511 3107 casu
2552 3046 2784 3107 numeri

207 3147 412 3211 scilicet
465 3148 788 3228 singularis
845 3166 964 3209 non
1021 3148 1207 3209 isdem
1265 3166 1442 3227 supra
1503 3150 1741 3227 scriptis
1800 3148 1991 3210 tribus
2046 3148 2251 3209 formis
2307 3149 2669 3210 definiuntur
2728 3155 2787 3211 et

209 3250 462 3313 adverbia
506 3252 704 3314 facere
746 3258 1024 3329 possunt,
1083 3249 1220 3312 talia
1272 3248 1547 3311 adverbia
1607 3270 1676 3311 ex
1728 3268 1793 3311 se
1832 3250 2031 3311 facere
2072 3251 2551 3329 pronuntiantur.
2642 3268 2785 3311 sane

209 3351 308 3412 boc
339 3370 683 3422 monemus,
737 3352 897 3433 quod
942 3353 1002 3413 in
1035 3352 1150 3413 bac
1189 3370 1368 3431 supra
1404 3354 1630 3431 scripta
1668 3353 1859 3415 forma
1914 3353 2031 3413 sint
2071 3350 2264 3430 aliqua
2308 3354 2575 3424 nomina,
2632 3370 2783 3433 quae

209 3473 272 3515 ex
308 3474 490 3535 supra
534 3455 692 3517 dicto
747 3472 888 3517 casu
947 3472 1126 3533 supra
1173 3454 1390 3515 dictam
1449 3453 1706 3517 litteram
1762 3462 1823 3515 et
1864 3456 1923 3516 in
1970 3474 2003 3517 e
2047 3462 2397 3516 convertant
2445 3462 2502 3515 et
2548 3454 2632 3515 sic
2682 3448 2781 3515 ail·
2809 3474 2861 3516 ao

211 3555 390 3617 verbia
443 3558 694 3626 saciant,
753 3564 818 3617 ut
869 3562 1010 3633 puta
1067 3556 1208 3618 huic
1263 3554 1418 3617 facili
1473 3555 1680 3637 facille.
1770 3557 1875 3619 sed
1932 3556 2079 3618 haec
2140 3574 2291 3637 quae
2348 3559 2468 3616 siut
2523 3558 2781 3625 nomina,

211 3676 346 3737 quae
385 3678 456 3721 ex
507 3665 758 3738 utraque
805 3657 996 3719 forma
1041 3660 1126 3719 sic
1169 3658 1446 3719 adverbia
1498 3657 1745 3728 faciant,
1801 3659 1861 3719 in
1905 3660 2067 3719 sonis
2112 3666 2500 3737 conpetenter
2546 3657 2785 3719 docebi-

211 3776 344 3820 mus.
427 3769 494 3822 at
541 3778 682 3821 vero
751 3776 1160 3839 quaecumque
1225 3761 1460 3821 nomina
1527 3758 1752 3821 scilicet
1810 3759 2156 3840 appellativa
2218 3761 2577 3822 nominativo
2647 3778 2785 3821 casu

212 3864 424 3925 numeri
485 3861 709 3925 scilicet
763 3862 1080 3941 singularis
1129 3862 1222 3921 his
1275 3862 1464 3923 tribus
1519 3880 1700 3939 supra
1752 3862 1987 3941 scriptis
2030 3863 2235 3923 formis
2286 3862 2675 3931 definiuntur,
2730 3862 2785 3922 id

212 3972 288 4025 est
325 3983 428 4027 ans
473 3982 584 4025 ens
627 3982 742 4033 ers,
790 3972 849 4024 et
891 3963 1168 4026 adverbia
1218 3964 1414 4025 facere
1459 3970 1727 4041 possunt,
1774 3962 1923 4023 haec
1967 3964 2158 4024 dativo
2205 3982 2342 4024 casu
2390 3965 2622 4024 numeri
2665 3965 2783 4023 sin·
2812 3980 2863 4022 as

212 4064 412 4139 gularis
455 4065 728 4127 ultimam
765 4065 1048 4145 syllabam
1082 4067 1358 4127 amittunt
1397 4073 1456 4127 et
1484 4073 1574 4126 ter
1615 4063 1895 4142 syllabam
1939 4065 2235 4141 accipiunt
2276 4076 2334 4125 et.
2365 4064 2638 4125 adverbia
2682 4082 2786 4124 sua

215 4168 530 4237 ostendunt,
575 4174 642 4227 ut
673 4172 810 4245 puta
855 4185 1062 4227 amans
1105 4170 1326 4229 amanti
1369 4173 1654 4234 amanter,
1701 4166 1939 4244 sapiens
1976 4166 2225 4243 sapienti
2271 4167 2585 4244 sapienter,
2628 4166 2788 4224 iners

213 4267 368 4327 inerti
401 4270 646 4330 inerter.
708 4270 793 4330 sic
836 4275 896 4329 et
938 4268 1050 4330 alia
1091 4271 1330 4329 nomina
1375 4267 1600 4330 scilicet
1639 4266 2005 4347 appellativa,
2052 4284 2203 4344 quae
2246 4267 2607 4328 nominativo
2647 4282 2785 4329 casu

217 4384 376 4444 supra
419 4370 654 4448 scriptis
707 4369 900 4433 tribus
958 4370 1168 4431 formis
1211 4370 1572 4432 definiuntur
1625 4376 1683 4430 et
1742 4367 2015 4430 adverbia
2066 4367 2259 4430 facere
2314 4374 2591 4447 possunt,
2654 4366 2787 4427 talia

223 4468 478 4533 adverbia
535 4489 605 4532 ex
663 4490 728 4533 se
785 4472 982 4533 facere
1038 4472 1516 4550 pronuntiantur.
1606 4488 2015 4551 quaecumque
2076 4476 2271 4531 autem
2329 4470 2565 4529 nomina
2624 4488 2782 4541 com·
2810 4480 2863 4522 ⁴0

347 4715 408 4765 11
445 4717 694 4782 accipiant
733 4718 776 4767 R
819 4718 1066 4785 recipiant
1097 4718 1150 4769 B
1327 4720 1392 4769 12
1426 4734 1556 4783 quae
1586 4744 1655 4755 —
1691 4718 1751 4769 15
1791 4716 1933 4767 xvn
1964 4716 2173 4766 nomina
2208 4730 2297 4767 om.
2337 4717 2401 4782 R,
2437 4714 2557 4767 add.
2600 4716 2647 4764 B

229 4782 288 4832 16
317 4786 558 4851 accipiant
595 4786 638 4837 R
677 4788 946 4838 admittant
980 4786 1034 4837 B
