3434 5442
1198 301 1615 391 carneum
1660 326 1739 386 111
1784 326 1991 390 8-15
2501 345 2510 355 ·
2805 329 2887 390 39

418 444 579 486 ‚usa
596 443 655 486 ss
684 443 733 485 P.
2507 471 2520 482 .
2631 469 2644 482 .
2738 443 2785 482 L.

296 457 533 580 verbum
570 515 691 576 hac
722 514 947 594 syllaba
990 516 1363 575 terminatum
1406 513 1848 576 rationabiliter.
1909 531 2044 573 nam
2079 513 2115 574 k
2158 512 2348 574 littera
2391 510 2401 594 Ι
2437 443 2886 582 ”gazanum

296 619 401 677 nisi
429 637 459 677 a
494 616 701 678 littera
748 619 807 677 in
852 616 1157 696 principiis
1196 617 1497 677 nominum
1534 615 1625 676 vel
1660 615 1974 676 verborum
2011 615 2429 694 consequentis
2473 613 2730 696 syllabae
2773 622 2832 674 et
2855 610 2884 696 ’,Ι
2990 631 3003 646 ·

298 736 629 780 consonans
674 720 1031 797 principium
1074 719 1165 788 sit,
1216 719 1367 778 sicut
1412 719 1467 778 in
1507 718 1782 779 institutis
1824 717 2058 786 artium,
2103 717 2219 777 hoc
2249 725 2340 778 est
2377 719 2438 776 in
2472 715 2626 777 libro
2673 717 2885 794 primo,

296 821 635 890 monstravi,
680 821 977 882 Kamenae
1022 820 1211 881 kaleo.
1286 819 1345 880 lo
1388 823 1615 900 primae
1650 821 1701 881 si
1745 821 1878 888 sint,
1923 817 2036 880 lavi
2087 818 2304 878 facient
2339 825 2411 878 ut
2440 817 2602 879 caelo
2639 817 2886 881 caelavi:

296 923 501 984 tertiae
543 940 691 982 vero
730 929 1043 1000 correptae
1092 929 1191 982 aut
1232 921 1333 992 lui,
1382 931 1447 983 ut
1496 919 1720 982 excello
1767 919 2006 982 excellis
2052 920 2329 990 excellui,
2377 928 2479 981 aut
2519 919 2588 989 li,
2635 928 2698 980 ut
2743 917 2886 980 tollo
2927 943 2963 994 ,s

294 1024 427 1092 tuli,
478 1023 733 1086 sustollo
783 1023 993 1085 sustuli
1081 1022 1343 1104 [sustuli
1376 1023 1449 1084 de
1502 1031 1754 1102 utroque
1803 1021 2013 1092 verbm
2089 1039 2224 1082 nam
2278 1020 2382 1082 tuli
2439 1021 2511 1081 ab
2581 1040 2650 1082 eo
2708 1021 2884 1089 venit,

296 1125 451 1206 quod
490 1134 584 1188 est
626 1127 761 1186 sero
804 1125 962 1206 tuli].
1052 1143 1149 1186 mo
1192 1125 1419 1203 primae
1457 1132 1559 1185 aut
1594 1125 1746 1184 mavi
1793 1124 1948 1193 l'acit,
1993 1133 2056 1185 ut
2099 1141 2231 1184 amo
2277 1123 2482 1191 amavi,
2531 1123 2720 1184 clamo
2768 1104 2886 1182 cla-

274 1221 477 1297 mavi,
537 1235 641 1288 aut
684 1228 835 1297 mui,
884 1235 951 1290 ut
992 1227 1170 1288 domo
1214 1227 1445 1296 domui;
1508 1228 1713 1287 tertiae
1757 1244 1898 1286 vero
1941 1234 2251 1303 correptae
2291 1233 2392 1286 aut
2431 1227 2551 1303 psi,
2613 1231 2677 1284 ut
2717 1243 2888 1286 sumo

292 1331 479 1390 sumis
518 1331 776 1408 sumpsi,
839 1336 939 1390 aut
982 1331 1135 1398 mui,
1184 1334 1249 1388 ut
1290 1336 1481 1388 tremo
1536 1330 1742 1388 tremis
1799 1329 2034 1388 tremui.
2125 1343 2202 1386 no
2259 1329 2486 1405 primae
2541 1328 2671 1386 navi
2727 1327 2884 1393 facit,

290 1451 439 1492 sano
480 1449 655 1492 sanas
698 1431 925 1500 sanavi:
992 1431 1199 1493 tertiae
1246 1449 1384 1490 vero
1424 1437 1734 1509 correptae
1776 1431 1866 1498 ni,
1925 1429 2028 1489 sed
2071 1430 2132 1490 in
2175 1428 2470 1506 principio
2515 1426 2734 1507 syllaba
2785 1428 2966 1490 ad·1o

292 1536 481 1602 iecta,
526 1551 677 1593 cano
714 1533 878 1594 canis
921 1532 1139 1600 cecini,
1186 1539 1287 1592 aut
1328 1533 1413 1602 vi,
1458 1549 1639 1592 cerno
1682 1533 1878 1591 cernis
1923 1531 2109 1599 crevi,
2155 1531 2286 1591 sino
2325 1530 2448 1589 sivi.
2539 1547 2616 1608 po
2661 1530 2888 1607 primae
2999 1550 3008 1560 ·

292 1637 427 1715 pavi
478 1635 649 1702 facit,
703 1642 768 1696 ut
818 1636 972 1714 stipo
1028 1635 1211 1713 stipas
1264 1635 1500 1712 stipavi;
1565 1633 1773 1694 tertiae
1829 1649 1969 1692 vero
2025 1633 2116 1711 pi,
2174 1649 2390 1709 rumpo
2444 1632 2674 1710 rumpis
2730 1632 2887 1710 rupi.

294 1757 367 1816 q:
414 1737 563 1797 haec
598 1734 791 1797 littera
834 1735 964 1796 ideo
1002 1753 1119 1796 non
1164 1737 1457 1796 invenitur
1488 1752 1701 1812 regens
1730 1733 1996 1802 verbum,
2043 1734 2318 1813 quoniam
2367 1732 2586 1793 nullam
2631 1731 2886 1794 litteram

294 1839 649 1899 antecedere
695 1845 889 1916 potest
930 1839 1125 1898 nisi1u
1166 1845 1225 1898 et
1268 1837 1524 1916 aliquam
1569 1835 1830 1897 vocalem
1891 1854 2024 1896 cum
2064 1854 2131 1895 ea
2177 1835 2562 1895 antecedente
2607 1835 2886 1896 iunctam.

294 1939 455 2000 unde
496 1957 709 2018 supra,
768 1958 901 2000 cum
946 1940 1019 2001 de
1058 1937 1357 1999 vocalibus
1397 1937 1880 2000 antecedentibus
1924 1956 1959 1997 o
2003 1936 2257 1997 litteram
2301 1942 2720 2006 tractaremus,
2778 1954 2884 2015 po·
2913 1955 2963 1997 15

294 2042 519 2102 suimus
572 2041 847 2120 relinquo
897 2039 1183 2120 relinquis
1238 2038 1471 2120 reliqui.
1562 2057 1631 2099 ro
1683 2041 1912 2118 primae
1967 2038 2087 2099 ravi
2139 2039 2301 2106 l'acit,
2367 2055 2474 2098 oro
2519 2020 2884 2105 oras'oravi;

296 2144 504 2204 tertiae
546 2161 689 2203 vero
731 2149 1045 2221 correptae
1088 2149 1189 2202 aut
1230 2143 1303 2211 vi,
1349 2149 1415 2202 ut
1454 2158 1589 2202 sero
1633 2135 1782 2201 seris
1823 2143 1964 2210 sevi,
2008 2147 2109 2200 aut
2151 2140 2257 2200 sivi
2299 2141 2506 2209 mittit,
2553 2146 2621 2200 ut
2661 2155 2886 2218 quaero

296 2245 531 2324 qnaeris
575 2246 867 2322 quaesivi,
914 2251 1015 2304 aut
1055 2245 1179 2312 rui,
1226 2252 1292 2304 ut
1332 2245 1532 2304 insero
1574 2243 1785 2303 inseris
1827 2243 2072 2302 inserui.
2160 2260 2238 2300 so‘
2271 2242 2500 2320 primae
2545 2242 2662 2301 savi
2712 2237 2885 2319 praes

298 2347 469 2407 terito
514 2347 685 2416 facit,
744 2363 931 2424 penso
976 2363 1191 2424 pensas
1232 2345 1505 2424 pensavi;
1564 2347 1772 2406 tertiae
1812 2362 1954 2406 vero
1997 2346 2082 2412 vi,
2144 2361 2364 2423 quaeso
2409 2343 2682 2421 quaesivi.
2769 2341 2888 2402 tale

300 2456 386 2508 oet
418 2467 603 2510 cerno
648 2466 857 2508 cresco
899 2448 1072 2508 crevi.
1162 2457 1224 2507 to
1266 2447 1492 2526 primae
1538 2447 1647 2507 tavi
1694 2446 1858 2515 facit,
1917 2453 2082 2506 muto
2126 2453 2317 2506 mutas
2361 2444 2610 2510 mutavi:
2677 2443 2884 2504 tertiae
2912 2463 2964 2504 πο

252 2589 263 2605 .
298 2567 437 2610 vero
476 2552 557 2620 si,
614 2551 787 2610 mitto
832 2550 1013 2609 mittis
1053 2550 1217 2636 misi,
1270 2556 1371 2609 aut
1414 2549 1485 2616 ti,
1536 2555 1599 2608 ut
1642 2557 1806 2608 verto
1851 2549 2027 2607 vertis
2070 2548 2249 2615 verti,
2311 2554 2414 2607 aut
2455 2546 2544 2614 ui,
2591 2551 2658 2605 ut
2701 2552 2886 2605 sterto

299 2653 493 2713 stertis
559 2653 803 2712 stertui:
870 2651 1108 2712 Persius
1174 2653 1595 2730 ‘postquam
1664 2650 2075 2710 destertuit
2143 2651 2358 2708 esse'.
2449 2648 2500 2705 si
2555 2652 2783 2706 c‘ante
2826 2653 2886 2706 to

302 2751 579 2814 habuerit
614 2753 807 2830 prima
852 2751 1014 2813 verbi
1055 2769 1340 2831 persona,
1397 2753 1587 2829 prima
1643 2751 1978 2842 coniugatio
2023 2751 2173 2811 ctavi
2222 2749 2362 2809 facit
2419 2751 2480 2808 in
2517 2749 2716 2827 specie
2753 2765 2888 2825 per-

302 2855 469 2922 fecta,
515 2861 715 2916 macto
760 2863 983 2914 mactas
1026 2856 1304 2922 mactari:
1350 2854 1521 2914 tertia
1566 2871 1706 2914 vero
1751 2859 2024 2931 correpta
2073 2854 2199 2920 xui,
2243 2859 2414 2910 necto
2461 2851 2647 2910 nectis
2689 2851 2884 2917 nexui,

306 2957 475 3016 flecto
512 2955 709 3015 flectis
748 2953 947 3016 flexui.
1036 2973 1109 3015 xo
1148 2956 1375 3033 primae
1427 2955 1552 3015 xavi
1600 2955 1844 3023 sacient,
1907 2953 2056 3014 elixo
2103 2953 2284 3016 elixas
2327 2951 2560 3030 elixavi,
2615 2958 2718 3012 aut
2765 2953 2881 3020 xui,
2909 2970 2962 3010 ι’»

304 3058 469 3121 enixo
509 3058 717 3118 enixas
752 3057 980 3132 enixui;
1026 3058 1233 3118 tertiae
1274 3075 1415 3117 vero
1462 3059 1577 3126 xui,
1614 3063 1680 3116 ut
1721 3073 1876 3116 nexo
1925 3055 2089 3117 nexis
2133 3055 2327 3116 nexui.
2359 3051 2387 3140 ΙΙ

466 3157 792 3228 Quoniam,
848 3159 1001 3219 sicut
1054 3157 1343 3226 arbitror,
1398 3157 1762 3219 sufficienter
1809 3158 2191 3219 tractavimus
2247 3157 2320 3218 de
2364 3157 2556 3218 verbis
2599 3174 2636 3215 o
2693 3155 2886 3216 littera

304 3262 657 3329 terminatis,
718 3261 1017 3322 veniamus
1068 3259 1139 3320 ad
1196 3278 1261 3320 ea
1306 3277 1457 3337 quae
1500 3279 1569 3320 or
1617 3257 1836 3340 syllaba
1893 3260 2303 3321 terminantur.
2393 3277 2462 3318 or
2505 3255 2723 3338 syllaba
2769 3263 2887 3317 ter-

308 3367 517 3426 minata
572 3362 695 3424 sive
752 3379 903 3440 pura
956 3363 1076 3423 sive
1123 3360 1311 3422 vocali
1368 3359 1457 3422 vel
1512 3371 1872 3423 consonante
1928 3361 2346 3440 praecedente,
2403 3361 2450 3420 si
2507 3359 2732 3436 primae
2771 3359 2890 3418 sint

306 3464 735 3542 coniugationis
780 3463 867 3524 vel
912 3463 1207 3526 secundae
1251 3461 1341 3524 vel
1386 3466 1591 3524 tertiae
1630 3447 1984 3541 productae,
2043 3463 2098 3522 id
2143 3470 2234 3523 est
2269 3468 2545 3541 quartae,
2599 3468 2738 3520 ante
2777 3477 2884 3520 no·
2914 3476 2966 3518 ao

306 3569 595 3628 rissimam
668 3563 925 3626 litteram
990 3565 1283 3627 secundae
1345 3583 1638 3644 personae
1709 3565 2014 3626 activitatis
2079 3566 2131 3624 ri
2195 3563 2476 3643 syllabam
2545 3561 2888 3640 accipientia

304 3671 513 3732 facient
556 3667 879 3730 secundam
922 3684 1237 3746 personam
1275 3668 1652 3745 passivitatis,
1710 3672 1776 3727 ut
1819 3683 1952 3727 amo
1998 3683 2160 3726 amas
2200 3646 2366 3726 amor
2409 3665 2655 3733 amaris,
2703 3663 2890 3724 doceo
2935 3745 2946 3752 ·

304 3771 477 3832 docoe
504 3770 734 3830 doceor
762 3770 1011 3838 doceriS,
1046 3765 1057 3851 Ι
1093 3771 1293 3829 munio
1336 3769 1531 3830 munis
1576 3769 1810 3828 munior
1855 3768 2119 3828 muniris.
2179 3767 2382 3827 tertiae
2412 3783 2552 3827 vero
2583 3773 2894 3843 correptae

304 3874 319 3932 i
358 3873 613 3934 litteram
673 3873 733 3931 in
772 3890 804 3931 e
850 3879 1183 3948 correptam
1243 3869 1557 3931 mutabunt
1598 3877 1657 3930 et
1706 3870 1790 3930 sic
1836 3887 1970 3929 cum
2019 3889 2050 3929 e
2101 3869 2152 3929 ri
2191 3875 2325 3928 ante
2368 3885 2396 3926 s
2448 3867 2768 3946 accipient,
2829 3875 2894 3926 ut

300 3973 427 4054 lego
472 3973 629 4052 legis
678 3971 848 4049 legor
890 3970 1134 4048 legeriS,
1186 3979 1247 4032 et
1286 3974 1453 4050 siqua
1502 3970 1651 4030 talia.
1743 3978 1977 4050 tempus
2035 3977 2229 4032 antem
2287 3969 2614 4054 perfectum
2677 3968 2969 4029 facientes

300 4095 503 4137 onmes
558 4074 1012 4153 coniugationes
1067 4075 1373 4152 participio
1432 4072 1756 4132 masculino
1815 4073 2099 4150 temporis
2153 4071 2456 4151 praeteriti
2511 4069 2703 4130 addita
2759 4086 2890 4128 sum

298 4176 539 4256 syllaba,
586 4177 687 4237 hic
733 4183 963 4236 amatus
1003 4185 1231 4236 amatus
1273 4193 1423 4244 sum,
1465 4174 1561 4233 hic
1606 4174 1814 4235 doctus
1859 4175 2070 4234 doctus
2105 4191 2266 4242 sum,
2311 4172 2404 4232 liic
2447 4172 2702 4249 scriptus
2746 4171 2891 4229 scri·

298 4287 429 4358 ptus
470 4298 629 4348 sum,
681 4279 779 4338 hic
820 4281 1078 4338 munitus
1121 4279 1384 4338 munitus
1422 4295 1571 4338 sum.
1634 4277 1697 4336 fit
1743 4283 1936 4338 autem
1981 4276 2352 4355 participium
2393 4273 2676 4352 temporis
2720 4290 2892 4351 prae-

426 4452 461 4500 2
498 4451 601 4500 nisi
642 4457 767 4498 ante
802 4463 834 4497 a
873 4447 1089 4497 litteram
1127 4461 1161 4504 ς
1333 4446 1365 4498 3
1411 4447 1722 4513 principium
1757 4446 1824 4496 sit
1858 4459 1891 4503 ς
1939 4447 2246 4511 principium
2279 4452 2327 4495 et
2359 4443 2411 4494 B
2584 4443 2618 4492 4
2667 4441 2810 4492 caleo
2847 4442 2895 4492 B

296 4519 437 4571 kalen
466 4521 631 4570 kareo
677 4527 729 4569 et
767 4519 811 4568 si
845 4532 949 4580 qua
983 4517 1107 4567 talia
1138 4530 1173 4573 ς
1219 4524 1271 4567 et
1304 4515 1563 4567 Sacerdos
1602 4533 1661 4580 p.
1690 4515 1760 4566 69
1966 4518 2000 4568 ὅ
2043 4517 2164 4568 tollo
2199 4514 2291 4566 tuli
2335 4511 2548 4564 sustollo
2585 4512 2770 4563 sustuli
2801 4511 2896 4562 tuli

298 4590 471 4640 sustuli
506 4591 573 4642 de
610 4589 694 4640 B.-
732 4587 805 4652 εἴ.
848 4588 1070 4650 Pompei.
1094 4601 1151 4650 p.
1175 4586 1279 4640 326
1421 4586 1487 4636 14
1522 4587 1904 4637 antecedentem
1938 4585 1990 4636 B
2132 4587 2196 4638 16
2231 4581 2437 4649 reliqui]
2479 4582 2696 4646 relinqui
2729 4583 2779 4632 B

302 4659 361 4709 19
392 4657 603 4726 quaeso]
650 4659 919 4708 fflacian.
949 4671 1006 4720 p.
1040 4656 1142 4709 902
1282 4658 1349 4707 22
1384 4654 1606 4720 Persius]
1644 4664 1746 4714 eat.
1783 4655 1835 4716 6,
1875 4653 1940 4706 10
2139 4655 2384 4706 destertui
2419 4653 2468 4704 B
2641 4650 2709 4702 26
2737 4650 2892 4717 nexo]

300 4730 539 4781 Priscian.
574 4745 634 4794 ρ.
677 4727 789 4780 860
934 4724 1003 4777 34
1037 4726 1251 4777 mutauit
1282 4735 1483 4790 tempus
1520 4733 1687 4776 autem
1725 4733 1775 4775 et
1807 4727 1858 4774 in
1885 4741 2047 4792 mar-9.
2078 4726 2204 4778 add.
2245 4732 2293 4775 et
2324 4725 2400 4774 sic
2433 4737 2546 4773 cum
2582 4737 2610 4771 e
2642 4724 2684 4772 ri
2719 4731 2834 4772 ante
2867 4735 2894 4770 s

297 4803 468 4867 accipit
502 4807 561 4851 ut
596 4799 724 4868 lego
765 4797 903 4864 legis
944 4795 1087 4862 legor
1120 4795 1259 4862 geris
1296 4805 1346 4846 et
1381 4797 1425 4844 si
1464 4810 1563 4858 qua
1600 4795 1721 4844 talia
1751 4795 1804 4845 B
1941 4795 2009 4846 35
2047 4795 2222 4846 finient
2255 4809 2392 4849 corn
2427 4793 2616 4844 facient
2655 4790 2704 4841 B
