3434 5442
901 362 1000 424 DE
1038 362 1340 424 VLTlMlS
1383 360 1739 424 SYLLABIS
1782 362 1882 424 Vll
1917 363 2083 423 4—7
2662 360 2779 425 241

327 508 340 521 .
373 478 489 521 κη.
513 479 558 522 1³
587 478 635 521 ι».
2396 491 2441 533 p.
2470 478 2535 520 oo.
2557 476 2609 519 το
2636 476 2684 519 1..

295 492 324 533 p
362 550 712 612 Adiunctivo
757 549 934 610 modo
975 568 1260 629 praesens
1305 558 1363 611 et
1405 552 1789 630 praeteritum
1834 549 2248 631 imperfectum
2299 567 2405 611 seu
2448 548 2786 630 plusquam·

185 652 524 729 perfectum
567 659 801 730 tempus
845 653 1102 731 optativo
1133 651 1308 713 modo
1353 653 1647 732 congruit.
1709 651 2037 731 perfectum
2084 670 2225 713 vero
2270 660 2503 733 tempus
2550 654 2785 713 numeri

181 751 510 830 singularis
552 755 610 813 in
645 752 920 814 omnibus
963 756 1238 831 personis
1274 756 1539 816 omnium
1572 756 2048 833 coniugationum
2092 752 2483 834 paenultimas
2524 753 2787 815 ultimas-

181 873 308 933 que
349 853 606 934 syllabas
659 853 874 917 breves
929 854 1135 926 habet,
1193 863 1259 917 ut
1301 876 1436 917 cum
1489 854 1863 917 clamaverim
1910 854 2253 917 clamaveris
2297 854 2667 927 clamaverit,
2726 862 2789 915 ut

181 974 328 1016 cum
395 957 730 1017 monuerim
795 957 1098 1018 monueris
1153 960 1478 1028 monuerit,
1551 966 1620 1019 ut
1671 976 1807 1019 cum
1862 958 2145 1019 audierim
2176 956 2462 1019 audieris
2519 956 2783 1026 audierit,
2838 990 2863 1028 5

183 1065 250 1117 ut
298 1076 442 1119 cum
477 1057 820 1120 scribserim
851 1054 878 1141 ss
909 1058 1218 1121 scribseris
1260 1059 1596 1127 scribserit;
1643 1058 1856 1139 plurali
1897 1069 2093 1121 autem
2136 1076 2385 1121 numero
2422 1060 2483 1119 in
2514 1058 2787 1119 omnibus

181 1166 476 1237 quattuor
520 1161 998 1237 coniugationum
1045 1160 1236 1221 modis
1278 1178 1564 1239 personas
1608 1162 1785 1231 duas,
1832 1163 2084 1241 primam
2128 1168 2187 1223 et
2229 1160 2577 1231 secundam,
2636 1178 2787 1240 quae

181 1260 610 1339 paenultimam
655 1280 892 1341 semper
925 1262 1292 1340 producunt:
1338 1262 1540 1324 ultima
1575 1281 1715 1325 vero
1758 1264 2097 1341 corripitur.
2162 1263 2333 1324 tertia
2364 1279 2503 1323 vero
2532 1278 2787 1340 persona

183 1362 616 1441 paenultimam
677 1365 950 1442 corripit,
1019 1370 1086 1424 ut
1143 1382 1278 1425 cum
1347 1364 1695 1427 donaverint
1758 1366 2097 1427 monuerint
2154 1363 2447 1425 audierint
2513 1362 2784 1442 legerint.

181 1473 462 1544 tempore
504 1466 704 1528 futuro
747 1464 860 1527 alio
919 1464 1076 1545 (nam
1119 1466 1236 1528 duo
1289 1469 1526 1547 recipit,
1585 1470 1865 1546 quoniam
1917 1468 2178 1547 primum
2233 1465 2496 1527 futurum
2551 1472 2785 1544 tempus
2816 1493 2863 1531 10

185 1568 394 1629 futuro
441 1568 696 1645 tempori
727 1567 906 1628 modo
949 1569 1386 1646 pronuntiative
1426 1572 1738 1651 consentit.)
1780 1570 1972 1649 prima
2015 1586 2271 1647 persona
2304 1565 2620 1646 singularis
2663 1567 2786 1630 sola

183 1670 568 1731 novissimam
615 1666 896 1748 syllabam
950 1668 1188 1748 longam
1243 1669 1454 1741 habet,
1513 1679 1580 1733 ut
1619 1671 1916 1732 donavero
1962 1688 2286 1739 monuero;
2352 1676 2585 1733 ceterae
2637 1670 2789 1731 duae

183 1770 512 1851 singularis
557 1796 594 1831 ιι
639 1770 964 1849 eademque
999 1772 1257 1849 primam
1301 1772 1721 1851 paenultimam
1749 1772 1989 1834 brevem
2029 1772 2341 1851 recipiunt,
2384 1780 2450 1832 ut
2490 1771 2787 1833 donavero

185 1872 506 1934 donaveris
565 1872 886 1934 donaverit.
970 1871 1186 1951 plurali
1238 1891 1488 1935 numero
1535 1876 1729 1954 prima
1785 1881 1844 1935 et
1892 1872 2153 1935 secunda
2209 1890 2463 1951 persona
2522 1874 2785 1935 omnium

185 1974 678 2053 coniugationum
723 1972 1146 2054 paenultimam
1189 1972 1426 2053 longam
1471 1985 1532 2037 et
1570 1974 1835 2037 ultimam
1874 1975 2117 2037 brevem
2164 1975 2414 2045 habent,
2461 1984 2525 2036 ut
2568 1974 2782 2035 clama·
2816 2001 2863 2041 ιε»

187 2077 454 2137 vei-imus
496 2074 916 2147 clamaveritis,
962 2078 1368 2139 monuerimus
1413 2079 1787 2147 monueritis,
1839 2076 2199 2138 audierimus
2236 2076 2568 2147 audieritis,
2622 2076 2784 2138 dixe·

185 2178 378 2239 rimus
423 2177 702 2238 dixeritis.
793 2179 964 2239 tertia
1007 2196 1264 2258 persona
1305 2181 1567 2240 omnium
1613 2178 2032 2259 paenultimam
2078 2178 2317 2240 brevem
2360 2177 2556 2240 habet.

359 2280 688 2341 Infinitivus
732 2279 942 2341 modus
993 2288 1266 2361 tempore
1319 2281 1615 2359 praesenti
1667 2279 1972 2358 productis
2030 2280 2219 2341 tribus
2274 2278 2785 2359 coniugationibus

187 2380 609 2460 paenultimam
653 2379 890 2459 longam
932 2381 1144 2452 babet,
1198 2390 1265 2443 ut
1305 2381 1652 2461 ‘plausae
1708 2383 2032 2444 sonitum
2092 2382 2418 2443 cervicis
2469 2383 2783 2449 amare';

185 2486 328 2545 item
377 2484 598 2545 docere
641 2501 904 2545 monere.
977 2482 1274 2545 interdum
1322 2492 1516 2545 tamen
1561 2486 1622 2545 in
1666 2484 1925 2546 secunda
1972 2483 2383 2561 coniugatione
2426 2482 2783 2562 paenultima
2810 2506 2863 2548 πο

185 2584 412 2663 syllaba
457 2586 809 2663 corripitur,
868 2591 934 2647 ut
975 2582 1314 2647 ‘fervere
1351 2585 1766 2648 Leucaten'
1806 2583 1817 2666 1
1858 2592 1917 2647 et
1960 2585 2151 2647 ‘cum
2210 2584 2441 2645 litora
2484 2583 2784 2646 fervere

187 2686 395 2748 late’.
445 2686 548 2749 sed
580 2688 640 2747 in
676 2686 792 2747 boc
829 2686 1012 2748 verbo
1051 2694 1218 2748 recte
1259 2688 1596 2766 corripitur,
1642 2688 1924 2767 quoniam
1969 2686 2194 2766 antiqui
2234 2686 2464 2747 tertiam
2504 2686 2785 2764 coniuga-

187 2790 412 2851 tionem
461 2789 646 2868 magis
687 2806 862 2869 quam
905 2788 1226 2850 secundam
1271 2808 1404 2851 esse
1441 2787 1772 2858 voluerunt,
1814 2796 1877 2849 ut
1920 2787 2178 2850 Lucilius

1115 2889 1349 2953 fervit
1392 2908 1612 2963 nunc,
1658 2892 1907 2952 fervet
1952 2891 2038 2951 ad
2082 2907 2376 2959 annum,

191 3002 249 3054 et
285 2992 606 3055 Terentius
649 2995 710 3053 in
754 2992 1036 3071 Adelphis
2810 3016 2860 3055 25

498 3094 664 3157 dum
702 3096 936 3157 fervit
977 3097 1288 3158 maxime
1333 3104 1474 3156 tam
1519 3092 1895 3174 placidum
1942 3111 1998 3175 q.
2046 3110 2096 3153 r.
2139 3138 2152 3152 .

191 3216 336 3276 ergo
403 3214 612 3259 errare
653 3208 984 3259 noscuntur
1043 3197 1106 3259 hi
1160 3199 1261 3276 qui
1309 3195 1624 3276 Vergilium
1675 3204 1947 3257 nostrum
1998 3194 2235 3271 longam
2294 3210 2403 3271 pro
2457 3192 2623 3254 brevi
2679 3213 2783 3272 po-

192 3302 384 3361 suisse
429 3306 656 3377 putant,
707 3306 776 3360 ut
815 3301 880 3361 in
922 3300 1015 3361 liis
1061 3300 1326 3361 versibus
1369 3295 1608 3377 longam
1653 3316 1761 3377 pro
1805 3296 1971 3358 brevi
2012 3313 2152 3357 sane
2196 3297 2407 3374 posuit,

501 3400 681 3463 illae
723 3408 968 3463 autem
1011 3400 1322 3481 paribus
1373 3418 1560 3482 quas
1606 3398 1909 3478 fulgere
1951 3398 2206 3460 cernis

193 3513 252 3565 et
285 3504 663 3581 ‘auroque
705 3502 1142 3582 effulgere'.
1209 3522 1351 3564 nam
1391 3504 1520 3565 sine
1565 3502 1746 3564 dubio
1782 3500 1957 3563 liuius
2005 3498 2167 3561 verbi
2210 3498 2467 3561 secunda
2517 3506 2603 3560 est
2642 3517 2780 3558 con·
2809 3522 2860 3563 ³0

193 3606 433 3683 iugatio,
476 3622 628 3685 quae
657 3604 834 3667 debet
861 3604 1130 3683 produci.
1201 3607 1320 3667 iam
1367 3606 1572 3667 tertiae
1607 3603 2039 3681 coniugationis
2083 3603 2409 3681 productae
2449 3599 2783 3680 exemplum

193 3706 502 3779 subiciam,

503 3817 574 3870 et
617 3808 917 3871 stabulo
965 3808 1226 3871 frenos
1271 3808 1530 3871 audire
1577 3816 1960 3871 sonantes.

196 3912 368 3973 tertia
397 3912 735 3990 coniugatio
765 3919 1037 3991 correpta
1081 3919 1347 3991 tempore
1389 3912 1688 3989 praesenti
1734 3908 2151 3990 paenultimam
2182 3908 2423 3970 brevem
2454 3907 2683 3987 recipit,
2722 3917 2786 3967 ut

505 4021 580 4073 tu
627 4013 956 4075 calamos
997 4012 1274 4075 inflare
1317 4011 1546 4083 leves,
1595 4031 1729 4092 ego
1774 4012 2031 4073 dicere
2073 4028 2352 4071 versus,
2810 4025 2861 4065 aa

199 4114 397 4177 ultima
443 4124 642 4177 autem
676 4115 900 4196 syllaba
941 4117 1002 4177 in
1047 4114 1324 4177 omnibus
1365 4112 1875 4193 coniugationibus
1918 4111 2113 4174 brevis
2143 4118 2247 4173 est.
2304 4118 2571 4190 tempore
2610 4127 2782 4189 prae-

199 4219 368 4279 terito
403 4223 703 4295 postrema
746 4235 982 4297 semper
1026 4216 1248 4296 ubique
1293 4216 1490 4279 brevis
1533 4200 1641 4286 e'st,
1687 4222 1755 4276 ut
1780 4212 1809 4298 ΙΙ

197 4354 320 4403 aad.
361 4354 738 4405 Lindemann&
875 4354 912 4404 8
944 4368 1146 4420 semper
1181 4354 1478 4421 producitur
1511 4352 1564 4403 B
1728 4352 1793 4403 12
1832 4358 2061 4401 caeterae
2093 4350 2227 4399 duae
2258 4348 2534 4414 singularis
2570 4346 2785 4398 eandem

201 4425 412 4487 primam
449 4431 600 4487 atque
635 4424 966 4489 penultimam
999 4438 1063 4482 5:
1119 4434 1318 4475 ceterae
1353 4424 1486 4473 duae
1523 4420 1821 4487 singularia,
1861 4420 2143 4483 eademque
2180 4420 2373 4485 prima,
2424 4418 2785 4483 paenultimam

201 4494 397 4573 brevem
435 4494 688 4558 recipiunt
725 4492 1012 4545 Freundius
1044 4496 1215 4547 annal.
1251 4492 1429 4573 philol.
1455 4508 1564 4544 nov.
1586 4492 1634 4542 V
1663 4492 1741 4549 (a.
1766 4488 1925 4553 1832)
1954 4506 2009 4553 p.
2032 4490 2120 4541 99.
2154 4490 2383 4551 fortasse
2417 4498 2613 4536 ceterae
2652 4486 2787 4535 duae

199 4564 728 4699 ἲιῧέἐξῖἱῖἱῖῗνὲἷὲ
744 4564 1220 4685 Ἀῖί““ῧῗῖῗ“ἔπ“
1265 4576 1492 4697 Ρ”“’ἕ.ἲω]
1542 4561 1710 4696 Ver?
1742 4557 1995 4681 {Ltssffi‘i}
2033 4560 2199 4679 :3552
2230 4556 2673 4690 vergat-,321
2714 4625 2783 4689 ef.

203 4704 456 4753 Priscian.
488 4706 586 4753 vol.
627 4705 644 4752 1
673 4718 727 4765 p.
751 4703 858 4753 479
884 4704 940 4753 11
1075 4704 1144 4753 25
1180 4704 1228 4751 in
1265 4700 1536 4767 Adelphis]
1573 4702 1664 4751 llll
1706 4700 1752 4763 1,
1798 4700 1860 4750 18
2000 4700 2069 4749 26
2102 4695 2228 4763 tam]
2264 4706 2334 4747 tm
2378 4698 2429 4747 B
2535 4696 2603 4748 29
2638 4692 2781 4759 illue]

209 4772 358 4835 Vera.
399 4774 530 4824 Aen.
569 4774 640 4823 Vt
675 4772 779 4825 827
989 4770 1058 4823 30
1093 4787 1318 4835 auroque
1356 4772 1426 4821 el'.
1467 4773 1548 4823 B.-
1592 4774 1749 4834 Very.
1793 4768 1923 4819 Aen.
1966 4769 2075 4819 Vlll
2110 4770 2211 4821 077
2402 4764 2471 4817 33
2504 4764 2577 4831 et]
2626 4768 2784 4830 Ver-y.

199 4858 365 4904 year-51.
407 4844 470 4893 ΙΙΙ
523 4844 620 4895 184
763 4842 832 4893 35
869 4840 946 4907 tu]
995 4844 1154 4907 Ver-9.
1193 4841 1358 4893 bucol.
1393 4842 1447 4905 5,
1487 4848 1518 4892 2
1660 4856 1758 4905 ego
1796 4841 1845 4889 d.
1878 4855 1922 4889 c.
1962 4857 2006 4889 c.
2048 4855 2111 4891 m.
2154 4838 2330 4887 ultima
2368 4837 2418 4887 B

301 4949 632 4992 assamur.
663 4949 810 4992 Lar.
843 4948 966 4989 1111.
2307 4924 2380 4985 16
