3434 5442
680 330 801 391 172
1859 330 2089 394 PROBl

776 462 825 502 p·
852 448 1007 491 aaa-5
1036 448 1090 491 R.
2869 461 2915 501 p.
2941 450 3038 489 4⁰¹1.
3057 452 3082 489 8
3109 450 3162 489 V.

676 540 811 582 cum
859 518 947 581 vel
974 520 1025 580 si
1064 520 1383 599 rapiamu3‚
1428 538 1563 579 cum
1604 518 1695 580 vei
1727 521 1778 580 si
1821 518 2085 598 rapiatiS,
2135 536 2268 579 cum
2313 517 2401 579 vel
2431 520 2480 579 si
2523 521 2786 601 rapiant:
2831 520 3046 581 eodem
3089 522 3268 583 modo

674 631 945 703 tempore
986 624 1308 701 praeterito
1346 622 1542 701 specie
1578 620 1923 700 imperiecta
1969 622 2086 682 sive
2127 622 2322 683 minus
2367 640 2546 701 quam
2588 622 2854 702 perfecta
2891 622 2980 684 vel
3019 622 3268 685 inchoa-

674 728 785 787 tiva
830 728 1067 785 numeri
1106 721 1423 801 singularis
1470 740 1603 783 cum
1652 722 1738 783 vel
1785 724 1834 784 si
1875 738 2182 802 raperem,
2241 740 2378 783 cum
2423 721 2512 784 vel
2557 726 2608 784 si
2651 742 2932 804 rapereS,
2995 743 3132 785 cum
3177 725 3268 787 vel

672 829 723 889 si
766 832 1035 906 raperet3
1106 826 1341 887 numeri
1394 822 1638 905 pluralis
1690 842 1826 885 cum
1874 823 1964 886 vel
2005 824 2057 885 si
2103 842 2484 905 raperemuS,
2543 843 2681 887 cum
2723 825 2816 887 vel
2859 828 2912 887 si
2957 829 3264 906 raperetiS,

618 954 645 993 5
674 948 809 991 cum
862 928 954 989 vel
996 930 1045 990 si
1100 932 1411 1008 raperent:
1486 925 1694 987 eodem
1754 925 1932 987 modo
1983 926 2194 989 eodem
2250 933 2521 1007 tempore
2574 927 2772 1007 specie
2825 928 3092 1008 perfecta
3143 930 3268 990 sive

670 1030 939 1093 absoluta
982 1032 1216 1092 numeri
1258 1028 1572 1106 singularis
1616 1047 1751 1089 cum
1797 1028 1888 1089 vel
1931 1030 1979 1090 si
2023 1032 2346 1109 rapuerim,
2393 1048 2530 1091 cum
2571 1028 2664 1091 vel
2699 1032 2753 1091 si
2790 1032 3083 1110 rapueris,
3129 1051 3264 1093 cum

670 1132 759 1195 vel
799 1136 849 1195 si
893 1134 1188 1213 rapuerit:
1233 1132 1470 1193 numeri
1510 1129 1754 1212 pluralis
1794 1148 1928 1192 cum
1975 1130 2065 1193 vel
2105 1133 2153 1192 si
2189 1133 2592 1212 rapuerimus,
2645 1150 2778 1193 cum
2822 1131 2914 1194 vel
2955 1135 3008 1193 si
3047 1151 3264 1213 rapue-

670 1237 815 1306 ritis,
862 1254 997 1296 cum
1044 1233 1134 1296 vel
1162 1235 1211 1295 si
1254 1234 1592 1315 rapuerint:
1644 1234 1852 1296 eodem
1894 1234 2069 1295 modo
2113 1232 2322 1295 eodem
2365 1240 2634 1315 tempore
2675 1235 2872 1314 specie
2913 1234 3262 1315 plusquam-

668 1339 933 1419 perfecta
976 1339 1097 1399 sive
1142 1336 1506 1399 recordativa
1550 1332 1643 1399 vel
1687 1342 1890 1397 exacta
1939 1338 2172 1398 numeri
2216 1334 2530 1414 singularis
2585 1354 2720 1397 cum
2763 1336 2853 1398 vel
2891 1338 2901 1415 Ι
2939 1338 2990 1399 si
3032 1340 3264 1417 rapuis-

597 1460 647 1501 ιο
674 1459 819 1509 sem,
874 1458 1009 1501 cum
1050 1438 1141 1501 vel
1184 1440 1233 1499 si
1274 1440 1591 1518 rapuisseS,
1636 1456 1772 1499 cum
1823 1436 1908 1499 vel
1951 1439 2001 1499 si
2043 1440 2365 1519 rapuisset;
2430 1437 2665 1499 numeri
2705 1436 2952 1518 pluralis
2997 1458 3134 1500 cum
3177 1438 3264 1499 vei

670 1545 719 1604 si
760 1544 1179 1624 rapuissemus‚
1228 1559 1359 1603 cum
1405 1539 1493 1601 vel
1536 1540 1585 1599 si
1628 1540 1990 1619 rapuissetis,
2040 1559 2174 1602 cum
2217 1540 2306 1601 vel
2337 1542 2388 1601 si
2413 1542 2780 1620 rapuissent:
2827 1540 3040 1603 eodem
3085 1542 3262 1602 modo

668 1653 937 1726 tempore
980 1645 1177 1705 futuro
1223 1643 1455 1705 numeri
1504 1640 1818 1720 singularis
1863 1660 1996 1704 cum
2041 1641 2130 1703 vel
2161 1644 2209 1703 si
2251 1660 2528 1722 rapuero,
2567 1660 2704 1703 cum
2743 1640 2832 1703 vel
2875 1643 2924 1703 si
2969 1645 3264 1724 rapueris,

670 1766 807 1810 cum
848 1746 941 1807 vel
984 1748 1033 1807 si
1088 1746 1381 1826 rapuerit:
1454 1746 1689 1805 numeri
1731 1742 1976 1824 pluralis
2029 1762 2164 1805 cum
2208 1743 2300 1805 vel
2343 1745 2393 1804 si
2433 1746 2842 1825 rapuerimus,
2901 1764 3036 1807 cum
3081 1744 3174 1807 vel
3217 1749 3266 1806 si

668 1850 1015 1930 rapueritiS,
1072 1867 1207 1909 cum
1256 1847 1345 1908 vel
1402 1848 1451 1907 si
1500 1848 1828 1927 rapuerint.
1915 1846 2096 1907 modo
2147 1845 2506 1926 inpersonali
2561 1848 2822 1908 numeris
2875 1854 2934 1908 et
2991 1849 3266 1927 personis

596 1970 643 2009 ιε
670 1953 929 2015 confusis
987 1960 1256 2030 tempore
1310 1950 1603 2029 praesenti
1670 1948 1793 2010 sive
1855 1950 2096 2010 instanti
2147 1951 2408 2029 rapitur,
2487 1949 2693 2010 eodem
2747 1949 2928 2011 modo
2991 1957 3266 2029 tempore

668 2056 989 2136 praeterito
1024 2054 1225 2134 specie
1260 2050 1603 2131 imperfecta
1646 2052 1767 2113 sive
1809 2052 2006 2113 minus
2043 2069 2221 2129 quam
2261 2050 2526 2131 perfecta
2569 2049 2661 2111 vel
2699 2050 3028 2113 inchoativa
3065 2054 3264 2132 rapie-

667 2157 873 2225 batur,
938 2156 1147 2216 eodem
1191 2152 1367 2214 modo
1420 2152 1629 2214 eodem
1672 2159 1942 2233 tempore
1993 2154 2190 2234 specie
2231 2153 2492 2233 perfecta
2536 2154 2658 2213 sive
2697 2153 2965 2215 absoluta
3023 2162 3266 2233 raptum

668 2266 759 2322 est
802 2264 861 2320 et
904 2257 1185 2319 ulteriore
1222 2255 1485 2336 perfecta
1526 2262 1763 2335 raptum
1808 2257 1944 2325 suit,
2013 2255 2220 2317 eodem
2269 2255 2443 2316 modo
2491 2254 2702 2316 eodem
2745 2262 3016 2334 tempore
3059 2258 3268 2335 speeie

665 2358 1242 2442 plusquamperfecta
1278 2358 1397 2419 sive
1435 2358 1804 2419 recordativa
1847 2356 1936 2419 vel
1983 2364 2184 2420 exacta
2227 2365 2464 2437 raptum
2505 2364 2632 2418 erat
2671 2364 2729 2419 et
2771 2356 3055 2419 ulteriore
3095 2356 3268 2438 pius-

588 2480 641 2521 πο
668 2460 1108 2544 quamperi'ecta
1152 2462 1273 2521 sive
1308 2459 1673 2522 recordativa
1724 2460 1813 2521 vel
1849 2466 2050 2522 exacta
2095 2465 2330 2539 raptum
2374 2458 2584 2529 fuerat,
2631 2460 2843 2521 eodem
2889 2460 3066 2521 modo
3113 2468 3268 2520 tem-

664 2582 815 2645 pore
860 2564 1059 2623 suturo
1103 2564 1388 2641 rapietur.
1420 2558 1447 2644 ΙΙ
1476 2562 1730 2640 gerundi
1771 2570 1908 2623 sunt
1949 2562 2128 2633 haec,
2175 2561 2448 2641 rapiendi
2491 2560 2582 2622 vei
2621 2562 2924 2641 rapiandi,
2973 2562 3268 2640 rapiendo

664 2666 753 2728 vel
796 2664 1116 2745 rapiundo,
1171 2664 1523 2743 rapiendum
1568 2663 1657 2725 vel
1700 2664 2088 2743 rapiundum,
2145 2672 2399 2743 raptum.
2487 2669 2760 2743 tempora
2807 2666 3264 2743 participiorum

666 2768 980 2830 trahuntur
1032 2766 1107 2827 ab
1154 2766 1270 2829 hoc
1315 2764 1494 2829 verbo
1540 2766 1726 2828 activo
1775 2766 1924 2837 duo,
1980 2784 2262 2847 praesens
2309 2767 2582 2846 rapiens,
2643 2766 2911 2827 futurum
2955 2772 3264 2847 rapturus,

664 2890 883 2933 nomen
916 2878 1139 2948 raptor,
1192 2867 1503 2949 appellatio
1546 2874 1808 2948 raptura.

586 2990 637 3032 25
833 2971 1157 3034 Declinatio
1193 2971 1422 3052 passiva
1468 2971 1673 3032 tertiae
1716 2970 2146 3048 coniugationis
2187 2978 2518 3050 correptae.
2589 2970 2790 3049 rapior
2833 2969 3080 3032 verbum
3121 2990 3264 3051 pas-

662 3077 851 3137 sivum
894 3074 1204 3137 indicativo
1258 3075 1379 3135 sive
1421 3074 1858 3152 pronuntiativo
1913 3072 2092 3133 modo
2147 3072 2370 3133 dictum
2427 3074 2710 3152 temporis
2759 3074 3090 3151 praesentis
3135 3074 3264 3135 sive

661 3180 933 3239 instantis
982 3178 1217 3238 numeri
1274 3174 1589 3255 singularis
1642 3176 1868 3254 figurae
1922 3176 2286 3253 compositae
2339 3192 2633 3255 personae
2688 3176 2918 3255 primae
2971 3176 3262 3254 coniuga-

660 3266 841 3341 tionis
882 3281 1093 3341 tertiae
1138 3286 1476 3359 correptae,
1533 3278 1689 3359 quod
1737 3276 2129 3338 declinabitur
2173 3278 2276 3338 sic.
2367 3278 2544 3338 modo
2587 3276 2900 3339 indicativo
2949 3278 3068 3338 sive
3115 3296 3263 3357 pro-

662 3383 981 3443 nuntiativo
1024 3382 1313 3461 temporis
1343 3382 1672 3461 praesentis
1714 3381 1835 3441 sive
1869 3379 2136 3439 instantis
2177 3380 2412 3441 numeri
2441 3378 2758 3457 singularis
2793 3380 2994 3459 rapior
3027 3382 3265 3459 raperis

583 3500 637 3542 ao
662 3488 907 3564 rapitur,
953 3485 1183 3545 numeri
1221 3482 1467 3564 pluralis
1506 3484 1772 3563 rapimus
1815 3481 2088 3561 rapimini
2131 3482 2470 3561 rapiuntur:
2517 3482 2726 3543 eodem
2757 3480 2936 3542 modo
2981 3488 3264 3561 tempore

660 3587 979 3666 praeterito
1012 3586 1211 3665 specie
1246 3584 1593 3665 imperfecta
1637 3586 1758 3645 sive
1785 3586 1982 3645 minus
2013 3601 2188 3662 quam
2221 3583 2480 3663 perfecta
2519 3583 2610 3645 vel
2651 3582 2980 3645 inchoativa
3015 3586 3264 3646 numeri

662 3685 975 3765 singularis
1018 3686 1295 3767 rapiebar
1339 3685 1667 3766 rapiebaris
1712 3684 2086 3766 rapiebatur,
2143 3687 2376 3747 numeri
2429 3683 2677 3765 pluralis
2730 3685 3112 3766 rapiebamur
3157 3704 3260 3747 ra-

661 3788 978 3868 piebamini
1021 3788 1437 3868 rapiebantur:
1510 3788 1717 3853 eodem
1752 3787 1936 3871 ⁸modo
1989 3788 2199 3849 eodem
2239 3794 2510 3868 tempore
2565 3788 2764 3866 specie
2805 3788 3071 3867 perfecta
3133 3790 3258 3849 sive

661 3889 931 3953 absoluta
980 3892 1214 3952 numeri
1246 3890 1559 3970 singularis
1600 3899 1807 3970 raptus
1847 3908 1978 3950 sum
2023 3896 2228 3969 raptus
2271 3908 2336 3951 es
2379 3898 2586 3969 raptus
2629 3896 2732 3959 est,
2781 3892 3010 3951 numeri
3050 3888 3260 3969 plura-

584 4002 635 4045 ³⁵
661 3993 734 4054 lis
776 3994 928 4074 rapti
969 4011 1175 4055 sumus
1228 3994 1382 4074 rapti
1421 3995 1560 4055 estis
1610 3994 1765 4073 rapti
1807 3998 1971 4060 sunt:
2049 4000 2108 4053 et
2157 3990 2440 4053 ulteriore
2495 3993 2761 4071 perfecta
2815 3994 2938 4053 sive
2979 3991 3256 4055 absoluta

660 4097 895 4157 numeri
936 4094 1251 4175 singularis
1294 4104 1498 4174 raptus
1535 4097 1621 4156 fui
1665 4103 1874 4176 raptus
1921 4093 2076 4154 suisti
2122 4101 2326 4173 raptus
2371 4092 2498 4163 suit,
2539 4096 2770 4155 numeri
2808 4092 3056 4174 pluralis
3091 4096 3256 4173 rapti

658 4199 879 4260 fuimus
932 4200 1087 4280 rapti
1129 4199 1320 4259 fuistis
1372 4201 1528 4277 rapti
1571 4199 1813 4259 fuerunt
1856 4194 1944 4257 vel
1983 4195 2181 4257 fuere:
2255 4195 2464 4257 eodem
2507 4196 2686 4257 modo
2731 4196 2938 4257 eodem
2982 4203 3256 4275 tempore

658 4301 855 4379 specie
897 4298 1476 4381 plusquamperfecta
1532 4302 1653 4361 sive
1697 4298 2062 4360 recordativa
2107 4298 2198 4359 vel
2243 4306 2447 4359 exacta
2504 4300 2740 4361 numeri
2787 4296 3103 4377 singularis
3156 4316 3256 4359 ra-

658 4408 795 4480 ptus
840 4420 1001 4463 eram
1062 4409 1267 4481 raptus
1324 4420 1455 4463 eras
1514 4409 1722 4481 raptus
1773 4407 1931 4469 erat,
2003 4402 2237 4461 numeri
2289 4399 2536 4481 pluralis
2595 4402 2750 4480 rapti
2801 4418 3039 4461 eramus
3095 4402 3256 4479 rapti

554 4516 633 4569 1⁴⁰
662 4504 839 4564 eratis
878 4506 1032 4585 rapti
1062 4511 1259 4573 erant3
1304 4510 1362 4565 et
1391 4502 1691 4589 ullteriore
1735 4501 2317 4597 plusquamperfecta
2361 4503 2482 4564 sive
2511 4502 2882 4564 recordativa
2917 4501 3010 4563 vel
3045 4510 3254 4565 exacta

800 4749 865 4801 16
904 4749 1195 4800 inchoatiua
1232 4750 1281 4801 B
1320 4750 1559 4801 inchoata
1592 4751 1639 4801 R
1747 4750 2040 4815 rapiebatur
2072 4765 2131 4799 νυ
2169 4750 2440 4814 rapebatur
2471 4750 2521 4801 R
2629 4750 2693 4800 17
2731 4748 2967 4801 absoluta
3001 4766 3031 4799 v
3069 4757 3256 4800 exacta

657 4819 757 4871 RB
898 4820 963 4870 27
1000 4818 1195 4885 figurae
1232 4821 1485 4886 simplicis
1518 4821 1686 4873 editor·
1727 4818 2132 4871 Vindobonensia
