3434 5442
1369 337 1791 400 PRAEFATIO
2746 358 2869 404 xxl

275 547 415 590 rum
443 545 610 610 quos
643 522 991 611 appellant
1019 523 1222 588 libros
1252 523 1674 610 inspicerent,
1724 525 1837 590 sed
1868 537 2218 612 praecepta
2246 525 2548 611 aliorum,
2596 552 2869 614 quorum

279 627 662 692 auctoritate
707 629 779 691 in
823 625 1162 692 veteribus
1208 625 1484 692 citandis
1530 627 1634 692 usi
1678 636 1895 709 erant,
1956 651 2105 693 cum
2150 631 2622 717 antiquioribus
2668 655 2868 716 prave

278 732 649 810 miscerent,
695 751 828 794 non
873 730 1090 793 omnia
1130 729 1198 793 in
1240 728 1362 793 hoc
1405 751 1642 814 genere
1688 731 1845 794 satis
1890 739 2191 795 accurate
2236 734 2581 797 memoriae
2611 735 2870 818 prodita

281 841 447 898 sunt.
519 831 747 918 itaque
789 839 868 896 ut
908 851 1168 908 omnem,
1206 830 1404 895 Probi
1445 833 1851 912 memoriam,
1897 854 2064 919 quae
2108 834 2367 920 quidem
2414 835 2497 899 ad
2540 834 2739 900 libros
2786 835 2867 900 de

282 944 416 1000 arte
457 934 890 1019 grammatica
933 934 1236 1018 script08‚
1293 931 1360 996 in
1417 932 1654 1020 quibus
1711 957 1883 999 nunc
1937 958 2301 1018 vereamur,
2360 938 2668 1022 pertinet,
2726 960 2867 1025 per-

280 1057 544 1122 sequar,
600 1035 856 1120 reliqua
910 1056 1199 1122 quoque,
1263 1056 1429 1122 quae
1484 1035 1608 1100 hoc
1650 1038 1909 1102 nomine
1952 1037 2280 1123 adscripto
2326 1037 2500 1124 apud
2547 1061 2863 1124 gramma-

277 1141 440 1204 ticos
483 1137 686 1202 citata
726 1136 970 1217 inveni,
1019 1135 1408 1201 adscribam.
1475 1146 1541 1203 et
1583 1137 1888 1224 quoniam
1930 1138 2254 1225 quaedam
2298 1161 2382 1204 ex
2436 1141 2537 1206 his
2580 1142 2675 1206 ita
2716 1165 2865 1207 cum

279 1240 596 1304 Diomede
641 1239 1080 1320 consentiunt,
1125 1245 1200 1302 ut
1242 1239 1326 1304 ad
1370 1239 1646 1304 eundem
1687 1239 1955 1322 librum,
2002 1262 2128 1328 quo
2173 1241 2283 1305 ille
2326 1263 2483 1306 usus
2515 1252 2642 1324 est,
2688 1244 2863 1309 vide-

281 1352 470 1408 antur
525 1341 872 1406 referenda
923 1362 1102 1422 esse,
1169 1340 1298 1404 alia
1361 1340 1807 1406 institutorum
1865 1342 2104 1408 librum
2168 1344 2263 1408 ita
2322 1353 2707 1430 sequuntur,
2770 1355 2863 1426 ut,

281 1445 578 1532 quamvis
617 1464 746 1508 non
790 1441 984 1529 plane
1027 1465 1177 1508 cum
1217 1443 1300 1506 iis
1347 1464 1513 1528 quae
1555 1445 1622 1507 in
1661 1444 1774 1508 illo
1820 1443 2123 1530 leguntur
2166 1447 2600 1528 consentiant,
2648 1457 2862 1513 tamen

283 1570 371 1612 ex
419 1547 520 1611 his
575 1547 712 1631 peti
768 1544 1127 1630 potuerint,
1196 1553 1260 1610 et
1313 1544 1652 1610 Diomedis
1713 1555 1779 1610 et
1830 1547 2037 1632 ipsius
2091 1545 2290 1611 Probi
2349 1546 2554 1628 locos,
2622 1549 2733 1634 qui
2794 1549 2863 1614 in

286 1650 508 1716 eodem
551 1655 934 1733 argumento
977 1656 1352 1725 versantur,
1397 1647 1730 1728 indicabo,
1776 1669 1903 1734 quo
1944 1647 2205 1713 facilius
2247 1648 2689 1734 intellegatur,
2736 1673 2863 1736 quo

286 1773 574 1838 quaeque
615 1751 1007 1835 pertineant.
1085 1747 1270 1814 Serv.
1314 1751 1383 1814 in
1425 1749 1600 1814 Don.
1651 1758 1800 1829 434,
1855 1757 1892 1821 8
1934 1756 2111 1834 quod·
2141 1755 2292 1815 dicit
2334 1756 2413 1814 ab
2456 1756 2550 1816 bis
2592 1758 2869 1817 mulabus

279 1859 515 1930 filiabus
567 1857 792 1916 deabus
847 1872 957 1916 nos
1010 1856 1214 1916 dicere
1268 1856 1515 1929 debere,
1579 1857 1887 1916 sciendum
1941 1864 2030 1917 est
2069 1863 2331 1933 propter
2383 1863 2869 1919 testamentorum

287 1962 720 2021 necessitatem:
777 1975 920 2018 nam
972 1959 1126 2018 haec
1172 1973 1384 2034 pauca
1426 1959 1577 2018 dicit
1621 1958 1855 2019 Probus
1897 1965 2115 2020 contra
2159 1965 2351 2020 artem
2394 1977 2521 2021 esse
2560 1966 2861 2037 suscepta,

287 2059 568 2144 Pompei.
598 2079 664 2143 Ρ.
699 2055 822 2124 176
864 2061 976 2120 sed
1013 2062 1172 2120 scire
1191 2085 1195 2090 ·
1215 2059 1390 2119 debes
1433 2063 1718 2134 quoniam
1763 2062 1993 2121 Probus
2036 2064 2207 2122 istam
2250 2064 2525 2137 requiam
2569 2064 2869 2139 expressit

287 2171 350 2225 et
389 2166 567 2238 dixit,
615 2165 673 2222 si
711 2164 974 2222 volueris
1015 2164 1190 2236 sequi
1231 2168 1296 2222 ut
1339 2164 1573 2235 omnia,
1623 2164 1728 2223 ubi
1764 2179 1995 2238 qenera
2040 2166 2441 2225 discernenda
2468 2173 2636 2239 sunt,
2687 2167 2869 2224 aliter

283 2265 688 2342 proferantur
743 2267 808 2324 in
865 2265 1130 2324 ablativo
1195 2266 1289 2324 vel
1351 2266 1412 2324 in
1466 2265 1700 2340 dativo,
1774 2267 1921 2325 inci‘
1953 2267 2128 2326 femus
2192 2267 2395 2326 dicere
2449 2252 2859 2338 Romanabus,

281 2387 352 2449 p.
395 2372 513 2432 210
567 2369 659 2427 ait
711 2367 804 2428 sic
847 2366 1122 2439 Probus,
1185 2367 1348 2440 quod
1401 2383 1604 2428 verum
1660 2373 1779 2427 est.
1887 2385 2119 2428 ,bemus
2158 2385 2280 2444 per
2337 2370 2537 2440 omnia
2590 2370 2867 2443 requiam

279 2473 450 2546 sequi
454 2489 478 2540 ,·
521 2471 634 2530 sed
673 2471 731 2528 si
769 2469 1018 2543 quando
1052 2466 1254 2541 suerit
1293 2470 1617 2530 necessitas
1661 2471 2005 2530 testamenti
2042 2469 2373 2545 scribendi,
2424 2478 2568 2531 tunc
2597 2472 2713 2530 ista
2741 2488 2864 2530 ser-

279 2575 482 2633 vanda
535 2579 705 2644 sunt,
768 2573 953 2630 aliter
1007 2585 1161 2644 non,
1224 2589 1286 2651 Ρ.
1335 2573 1454 2635 211
1515 2577 1574 2630 et
1627 2574 1692 2632 in
1749 2578 1984 2632 tantum
2028 2573 2143 2633 boc
2185 2575 2434 2648 putavit
2476 2573 2740 2647 Probus,
2802 2581 2867 2633 ut

277 2679 458 2734 etiam
501 2676 736 2734 dixerit
779 2674 896 2732 ista
939 2672 1124 2732 verba
1153 2675 1410 2746 mutari,
1460 2680 1608 2733 nata
1647 2673 1939 2747 natabuS,
1984 2675 2116 2746 filia
2152 2675 2422 2748 filiabus,
2472 2677 2588 2734 dea
2618 2675 2861 2749 deabus,

275 2780 438 2838 mula
480 2776 760 2838 mulabus
767 2793 792 2844 ;
839 2777 1102 2849 quinque
1132 2776 1341 2850 posuit
1369 2781 1600 2836 tantum
1629 2776 1841 2835 modo:
1886 2771 2081 2836 Prob.
2113 2772 2320 2837 instit.
2354 2779 2467 2853 82,
2516 2782 2615 2842 16.
2679 2772 2863 2838 Serv.

275 2877 346 2938 in
385 2875 561 2940 Don.
596 2881 753 2954 436,
801 2880 880 2942 28
927 2881 1138 2935 neuter
1181 2883 1314 2936 uter
1358 2880 1516 2938 alius
1559 2883 1618 2936 et
1661 2879 1901 2952 reliqua
1943 2884 2182 2939 constat
2222 2895 2349 2939 esse
2391 2881 2668 2953 nomina,
2718 2897 2861 2955 quo-

273 2985 436 3042 niam
481 2981 723 3040 Probus
767 2981 983 3053 viqinti
1023 2984 1080 3038 et
1122 2995 1306 3039 unum
1363 2981 1512 3039 dicit
1566 2996 1691 3039 esse
1724 2983 2126 3056 pronomina,
2186 2981 2274 3041 in'
2309 2981 2521 3057 quibus
2574 2984 2691 3041 ista
2746 2999 2867 3042 non

271 3089 719 3160 conputantur,
781 3075 1047 3141 Cledon.
1096 3100 1160 3162 Ρ.
1209 3085 1372 3147 1906
1417 3082 1650 3142 Probus
1703 3088 1993 3157 quattuor
2048 3085 2277 3159 species
2327 3082 2484 3156 fecit
2532 3089 2767 3143 tantum
2810 3090 2869 3142 et

271 3189 418 3262 ipsis
461 3187 670 3246 omnia
705 3185 1074 3259 pronomina
1124 3184 1392 3258 inposuit
1446 3185 1665 3258 viqinti
1704 3189 1761 3244 et
1806 3200 2019 3257 unum,
2082 3179 2307 3266 Pomp.
2355 3204 2419 3266 p.
2462 3189 2586 3250 260
2631 3187 2869 3246 Probus

267 3289 646 3350 enumeravit
688 3287 892 3346 omnia
924 3288 1326 3360 pronomina,
1375 3291 1435 3344 et
1477 3287 1747 3346 diximus
1792 3291 1911 3346 iam
1955 3289 2237 3361 quoniam
2279 3289 2479 3347 omnia
2502 3290 2867 3363 pronomina

271 3393 486 3466 m'qinti
523 3395 586 3449 et
627 3404 812 3448 uniam
855 3394 1016 3448 sunt.
1093 3389 1156 3447 in
1201 3390 1329 3448 istis
1361 3390 1857 3464 pronominibus,
1908 3405 2064 3464 quae
2104 3390 2349 3464 colleyit
2378 3390 2614 3450 Probus
2657 3392 2875 3463 viqinti

271 3501 328 3552 et
367 3507 587 3564 unum,
657 3493 775 3550 ista
838 3491 915 3549 de
965 3491 1173 3566 quibus
1229 3490 1523 3550 dubitatio
1581 3498 1698 3566 est,
1764 3507 1884 3552 non
1942 3493 2364 3552 inveniuntur:
2420 3486 2615 3552 Prob.
2660 3488 2865 3552 instit.

279 3601 423 3671 131,
469 3597 555 3659 25
599 3611 744 3674 sqq.
831 3586 1058 3674 Pomp.
1105 3610 1169 3673 Ρ.
1216 3596 1296 3658 95
1341 3593 1456 3652 hoc
1497 3593 1692 3654 sciens
1736 3593 1970 3657 Probus
2015 3594 2301 3653 abstinuit
2342 3610 2437 3667 se,
2502 3596 2663 3653 inter
2708 3596 2868 3654 acci-

277 3701 477 3758 dentia
533 3711 775 3770 semper
826 3711 946 3754 non
1012 3694 1172 3754 dixit
1233 3695 1390 3756 illud
1441 3696 1606 3770 quod
1657 3712 1776 3755 non
1832 3711 2153 3770 numquam
2208 3697 2466 3781 accidit;
2540 3712 2692 3768 non,
2762 3698 2869 3756 sed

281 3802 455 3872 divit,
517 3799 754 3858 nomini
793 3797 1082 3858 accidunt
1126 3797 1392 3871 qualitas
1429 3814 1625 3873 qenus
1667 3813 1951 3858 numerus
1986 3799 2201 3871 fiqura
2216 3841 2234 3875 ,
2293 3804 2351 3858 et
2393 3814 2514 3858 non
2571 3799 2682 3858 dat
2724 3816 2867 3859 con-

281 3905 655 3978 parationem
701 3900 969 3960 nomini:
1009 3893 1205 3959 Prob.
1237 3895 1443 3958 instit.
1492 3902 1606 3978 56,
1642 3903 1713 3964 31
1766 3902 1832 3958 et
1862 3905 1973 3977 51,
2022 3903 2121 3963 22.
2181 3892 2409 3981 Pomp.
2442 3917 2506 3980 p.
2546 3904 2663 3966 155
2708 3916 2867 3962 com-

283 4023 442 4066 mune
483 4009 608 4078 est,
677 4007 742 4062 ut
796 4001 948 4061 dicit
988 4002 1253 4075 Probus,
1317 4008 1552 4062 tantum
1608 4003 1684 4061 de
1738 3985 1967 4062 duobus
2020 4002 2373 4076 qeneribus,
2434 4009 2501 4062 ut
2542 4005 2869 4062 invenimus

282 4111 334 4167 in
373 4107 778 4178 auctoritate,
828 4120 909 4164 ex
952 4104 1162 4164 tribus.
1248 4103 1486 4165 Probus.
1521 4104 1668 4163 dicit
1713 4104 1927 4163 debere
1970 4106 2097 4164 dici
2138 4105 2213 4164 de
2256 4104 2485 4164 duobus
2524 4105 2862 4178 qeneribus,

281 4217 338 4269 ut
373 4211 470 4270 lu'c
527 4214 590 4268 et
633 4208 792 4267 baec
854 4207 1118 4267 advena:
1181 4201 1377 4266 Prob.
1423 4201 1789 4282 instit-52,
1852 4211 1951 4271 10.
2041 4201 2224 4287 Serg.
2274 4201 2534 4289 explan.
2580 4202 2647 4266 in
2691 4201 2865 4266 Don.

285 4317 414 4389 495,
463 4317 540 4376 11
593 4309 838 4370 Probus
881 4310 1036 4368 enim
1081 4310 1230 4369 dicit
1273 4309 1672 4385 inpossibilem
1728 4325 1893 4378 rem;
1954 4309 2144 4369 multa
2186 4316 2357 4384 sunt,
2420 4310 2535 4384 ait,
2600 4311 2689 4368 ita
2732 4326 2866 4369 cor-

286 4421 444 4490 rupta
501 4419 574 4473 ut
631 4428 712 4471 ne
765 4413 968 4471 soluta
1021 4412 1259 4486 quidem
1303 4412 1546 4486 possint
1609 4427 1735 4470 esse
1798 4413 2072 4485 inteqra,
2142 4406 2370 4492 Pomp.
2432 4430 2497 4493 p.
2558 4415 2679 4476 165
2740 4412 2868 4470 alia

289 4517 444 4578 Probi
449 4537 474 4577 .·
537 4516 648 4576 ille
689 4516 786 4572 ait
830 4513 946 4573 boc
989 4514 1210 4573 dictum
1222 4557 1240 4590 ,
1302 4515 1588 4588 quoniam
1639 4515 1847 4587 fiqura
1892 4520 2000 4573 aut
2040 4514 2218 4574 rebus
2258 4518 2499 4573 constat
2540 4514 2721 4574 certis
2764 4521 2871 4574 aut

289 4601 430 4680 rebus
487 4619 789 4680 incertis:
850 4617 942 4674 ait
981 4617 1068 4676 sic
1111 4616 1375 4689 Pr0bus,
1425 4617 1729 4690 pleraque
1784 4631 1943 4689 quae
1996 4622 2139 4676 sunt
2181 4619 2243 4675 in
2282 4618 2493 4691 fiqura
2560 4622 2873 4691 apparent

289 4739 376 4783 ase
426 4725 724 4797 inteqra,
775 4719 1083 4796 pleraque
1134 4723 1463 4794 corrupta,
1513 4719 1819 4794 pleraque
1858 4719 1989 4777 sine
2030 4735 2237 4793 sensu,
2300 4737 2364 4800 p.
2414 4719 2533 4785 187
2577 4719 2761 4778 babes
2804 4720 2869 4777 in

289 4834 386 4884 arte
414 4825 647 4897 Probi,
699 4823 771 4881 id
817 4826 911 4880 est
953 4819 1234 4881 institutis
1277 4822 1496 4898 ipsius,
1543 4821 1658 4882 boc
1698 4811 2065 4881 tractatum:
2108 4822 2195 4882 ait
2220 4823 2339 4896 sic,
2390 4821 2635 4882 nomina
2667 4822 2867 4881 omnia
