3434 5442
1431 1139 1554 1191 VII

578 1273 883 1370 Notati
941 1274 1454 1370 ΡΑΡΙΑΝΑΕ
1519 1276 1635 1370 ΕΤ
1693 1274 2434 1374 EINSHJIAENSES.

1329 1534 1685 1545 ——---—-——

373 1724 434 1779 ln
467 1723 652 1781 codice
683 1722 928 1779 Parisino
962 1740 1014 1779 n.
1046 1726 1182 1778 7530
1213 1723 1414 1781 saeculi
1445 1723 1618 1781 octavi
1651 1726 1990 1798 grammatici
2022 1724 2135 1781 iere
2165 1726 2473 1798 argumenti
2504 1722 2573 1797 (v.
2606 1722 2669 1779 H.
2684 1722 2803 1779 Keil

203 1810 258 1863 in
281 1808 461 1883 praef.
490 1808 596 1864 vol.
611 1808 648 1863 1.
667 1826 718 1881 p.
735 1806 906 1884 xvnl)
935 1808 971 1864 l'.
991 1810 1150 1861 148-
1169 1811 1260 1861 153
1275 1808 1560 1865 exhibetur
1579 1818 1831 1865 notar-um
1856 1810 2173 1873 laterculus,
2198 1811 2355 1866 cuius
2378 1810 2443 1867 ad
2466 1826 2551 1865 me
2574 1826 2801 1883 apogra-

205 1894 370 1968 phum
397 1892 532 1950 olim
556 1892 706 1949 misit
724 1894 948 1954 amicus,
968 1894 1266 1967 inscriptus
1289 1910 1450 1949 manu
1481 1896 1701 1968 antiqua
1726 1896 1927 1965 incipit
1946 1902 2114 1951 notas
2135 1896 2298 1957 iuris,
2315 1911 2474 1951 manu
2500 1895 2802 1951 recentiore

202 1979 406 2050 incipit
447 1980 518 2033 de
565 1978 912 2033 breviaturis
945 1992 1060 2048 per
1090 1978 1486 2049 alphabetum,
1529 1996 1638 2035 non
1669 1980 1919 2035 diversus
1948 1980 2015 2036 ab
2047 1996 2139 2043 eo,
2184 1996 2343 2054 quem
2386 1980 2655 2052 glossario
2699 1996 2799 2035 suo

205 2064 350 2119 edito
383 2080 436 2119 a.
471 2082 524 2137 p.
547 2062 603 2119 C.
629 2065 762 2117 1053
793 2062 864 2135 (v.
896 2062 1182 2123 Albericus
1215 2063 1399 2119 Trium
1431 2062 1662 2120 rontium
1694 2064 1837 2138 apud
1868 2064 2225 2121 Leibnitzium
2258 2080 2460 2121 access.
2493 2064 2620 2119 hist.
2652 2066 2701 2125 2,
2714 2062 2802 2136 88)

205 2166 248 2204 s.
273 2166 320 2201 v.
354 2149 576 2205 notatio
605 2156 733 2221 post
762 2155 1016 2221 excerpta
1045 2164 1110 2203 ex
1139 2147 1330 2203 Isidori
1360 2148 1708 2222 etymologiis
1735 2152 2017 2210 1:21-26
2046 2152 2279 2205 inseruit
2308 2149 2519 2223 Papias,
2552 2164 2614 2203 ex
2638 2147 2800 2221 Papia

204 2236 581 2307 repetiverunt
604 2232 1042 2305 Lindenbrogius
1073 2250 1123 2306 p.
1147 2235 1432 2287 152—175
1463 2242 1519 2289 et
1541 2232 1829 2290 Putschius
1855 2252 1907 2308 p.
1926 2236 2311 2296 leae—1666:
2343 2234 2485 2290 unde
2506 2232 2801 2307 Papianum

205 2334 304 2388 ego
349 2334 578 2392 quoque
617 2316 908 2391 appellavi.
953 2333 1278 2391 quamquam
1318 2334 1384 2373 ex
1424 2336 1588 2392 supra
1629 2318 1791 2375 dictis
1831 2326 2057 2393 apparet
2100 2318 2422 2376 laterculum
2468 2316 2642 2374 trihus
2686 2316 2802 2372 l'ere
2888 2323 2895 2331 ’

205 2402 440 2459 saeculis
473 2402 632 2475 Papia
671 2418 792 2457 esse
822 2403 1193 2459 vetustiorem.
1230 2432 1304 2443 -
1338 2402 1682 2459 Laterculum
1713 2423 1742 2461 a
1778 2404 2011 2477 Papiano
2044 2420 2153 2459 non
2184 2403 2487 2463 diversum.
2520 2403 2625 2459 nisi
2656 2401 2803 2475 quod

207 2496 563 2543 accesserunt
604 2488 913 2543 notationes
959 2487 1245 2560 quaedam,
1299 2487 1364 2543 de
1406 2488 1604 2561 quibus
1645 2505 1769 2544 mox
1812 2496 2032 2563 agetur,
2077 2488 2275 2545 oll'endi
2318 2490 2371 2545 in
2416 2488 2603 2545 codice
2646 2493 2801 2543 antea

205 2586 328 2644 ‘dni
359 2588 530 2645 Ulrici
562 2587 628 2643 de
660 2574 967 2650 liiurtzi'ils',
1013 2596 1203 2662 postea
1235 2591 1548 2645 monasterii
1581 2589 1921 2646 Fabariensis
1954 2608 1996 2646 s.
2030 2588 2283 2653 Pl'ess’ers,
2315 2607 2457 2646 nunc
2487 2589 2803 2645 monasterii

207 2672 566 2729 Einsidlensis
609 2689 748 2728 saec.
780 2672 824 2727 X
867 2690 918 2727 n.
951 2676 1054 2727 326
1101 2670 1240 2745 (l'oll.
1279 2676 1390 2728 104.
1423 2669 1506 2747 8⁰)
1551 2673 1646 2730 illo
1689 2678 1840 2749 ipso,
1886 2678 1977 2749 qui
2024 2674 2178 2731 solus
2222 2676 2335 2731 l'ere
2378 2674 2534 2731 uobis
2576 2674 2807 2729 servavit

207 2758 427 2815 saeculo
475 2774 626 2814 nono
653 2757 952 2813 confectam
981 2757 1293 2815 Latinarum
1339 2760 1753 2833 inscriptionum
1798 2758 2044 2833 syllogen
2090 2762 2519 2834 antiquissimam
2561 2759 2801 2814 omnium

208 2860 438 2917 quarum
470 2844 666 2899 notitia
698 2842 763 2899 ad
793 2860 896 2899 nos
927 2844 1200 2917 pervenit:
1236 2844 1438 2917 legitur
1468 2843 1540 2899 ihi
1575 2843 1610 2899 i.
1649 2847 1831 2898 1—10
1861 2846 2157 2919 inscriptus
2189 2846 2293 2901 sic:
2324 2845 2604 2914 incipiunt
2634 2848 2803 2898 notae

207 2928 342 2984 Iulii
371 2928 668 2984 Caesaris,
729 2927 808 2983 Ab
839 2944 931 2989 eo,
984 2930 1076 3001 qui
1109 2928 1329 3001 scripsit
1357 2928 1625 2991 codicem,
1667 2928 1992 2985 laterculum
2026 2932 2079 2983 in
2114 2930 2250 2985 hanc
2280 2929 2508 2985 sormam
2540 2944 2650 2983 non
2682 2942 2803 2983 esse

209 3014 518 3075 redactum,
565 3011 662 3067 sed
690 3011 1023 3087 descriptum
1053 3028 1116 3067 ex
1146 3012 1286 3069 libro
1318 3015 1624 3087 antiquiore
1655 3012 1735 3068 vel
1767 3012 1898 3069 illud
1932 3012 2087 3069 iidem
2122 3013 2276 3074 facit,
2329 3012 2475 3087 quod
2504 3011 2803 3068 laterculus

209 3098 434 3154 mutilus
467 3104 552 3153 est
583 3094 795 3171 (incipit
823 3098 962 3152 enim
995 3096 1158 3170 paulo
1189 3105 1318 3171 post
1349 3097 1558 3153 initium
1589 3096 1805 3154 litterae
1840 3094 1896 3172 C)
1940 3098 2127 3154 codice
2158 3099 2374 3170 integro
2399 3115 2413 3161 ;
2466 3096 2802 3169 descriptum

209 3192 386 3239 autem
422 3197 547 3238 esse
589 3183 837 3238 existimo
882 3198 942 3237 ex
975 3181 1160 3239 codice
1191 3182 1628 3239 Reichenaviensi
1663 3184 1755 3256 qui
1789 3190 1971 3237 sextus
2004 3190 2089 3237 est
2118 3184 2173 3237 in
2204 3181 2517 3253 Reginberti
2547 3180 2800 3254 catalogo

209 3286 254 3324 a.
283 3270 388 3323 846
431 3274 650 3323 exarato
693 3264 956 3338 (Neugart
995 3268 1162 3341 episc.
1193 3266 1378 3323 Const.
1420 3286 1474 3341 p.
1507 3266 1659 3339 548),
1715 3270 1765 3321 in
1811 3284 1919 3342 quo
1965 3266 2386 3323 continebantur
2426 3265 2629 3321 ‘notae
2672 3264 2809 3321 Iulii

211 3352 484 3409 Caesaris
511 3357 567 3407 et
595 3351 738 3407 liber
767 3351 943 3407 Plinii
971 3350 1224 3407 Secundi
1262 3353 1332 3407 de
1371 3358 1588 3408 natura
1630 3352 1884 3407 rerum'.
1974 3352 2148 3426 lpsam
2202 3352 2345 3407 illam
2390 3350 2801 3425 inscriptionem

209 3438 334 3495 licet
375 3452 640 3493 revocare
669 3438 850 3510 possis
895 3435 1134 3493 fortasse
1165 3436 1232 3494 ad
1273 3452 1469 3493 nomen
1500 3437 1554 3493 C.
1587 3436 1832 3493 Caesaris
1873 3454 1995 3493 cum
2026 3437 2390 3494 Romanorum
2434 3436 2580 3491 notis
2621 3433 2801 3510 aliqua

209 3526 422 3579 ratione
453 3520 802 3578 coniunctum
837 3515 927 3595 (cl'.
959 3520 1108 3577 Suet.
1139 3521 1289 3577 Caes.
1319 3521 1424 3593 56).
1458 3530 1638 3579 tamen
1669 3521 1842 3579 satius
1873 3524 1993 3585 erit,
2032 3522 2229 3579 collata
2260 3522 2579 3595 praesertim
2612 3518 2803 3576 similis

211 3608 458 3682 syllegae
503 3606 704 3663 codicis
734 3605 966 3663 Parisini
1009 3606 1440 3680 praescriptione
1468 3609 1664 3679 incipit
1693 3612 1861 3663 notas
1898 3608 2071 3676 iuris,
2125 3607 2199 3663 ita
2230 3606 2528 3681 explicare,
2572 3612 2637 3661 ut
2664 3604 2802 3661 male

211 3694 604 3769 interpretatus
652 3691 722 3747 sit
765 3690 942 3749 scriba
985 3692 1396 3765 inscriptionem
1445 3694 1722 3765 incipiunt
1761 3698 1930 3748 notae
1970 3694 2113 3748 iuris
2157 3692 2333 3749 civilis
2372 3692 2563 3766 primis
2602 3688 2803 3746 litteris

208 3777 256 3833 I.
289 3778 348 3835 C.
393 3776 702 3834 indicatam.
752 3807 821 3815 —
879 3774 1081 3833 Tabula
1122 3775 1356 3851 Papiana
1399 3792 1462 3833 ex
1507 3789 1660 3851 parte
1703 3794 1801 3835 sua
1842 3777 2070 3834 meliore
2114 3775 2395 3835 descendit
2436 3793 2499 3831 ex
2539 3792 2601 3832 ea
2642 3790 2801 3849 quam

211 3863 368 3919 modo
413 3860 684 3918 edidimus
725 3860 974 3919 Vaticana
1027 3868 1348 3936 potestque,
1393 3869 1454 3917 ut
1497 3880 1660 3936 supra
1705 3881 1759 3937 p.
1792 3864 1895 3917 303
1937 3862 2071 3925 dixi,
2119 3860 2361 3919 adhiberi
2408 3860 2473 3917 ad
2515 3861 2803 3935 pristinam

209 3948 352 4003 illius
413 3946 646 4003 formam
705 3945 1112 4003 restituendam.
1200 3946 1573 4003 Additamenta
1632 3954 1840 4009 autem,
1903 3962 2040 4021 quae
2082 3947 2148 4002 de
2179 3964 2281 4003 suo
2324 3945 2522 4002 adiecit
2579 3944 2805 4000 huiusce

213 4032 426 4090 tabulae
457 4030 737 4093 conditor.
797 4030 1060 4105 pleraque
1088 4032 1328 4106 pessima
1369 4041 1498 4088 sunt
1540 4040 1594 4086 et
1635 4034 1830 4087 aetatis
1870 4032 2111 4088 omnino*
2136 4030 2425 4095 barbarae;
2486 4028 2614 4103 quid
2658 4027 2805 4102 quod
2850 4036 2857 4041 ’

211 4116 536 4174 offendimus
595 4114 667 4171 ibi
727 4116 984 4189 quasdam
1046 4116 1262 4173 notulas
1333 4118 1670 4190 pertinentes
1729 4115 1797 4173 ad
1856 4117 2145 4172 thesauros
2204 4114 2461 4172 litteratis
2530 4112 2801 4187 lapidibus

211 4202 440 4261 ducibus
487 4200 906 4274 investigandos.
964 4201 1204 4275 Denique
1246 4201 1394 4275 quod
1435 4199 1831 4275 alphabeticum
1866 4200 2111 4257 ordinem
2142 4216 2251 4257 non
2283 4200 2339 4255 in
2369 4198 2561 4274 primis
2592 4203 2801 4253 tantum

213 4285 440 4353 litteris,
487 4284 582 4341 sed
612 4286 774 4341 etiam
815 4287 872 4341 in
902 4285 1154 4342 secundis
1185 4286 1453 4361 Papianus
1487 4284 1786 4343 laterculus
1831 4285 2115 4349 observat.
2159 4294 2216 4341 et
2244 4287 2421 4359 ipsum
2466 4282 2685 4355 signum
2717 4288 2803 4337 est

215 4374 442 4445 originis
484 4370 823 4427 recentioris,
891 4370 964 4425 At
1007 4387 1106 4445 per
1136 4386 1198 4426 se
1234 4372 1440 4427 inutilis
1482 4369 1781 4428 laterculus
1821 4370 1913 4427 ille
1943 4370 2210 4445 Papianus
2255 4378 2429 4425 tamen
2463 4382 2529 4423 eo
2562 4365 2802 4440 prodest.

215 4456 358 4529 quod
389 4472 492 4531 per
513 4472 634 4511 eum
659 4462 808 4512 certa
841 4458 1050 4513 ratione
1081 4463 1296 4513 constat
1324 4455 1389 4511 de
1411 4455 1791 4513 additamentis
1822 4454 1997 4513 codici
2022 4453 2346 4511 Einsidlensi
2378 4452 2634 4527 propriis,
2669 4465 2807 4524 quae

215 4558 354 4598 nunc
387 4539 623 4616 primum
654 4539 891 4596 eduntur
921 4546 975 4596 et
1004 4540 1170 4616 longe
1213 4540 1446 4616 potioris
1476 4540 1640 4614 pretii
1671 4548 1802 4598 suut
1832 4558 1991 4615 quam
2023 4540 2232 4615 sylloge
2264 4540 2399 4613 ipsa.
2461 4534 2683 4593 Scilicet
2712 4536 2805 4609 qui

217 4624 570 4683 Einsidlensis
590 4623 715 4681 libri
745 4624 1100 4702 archetypum
1130 4628 1378 4690 exaravit,
1411 4626 1459 4683 is
1481 4627 1769 4702 Papianam
1802 4626 2017 4701 quidem
2042 4624 2291 4699 syllogen
2322 4640 2423 4697 pro
2454 4621 2805 4677 fundamento

217 4714 479 4788 sumpsit,
524 4710 620 4767 sed
647 4717 798 4767 certe
825 4711 952 4768 inde
980 4730 1012 4770 a
1041 4711 1222 4771 littera
1249 4712 1289 4768 D
1321 4706 1462 4787 (nam
1493 4712 1538 4767 Α
1569 4719 1625 4769 et
1651 4712 1692 4767 Β
1722 4712 1947 4773 desunt,
1982 4712 2033 4766 in
2063 4710 2103 4767 G
2134 4717 2315 4767 autem
2344 4704 2613 4764 eiusmodi
2642 4712 2806 4761 notae

215 4812 322 4853 non
353 4791 724 4871 reperiuntur)
756 4798 973 4853 auxisse
1001 4814 1126 4857 eum
1156 4796 1532 4872 compluribus
1561 4796 1700 4857 locis
1742 4796 1889 4853 illam
1921 4811 1983 4851 ex
2013 4794 2193 4851 Probo
2236 4794 2473 4869 genuino
2522 4806 2647 4849 cum
2688 4791 2807 4866 ipsa
