3434 5442
534 1175 849 1252 Additio
904 1175 1297 1252 Theodori
1349 1173 1801 1252 Mommseni
1856 1175 1955 1250 ad
2006 1204 2079 1277 p.
2136 1179 2565 1251 277—281.

1385 1417 1687 1428 ——--—-—-

421 1575 698 1633 Parisinae
738 1575 1099 1632 bibliothecae
1141 1583 1203 1631 ut
1239 1574 1410 1632 libros
1452 1577 1810 1633 examinarem
1852 1592 1974 1632 cum
2018 1575 2150 1632 mihi
2192 1577 2349 1650 copia
2389 1575 2547 1632 fieret
2586 1581 2713 1649 post
2742 1575 2839 1630 im·

252 1677 504 1736 pressum
547 1663 1018 1722 commentarium,
1059 1667 1278 1735 praeter
1320 1661 1530 1718 inutilia
1572 1661 1702 1723 alia,
1748 1668 1809 1717 ut
1849 1661 1966 1718 Lat.
1994 1663 2127 1715 6117
2168 1660 2339 1718 chart.
2372 1677 2512 1717 saec.
2546 1659 2631 1716 XV
2664 1676 2839 1717 exem-

252 1746 404 1821 plum
431 1745 596 1804 Probi
625 1748 848 1822 genuini
878 1739 962 1820 (Γ)
996 1745 1344 1802 deterrimum
1375 1754 1429 1802 et
1458 1747 1573 1803 Lat.
1610 1749 1743 1800 1750
1774 1745 1811 1802 f.
1838 1747 2078 1801 95-96
2108 1746 2415 1820 exemplum
2445 1753 2699 1802 notarum
2728 1761 2838 1802 non

251 1832 552 1906 magnonis,
585 1840 648 1888 ut
675 1833 751 1888 ait
780 1831 1091 1905 catalogus,
1122 1830 1219 1887 sed
1247 1831 1620 1888 Vaticanarum
1650 1826 1775 1907 (Vl),
1806 1832 1861 1887 in
1891 1830 2081 1887 eodem
2110 1830 2250 1888 libro
2281 1848 2333 1887 ιι.
2367 1834 2502 1886 1750
2532 1846 2595 1887 ex
2626 1829 2841 1887 schedis

255 1918 415 1974 variis
454 1925 688 1974 consuto
733 1915 773 1972 Ι.
805 1919 919 1973 143.
955 1919 1053 1968 144
1092 1916 1311 1991 repperi
1342 1917 1461 1972 eius
1491 1925 1743 1974 notarum
1772 1915 2051 1979 laterculi,
2084 1933 2245 1990 quem
2274 1917 2397 1973 loco
2428 1914 2667 1973 secundo
2700 1914 2841 1970 edidi

259 2002 359 2058 sub
401 2003 759 2077 inscriptione
809 2009 1062 2058 notarum
1090 1999 1560 2076 Lugdunensium,
1593 2001 1897 2076 exemplum
1938 2001 2169 2057 alterum
2218 2002 2483 2075 scriptum
2536 1999 2753 2056 saeculo
2796 1999 2841 2054 X

256 2087 608 2162 Lugdunensi
639 2095 702 2144 ut
741 2104 905 2163 saepe
950 2085 1216 2149 deterius,
1259 2087 1337 2143 ita
1376 2104 1487 2144 non
1515 2087 1702 2161 paucis
1734 2086 1871 2143 locis
1903 2086 1953 2142 ei
1982 2085 2413 2160 praeferendum.
2473 2086 2681 2142 Passim
2712 2100 2839 2140 vero

257 2172 418 2228 etiam
447 2174 504 2228 iu
535 2172 894 2248 apertissimis
917 2172 1125 2229 mendis
1152 2180 1384 2247 uterque
1413 2171 1552 2229 liber
1580 2171 1874 2234 consentit,
1906 2178 1969 2228 ut
1996 2172 2035 2228 B
2054 2173 2088 2225 9
2119 2173 2171 2228 in
2202 2173 2399 2228 nantia
2426 2187 2529 2246 pro
2550 2171 2839 2232 uacantia,

255 2257 296 2312 P
327 2260 390 2311 19
430 2259 484 2314 ἰιι
527 2259 787 2314 tulelaris
836 2275 939 2332 pro
995 2258 1278 2320 tutelari-s,
1322 2257 1359 2314 S
1398 2261 1432 2312 8
1471 2259 1526 2314 in
1569 2256 2022 2332 interpretatione
2064 2257 2282 2315 omissa.
2342 2255 2664 2313 inscribitur
2700 2254 2841 2311 liber

254 2342 533 2399 Parisinus
561 2344 842 2416 incipiunt
867 2341 978 2400 ποῖ
1001 2343 1275 2399 iuridicis.
1321 2341 1534 2399 Variam
1561 2342 1853 2400 lectionem
1885 2342 2092 2400 subieci
2137 2358 2271 2398 usus
2301 2343 2541 2398 numeris
2586 2348 2839 2398 notarum

254 2427 510 2484 editionis
539 2436 779 2491 nostrae.
809 2428 980 2503 proba
1009 2428 1354 2502 distinguens
1384 2429 1666 2485 asterisco.
1726 2428 1786 2485 ln
1826 2429 2139 2484 universum
2180 2435 2362 2484 autem
2376 2443 2533 2508 *quae
2574 2425 2641 2482 de
2675 2425 2839 2482 huius

252 2511 502 2570 laterculi
533 2513 853 2572 condicione
883 2522 938 2570 et
969 2520 1144 2570 aetate
1174 2514 1469 2587 proposui,
1500 2513 1651 2570 hisce
1681 2512 2149 2570 emendationibus
2179 2529 2291 2569 uon
2322 2519 2602 2568 mutantur

453 2858 608 2913 inter
651 2853 698 2914 Α
745 2860 793 2912 1.
838 2861 872 2910 2
914 2856 1080 2912 add:
1127 2833 1222 2906 *Ᾰ
1479 2856 1580 2910 aut

777 2971 823 3032 Α
869 2978 901 3030 3
1125 2952 1313 3028 *AO-f
1475 2973 1671 3028 autem

778 3089 823 3150 B
873 3096 896 3145 1
1169 3072 1290 3166 ῡῐῖᾕ
1473 3085 1628 3146 bene
1672 3083 1811 3146 fidei

866 3215 900 3266 8
1125 3191 1261 3264 *δὲ
1473 3204 1771 3267 bonorum
1816 3211 2005 3266 emtor

785 3327 833 3388 D
878 3333 910 3386 3
1177 3309 1286 3382 δῑῖ
1476 3323 1779 3386 dumtaxat

863 3452 899 3504 9
1165 3431 1328 3502 δῶο
1475 3442 1785 3504 domemus
1830 3441 1948 3524 (sic)
1996 3461 2211 3505 munus
2254 3461 2435 3524 opera

829 3571 895 3623 10
1117 3547 1406 3644 *δεξᾶε
1474 3561 1789 3624 defunctus

677 3665 724 3727 E
767 3675 818 3728 3.
862 3674 894 3724 4
1161 3686 1271 3726 om.

863 3795 896 3844 7
1165 3793 1273 3844 em
1469 3785 1628 3844 enim

835 3911 898 3963 13
1166 3889 1311 3962 εδό·
1473 3901 1686 3964 edictio

835 4031 894 4082 15
1120 4007 1423 4084 *ex‘c'bm
1471 4022 1741 4102 exceptio
1788 4019 1907 4083 doli
1952 4019 2091 4082 mali

776 4143 822 4202 F
867 4151 900 4200 2
1123 4128 1300 4222 *fbe
1469 4139 1725 4203 familiae
1767 4139 2194 4202 herciscundae

868 4270 901 4321 3
1162 4247 1236 4340 ff
1468 4259 1648 4322 fuerit

865 4391 901 4444 4
1159 4365 1238 4460 ἦ
1476 4378 1702 4440 sufficia

863 4507 896 4557 5
1161 4483 1238 4578 Ῑέ
1477 4497 1945 4561 fideiconmissus

878 4608 914 4660 6
1177 4622 1282 4662 om.

863 4727 898 4777 8
1160 4702 1236 4796 Ῑῖἑ
1475 4718 1687 4780 fiducia

769 4839 815 4900 G
865 4845 897 4896 3
1152 4824 1224 4908 ὅ
1475 4839 1640 4917 gaius
