3434 5442
682 346 807 405 414
1846 335 2087 398 SERVll

2804 455 2847 496 p.
2874 444 3077 486 1790—92
3098 441 3141 484 r.

682 524 935 586 neutrali
979 523 1162 586 verbo
1219 532 1280 586 et
1322 524 1547 603 agentis
1604 525 1937 585 invenimus
1979 523 2495 601 significationem,
2538 531 2605 585 ut
2646 530 2818 590 nato,
2864 530 2921 584 et
2962 525 3227 603 patientis

681 636 748 688 ut
791 626 1022 706 vapulo.
1109 629 1248 688 item
1304 629 1367 686 in
1423 627 1746 705 deponenti
1804 625 2013 696 verbo,
2061 625 2161 686 ubi
2204 623 2326 686 sola
2368 627 2569 706 utique
2614 624 2820 686 debuit
2860 645 2989 686 esse
3030 627 3233 705 passiva

681 714 1055 806 significatiO,
1111 737 1170 790 et
1225 731 1452 806 agentis
1514 745 1632 787 non
1692 746 2011 808 numquam
2068 729 2387 798 invenitur,
2434 735 2498 788 ut
2541 735 2630 789 est
2672 726 2900 808 loquor.
2990 728 3231 788 conlusio

681 840 876 891 autem
934 833 1262 890 communis
1318 828 1482 890 verbi
1548 829 1781 890 casibus
1837 838 2202 908 segregatur.
2290 847 2427 890 nam
2482 829 2532 888 si
2588 829 2987 890 accusativum
3060 848 3233 890 casum

629 951 654 992 5
681 933 914 1010 iungaS,
973 933 1199 1012 agentis
1244 939 1359 1002 est,
1421 937 1487 993 ut
1529 933 1817 993 criminor
1859 930 2055 1000 illum;
2115 933 2166 991 si
2209 929 2559 1002 ablativum,
2605 932 2907 1011 patientis,
2958 939 3023 992 ut
3062 933 3235 993 crimi-
3324 990 3331 998 ,

679 1053 793 1096 nor
836 1033 909 1095 ab
953 1033 1074 1095 illo.

850 1137 1145 1216 Tempora
1199 1143 1338 1197 sunt
1380 1137 1666 1216 quinque:
1725 1153 2037 1216 praesenS,
2082 1133 2241 1215 quod
2286 1136 2505 1213 agitur,
2553 1143 2619 1196 ut
2660 1133 2827 1214 lego;
2872 1136 3237 1215 praeteritum

681 1239 1105 1317 inperfectum,
1162 1237 1320 1318 quod
1365 1239 1647 1298 omissum
1697 1245 1787 1297 est
1830 1244 1890 1297 et
1932 1255 2053 1297 non
2098 1235 2466 1316 conpletum,
2510 1244 2576 1297 ut
2619 1235 2919 1316 legebam:
2976 1240 3238 1319 praeteri·

685 1348 806 1400 tum
852 1339 1215 1420 perfectum,
1262 1339 1420 1419 quod
1466 1338 1805 1419 conpletum
1853 1345 1944 1399 est
1985 1336 2159 1416 paulo
2189 1345 2351 1409 ante,
2398 1346 2463 1399 ut
2493 1337 2639 1417 legi;
2684 1341 3073 1419 praeteritum
3102 1339 3239 1419 plus-

607 1459 656 1500 10
682 1441 1223 1522 quamperl'ectum,
1268 1441 1427 1521 quod
1473 1441 1811 1520 conpletum
1847 1448 1937 1500 est
1964 1438 2138 1511 olim,
2182 1447 2249 1500 ut
2290 1439 2595 1518 legeramr
2624 1439 2922 1511 futurum,
2970 1441 3126 1521 quod
3166 1443 3240 1501 in-

683 1546 898 1614 minet,
947 1553 1012 1604 ut
1055 1543 1268 1623 legam.
1358 1542 1516 1603 unde
1561 1544 1764 1603 vitiose
1808 1541 2085 1603 locuntur
2130 1545 2231 1623 qui
2274 1542 2477 1603 dicunt
2518 1544 2826 1622 texpecta,
2870 1543 3052 1605 modo
3094 1561 3241 1620 egre-

684 1645 858 1707 dior?
933 1665 1068 1707 nam
1125 1647 1378 1724 iungunt
1432 1645 1918 1722 significationem
1974 1644 2229 1706 suturam
2290 1653 2349 1705 et
2401 1661 2683 1724 praesens
2747 1643 3039 1725 temjjpuS.
3124 1646 3239 1705 item

684 1750 786 1828 qui
842 1748 1048 1809 dicunt
1113 1749 1282 1808 ‘cras
1337 1746 1446 1807 tibi
1501 1745 1633 1825 lego
1693 1746 2045 1807 lectionem’
2102 1747 2305 1806 vitiose
2363 1744 2657 1806 locuntur.
2746 1764 2882 1808 nam
2940 1765 3079 1807 cum
3130 1744 3241 1823 lego
3340 1771 3349 1780 ·

683 1852 1015 1929 praesentis
1058 1851 1343 1929 temporis
1387 1850 1490 1919 sit,
1538 1867 1671 1910 cras
1713 1866 1854 1909 vero
1899 1847 2239 1909 adverbium
2285 1848 2576 1917 futurum,
2622 1849 2825 1929 utique
2866 1848 3021 1910 haec
3048 1847 3241 1908 locutio

610 1970 659 2009 15
687 1970 807 2013 non
852 1952 1146 2014 cohaeret.
1236 1949 1606 2012 tractandum
1665 1952 1839 2012 etiam
1884 1948 2059 2018 illud,
2107 1968 2179 2010 an
2226 1967 2366 2010 sana
2410 1957 2567 2010 esset
2606 1947 2827 2010 locutio
2872 1945 3051 2022 haec,
3096 1952 3243 2009 ‘cras

687 2053 936 2132 legam’,
981 2072 1057 2114 an
1101 2055 1268 2114 ‘cras
1312 2053 1499 2132 lego’.
1549 2053 1716 2114 ‘cras
1762 2053 1947 2131 lego’,
1996 2058 2061 2112 ut
2104 2051 2382 2121 diximuS,
2429 2053 2698 2112 vitiosum
2744 2059 2861 2120 est;
2906 2057 3115 2112 ‘cras’
3156 2071 3241 2111 au-

686 2164 804 2217 tem
852 2162 869 2188 ‘
889 2156 1115 2235 legam’
1161 2156 1292 2217 ideo
1339 2174 1459 2216 non
1503 2154 1650 2217 nulli
1704 2155 1977 2216 vitiosum
2022 2153 2309 2222 iudicant,
2371 2154 2649 2234 quoniam
2692 2153 2810 2216 duo
2856 2153 3055 2214 sutura
3100 2153 3245 2231 quasi

685 2259 746 2318 in
790 2257 944 2320 aliud
989 2258 1252 2320 futurum
1296 2275 1405 2318 nos
1449 2257 1745 2318 differunt.

853 2360 1014 2420 Modi
1055 2361 1214 2421 varie
1260 2367 1528 2438 tempora
1571 2347 1885 2436 recipiunt.
1947 2356 2291 2418 indicativus
2335 2358 2491 2418 enim
2537 2359 2733 2418 omnia
2779 2359 3047 2438 quinque
3087 2376 3245 2437 supra

609 2481 661 2522 20
699 2462 852 2523 dicta
897 2460 1077 2522 hahet
1118 2469 1416 2540 tempora;
1461 2462 1840 2541 imperativus
1886 2477 2023 2520 vero
2070 2460 2184 2520 duo
2241 2465 2495 2530 tantum,
2542 2477 2825 2539 praesens
2868 2467 2929 2520 et
2972 2460 3243 2528 futurum

687 2565 976 2644 optativus
1029 2565 1172 2634 tria,
1235 2564 1336 2625 sed
1400 2564 1722 2641 geminata:
1783 2580 1918 2622 nam
1962 2579 2245 2641 praesens
2289 2568 2348 2622 et
2390 2561 2781 2640 inperfectum
2824 2580 2937 2641 pro
2986 2580 3103 2622 uno
3144 2569 3244 2620 est:

687 2667 828 2726 item
874 2665 1204 2744 perfectum
1251 2673 1312 2726 et
1351 2664 1998 2745 plusquamperfectum
2044 2662 2223 2724 habet
2268 2671 2327 2723 et
2368 2663 2650 2724 futurum.
2728 2665 3135 2725 coniunctivus
3174 2671 3245 2722 tot

690 2774 957 2846 tempora
1001 2767 1208 2838 habet,
1256 2775 1400 2847 quot
1443 2774 1503 2827 et
1545 2765 1912 2827 indicativus
2004 2766 2323 2826 infinitivus
2365 2767 2476 2825 tria
2522 2764 2702 2826 habet
2744 2773 3047 2846 tempora,
3094 2783 3245 2845 prae-

686 2888 822 2932 sens
867 2871 1248 2949 praeteritum
1311 2869 1593 2930 futurum.
1684 2867 1789 2928 sed
1834 2869 1987 2928 scire
2033 2867 2315 2928 debemus
2356 2868 2420 2926 in
2464 2867 2739 2928 omnibus
2782 2868 3032 2946 passivis
3076 2867 3245 2926 verbis

611 2993 661 3034 25
690 2973 1006 3052 praeterita
1058 2978 1356 3052 tempora,
1413 2969 1474 3031 id
1520 2977 1610 3031 est
1650 2970 1981 3051 perfectum
2028 2977 2085 3029 et
2126 2968 2803 3049 plusquamperfectum,
2848 2968 3075 3030 habere
3116 2966 3244 3029 ulte-

637 3097 640 3105 ·
685 3076 845 3136 riora
898 3075 1234 3153 praeterita.
1309 3091 1596 3151 personas
1637 3091 1845 3134 omnes
1890 3070 2051 3131 modi
2110 3078 2447 3150 segregatas
2490 3070 2709 3132 habent
2752 3071 2975 3151 absque
3018 3071 3241 3139 infinito,

685 3175 785 3237 ubi
831 3175 1110 3237 confusae
1153 3183 1318 3246 sunt,
1365 3182 1431 3236 ut
1475 3174 1746 3236 diximus,
1812 3173 2022 3234 modus
2066 3181 2261 3234 autem
2304 3174 2685 3253 imperativus
2728 3173 2911 3236 habet
2952 3171 3243 3233 difficulta-

687 3286 804 3339 tem
851 3296 1271 3356 personarum,
1317 3296 1468 3359 quae
1510 3276 1643 3338 talis
1689 3284 1794 3337 est.
1870 3278 2059 3354 prima
2105 3292 2357 3353 persona
2402 3277 2461 3335 in
2504 3283 2773 3354 tempore
2818 3276 3119 3355 praesenti
3158 3274 3241 3334 de-

684 3381 834 3451 ficit,
891 3378 997 3441 sed
1053 3383 1114 3440 in
1177 3398 1426 3442 numero
1480 3378 1791 3457 singulari;
1851 3385 2114 3439 ceterum
2174 3378 2234 3436 in
2292 3395 2541 3438 numero
2598 3376 2813 3457 plurali
2866 3395 2992 3437 non
3052 3376 3241 3438 deficit.

607 3500 658 3543 30
683 3481 817 3542 ideo
862 3490 1057 3542 autem
1102 3480 1355 3543 delicere
1406 3481 1695 3552 creditur,
1754 3481 2032 3560 quoniam
2087 3497 2262 3540 omne
2313 3481 2727 3560 imperativum
2781 3480 2842 3539 in
2900 3477 3081 3540 alium
3122 3495 3242 3558 pro·

686 3582 867 3654 cedit,
929 3583 987 3642 id
1046 3592 1134 3645 est
1189 3581 1446 3644 secunda
1500 3599 1751 3661 persona
1811 3583 2087 3656 nascitur.
2178 3583 2240 3641 in
2294 3589 2565 3661 tempore
2609 3599 2749 3642 vero
2794 3580 2991 3644 futuro
3038 3580 3241 3642 tamin

685 3703 933 3744 numero
977 3683 1260 3762 singulari
1306 3703 1479 3763 quam
1525 3686 1588 3744 in
1633 3701 1884 3744 numero
1928 3682 2141 3763 plurali
2185 3685 2372 3762 prima
2418 3701 2673 3763 persona
2718 3683 2944 3752 deficit;
3004 3680 3243 3744 secunda

687 3805 824 3847 vero
879 3793 939 3847 et
990 3789 1160 3848 tertia
1213 3788 1276 3847 in
1330 3804 1578 3848 numero
1636 3785 1919 3864 singulari
1974 3804 2093 3847 uno
2150 3783 2326 3846 modo
2371 3785 2789 3866 proferuntur,
2844 3792 2913 3845 ut
2952 3784 3133 3864 legito
3171 3791 3237 3851 tu,

684 3887 862 3966 legito
906 3887 1032 3959 ille,
1077 3898 1143 3949 ut
1187 3896 1277 3949 est
1319 3887 1498 3990 apud⁸
1520 3887 1824 3966 Virgilium

609 4011 660 4052 35
991 3991 1266 4052 tertius
1310 3989 1663 4070 Argolica
1708 3990 1843 4051 hac
1886 3989 2101 4069 galea
2148 3996 2554 4052 contentus
2598 3989 2817 4052 abito.

686 4111 822 4154 nam
868 4093 917 4154 si
962 4091 1150 4153 dicam
1196 4091 1372 4171 legito
1418 4091 1599 4169 legat,
1648 4090 1826 4170 legito
1872 4091 2108 4171 quidem
2154 4093 2267 4152 erit
2310 4101 2545 4171 tempus
2582 4091 2883 4164 futurum,
2928 4090 3089 4170 legat
3124 4107 3241 4150 vero

685 4212 991 4276 praesens.
1078 4195 1220 4256 item
1267 4195 1441 4254 tertia
1484 4211 1741 4272 persona
1788 4195 2023 4256 numeri
2075 4192 2319 4273 pluralis
2362 4193 2456 4254 his
2500 4193 2721 4272 regulis
2766 4195 3129 4255 continetur:
3168 4194 3240 4251 in-

688 4297 932 4359 dicativo
989 4296 1164 4358 modo
1225 4303 1493 4373 tempore
1548 4297 1849 4375 praesenti
1908 4297 2077 4358 tertia
2123 4314 2377 4374 persona
2424 4314 2674 4357 numero
2716 4295 2933 4376 plurali
2974 4315 3011 4356 o
3056 4294 3243 4372 accipit

689 4407 747 4460 et
791 4400 930 4460 facit
972 4399 1126 4460 hanc
1168 4416 1484 4478 personam
1529 4398 1864 4477 imperativi
1906 4397 2065 4457 modi
2096 4415 2205 4475 per
2234 4416 2442 4460 omnes
2472 4400 2945 4478 coniugationes‚
2978 4407 3043 4460 ut
3070 4401 3241 4460 amant

613 4516 662 4556 ιο
689 4509 951 4573 amant0,
1011 4497 1260 4585 dollcent
1316 4501 1598 4571 docento,
1656 4498 1861 4578 legunt
1912 4498 2181 4578 legunto,
2230 4501 2499 4561 nutriunt
2544 4503 2879 4570 nutriunto;
2938 4501 3098 4580 quod
3138 4516 3239 4561 ser-

687 4612 894 4664 vavere
939 4605 1220 4674 maioreS,
1265 4611 1332 4663 ut
1374 4603 1455 4662 ait
1495 4601 1773 4662 Horatius

830 4775 890 4824 11
931 4773 1165 4840 egrediar
1199 4775 1283 4829 Ρς
1425 4773 1486 4824 15
1525 4770 1678 4838 esset]
1720 4774 1785 4822 sit
1818 4787 1852 4829 ς
1989 4773 2058 4823 25
2092 4773 2331 4823 ulteriora
2359 4775 2634 4839 praeterita
2669 4787 2703 4830 ς
2731 4773 2977 4826 ulteriora
3008 4781 3241 4842 praeterea

690 4842 741 4892 P
873 4843 944 4894 34
978 4845 1117 4907 apud
1150 4841 1447 4908 Virgilium]
1487 4843 1620 4895 Aen.
1649 4843 1696 4891 V
1730 4842 1832 4893 314
1968 4845 2034 4895 41
2065 4842 2325 4911 Horatius]
2358 4846 2424 4894 de
2451 4852 2555 4898 art.
2578 4852 2718 4908 poet.
2755 4843 2857 4896 100
