3434 5442
685 339 810 402 460
1848 337 2088 400 SERVll

787 456 830 498 p.
859 444 973 487 1819.
1007 445 1060 486 20
1086 443 1132 491 Ρ.
2848 463 2892 503 p.
2918 449 3001 492 ace.
3018 451 3066 506 ,00
3088 453 3127 494 c.

853 524 936 586 De
991 523 1372 587 archilochio.
1461 525 1887 588 archilochium
1945 533 2173 590 constat
2226 533 2568 591 tetrametro
2623 527 2989 602 catalectico,
3038 540 3093 593 ut
3131 545 3200 596 est

683 626 827 697 hoc,

987 728 1126 792 tolle
1173 730 1436 810 thyrsoS,
1482 749 1620 794 aera
1665 731 1866 811 pulsa,
1914 734 2032 793 iam
2076 731 2303 813 Lyaeus
2346 732 2599 796 advenit.

852 830 935 892 De
999 830 1398 913 hipponactio.
1487 834 1927 913 hipponactium
1986 843 2214 896 constat
2256 842 2599 897 tetrametro
2643 835 2981 900 catalectico
3020 836 3199 910 claudo,

632 956 658 998 5
683 941 749 994 ut
791 941 882 995 est
923 934 1064 1004 hoc,
1097 931 1126 1018 ss

987 1035 1141 1116 pelle
1187 1039 1372 1098 tonsis
1419 1046 1584 1116 terga
1626 1040 1826 1117 ponti,
1873 1036 2001 1100 vela
2046 1037 2255 1109 tende,
2303 1056 2639 1119 pergamus.

853 1139 936 1201 De
985 1142 1388 1201 anacreontio.
1479 1143 1919 1204 anacreontium
1975 1148 2204 1202 constat
2255 1149 2603 1204 tetrametro
2660 1142 3001 1214 acatalecto,
3050 1153 3106 1206 ut
3138 1155 3207 1206 est

683 1241 827 1309 hoc,

985 1361 1166 1422 parce
1208 1347 1324 1405 iam
1373 1344 1626 1406 Camena
1670 1347 1815 1415 vati,
1862 1362 2040 1424 parce
2084 1349 2197 1407 iam
2244 1364 2415 1407 sacro
2459 1346 2666 1408 furori.

614 1551 659 1591 ιο
1676 1531 1774 1594 DE
1817 1531 2265 1594 DACTYLlClS.

849 1667 1033 1728 Metra
1095 1667 1376 1747 dactylica
1444 1667 1853 1749 principaliter
1916 1676 2187 1729 constant
2248 1666 2505 1748 dactylo,
2574 1672 2871 1748 recipiunt
2932 1675 3107 1731 tamen
3160 1681 3204 1732 et

682 1768 1005 1848 spondeum
1069 1769 1157 1850 [et
1211 1771 1505 1831 interdum
1563 1768 1769 1830 ultimo
1824 1768 1953 1831 loco
2009 1769 2403 1851 trochaeum}
2493 1770 2594 1832 sed
2654 1791 2725 1832 ex
2784 1770 3043 1851 plurimis
3093 1773 3207 1834 haec

683 1869 888 1932 decem
933 1879 992 1931 et
1036 1889 1242 1932 novem
1287 1875 1418 1934 usui
1461 1871 1746 1933 tradenda
1790 1870 2035 1934 subieci.

851 1971 932 2033 De
978 1973 1208 2034 adonio.
1297 1974 1576 2038 adonium
1622 1982 1853 2034 constat
1896 1974 2151 2035 dimetro
2196 1972 2564 2045 catalectico,
2622 1983 2687 2036 ut
2728 1982 2819 2036 est
2860 1974 2995 2046 hoc,

613 2095 657 2134 ιε
733 2092 736 2095 ·
1252 2075 1478 2136 l'undite
1523 2075 1712 2137 fletuS.

850 2175 933 2237 De
977 2176 1344 2257 hymenaico.
1433 2178 1848 2255 hymenaicum
1895 2186 2125 2238 constat
2168 2176 2424 2239 dimetro
2468 2176 2815 2249 acatalecto,
2874 2186 2936 2240 ut
2986 2189 3068 2240 est
3103 2178 3211 2250 hoe,

1250 2280 1393 2342 tibia
1440 2288 1737 2361 personet.

850 2380 932 2441 De
977 2381 1356 2443 archilochio.
1446 2380 1873 2443 archilochium
1932 2388 2160 2443 constat
2204 2381 2460 2442 dimetro
2504 2381 2996 2463 hypercatalecto,
3048 2389 3103 2444 ut
3140 2391 3215 2443 est

680 2482 822 2552 hoc,

607 2605 658 2646 20
1253 2585 1488 2666 garrula
1535 2589 1692 2647 venit
1734 2589 1875 2648 aviS.

887 2685 897 2768 Ι
959 2689 1044 2749 De
1089 2686 1395 2750 alcmanio.
1471 2687 1827 2750 alcmanium
1874 2694 2105 2748 constat
2147 2689 2415 2748 trimetro
2458 2685 2830 2758 catalectico,
2879 2695 2942 2749 ut
2983 2695 3064 2748 est
3098 2687 3213 2756 hoc.

1251 2789 1480 2852 tundite
1525 2798 1767 2872 pectora
1812 2787 2044 2869 palmiS.

851 2891 931 2952 De
975 2891 1310 2954 simonidio.
1397 2892 1779 2956 simonidium
1824 2898 2055 2953 constat
2093 2895 2365 2953 trimetro
2411 2890 2764 2961 acatalecto,
2812 2900 2877 2953 ut
2919 2899 3004 2952 est
3040 2890 3155 2961 hoc,

1251 2993 1431 3055 indue
1476 2993 1650 3074 pallia
1699 2995 1920 3055 Serica.

605 3117 655 3158 25
852 3096 933 3157 De
977 3095 1286 3158 alcmanio.
1347 3095 1699 3158 alcmanium
1747 3102 1978 3158 constat
2018 3098 2289 3156 trimetro
2334 3094 2838 3176 hypercatalecto,
2884 3104 2949 3156 ut
2988 3104 3068 3156 est
3104 3095 3213 3164 hoc,

1251 3197 1444 3260 lurida
1488 3198 1732 3259 brachia
1779 3216 1885 3258 cur
1930 3200 2187 3277 retegis?

849 3301 930 3362 De
987 3300 1366 3363 archilochio.
1457 3298 1883 3362 archilochium
1945 3307 2172 3361 constat
2227 3306 2571 3386 tetrametro
2627 3297 2995 3370 catalectico,
3050 3307 3109 3360 ut
3142 3306 3217 3358 est

680 3402 820 3474 hoc,

1250 3513 1421 3567 arent
1463 3503 1716 3566 solstitio
1762 3502 1883 3564 sola
1931 3513 2141 3565 terrae,

603 3621 657 3666 ao
849 3608 934 3668 De
978 3606 1284 3668 alcmanio.
1374 3605 1728 3669 alcmanium
1773 3602 2005 3668 constat
2045 3613 2389 3667 tetrametro
2432 3604 2781 3676 acatalecto,
2830 3615 2896 3667 ut
2936 3614 3021 3668 est
3058 3605 3180 3672 hoc.

1079 3711 1246 3787 virgo
1291 3709 1508 3770 decens
1554 3708 1816 3769 comulas
1860 3707 2043 3786 religa
2088 3706 2218 3769 tibi.

849 3787 930 3871 De
991 3809 1298 3872 alcmanio.
1388 3810 1743 3872 alcmanium
1804 3818 2035 3871 constat
2091 3817 2435 3872 tetrametro
2494 3809 2997 3891 hypercatalecto‚
3052 3817 3109 3870 ut
3144 3817 3213 3867 est

677 3913 824 3990 hoc,

814 4151 846 4203 3
883 4167 969 4202 era
1005 4154 1050 4203 S
1081 4165 1226 4202 sacra
1259 4152 1310 4201 P
1445 4152 1657 4219 pulsans
1696 4164 1732 4208 3
1769 4158 1819 4202 et
1855 4149 2232 4202 Laurentianus
2370 4150 2498 4202 licus
2534 4150 2775 4201 adueniat
2814 4153 2859 4203 S
2987 4152 3019 4200 4
3054 4150 3111 4198 «le
3144 4161 3219 4212 yp-

677 4223 914 4288 ponactio
951 4224 1312 4290 ypponactium
1348 4224 1391 4276 S
1524 4221 1559 4274 6
1592 4219 1747 4289 pelle]
1791 4221 1929 4286 polio
1967 4223 2018 4271 P
2154 4221 2320 4271 tunsis
2355 4223 2413 4282 S,
2450 4236 2541 4270 om.
2580 4221 2635 4271 N
2768 4217 2934 4288 ponti]
2986 4218 3091 4270 freti
3120 4219 3221 4266 Put-

674 4293 841 4344 aclu‘ua
1011 4293 1042 4342 7
1079 4292 1368 4343 catalectico
1407 4293 1458 4341 P
1627 4292 1662 4343 9
1695 4292 1921 4341 carmina
1956 4293 2049 4342 PS
2180 4306 2383 4356 parcem
2420 4305 2565 4340 sacro
2603 4289 2655 4338 P
2678 4305 2833 4356 parce
2869 4293 2969 4340 iam
3004 4299 3161 4339 teucro
3192 4287 3225 4336 S

675 4379 828 4430 parce
866 4363 967 4412 iam
1002 4373 1176 4413 tenero
1213 4377 1248 4418 3
1389 4360 1457 4414 10
1503 4361 1576 4411 De
1612 4361 1829 4425 dactylis
1866 4363 1921 4410 N
1954 4376 2021 4412 nn
2054 4374 2239 4412 uernis
2278 4375 2561 4411 ostermere
2598 4359 2645 4408 P
2682 4375 2748 4410 οε
2790 4376 2957 4412 uerno
2990 4371 3223 4410 morinco

677 4433 718 4481 S
858 4434 920 4484 12
973 4442 1023 4483 et
1057 4432 1309 4482 interdum
1345 4432 1517 4482 ultimo
1558 4431 1668 4482 loco
1702 4431 1996 4482 trochaeum
2034 4445 2067 4488 ς
2105 4432 2196 4481 sed
2231 4430 2480 4481 interdum
2518 4431 2747 4480 ultimum
2794 4431 2957 4481 locum
2994 4427 3223 4479 trocheum

675 4501 731 4562 S,
773 4519 866 4556 om.
907 4501 1007 4551 NP
1171 4502 1404 4568 pluribus
1450 4503 1501 4551 P
1670 4502 1735 4552 14
1787 4501 1975 4552 Αιίοηίἰ
2006 4505 2150 4552 mem·
2182 4503 2535 4568 definitionem,
2578 4501 2642 4550 de
2673 4501 2875 4550 actonio
2904 4500 3138 4550 actonium
3174 4523 3223 4531 --

567 4577 575 4590 '
680 4572 855 4622 {lectus
885 4581 1004 4637 post
1039 4573 1105 4623 17
1145 4581 1381 4637 personet
1409 4570 1558 4622 habet
1585 4572 1627 4621 S
1728 4571 1957 4620 trimetro
1991 4569 2037 4619 P
2168 4572 2228 4623 15
2260 4571 2619 4620 finditelluctua
2652 4585 2688 4628 3
2828 4569 2893 4622 1ss
2926 4570 2987 4629 de
3020 4568 3225 4618 iminaico

677 4642 967 4692 iminaicnm
1007 4643 1048 4694 S
1079 4643 1142 4692 de
1174 4643 1444 4708 hymniaco
1476 4639 1801 4704 hymniacum
1829 4641 1878 4689 P
1904 4640 2299 4692 liirmiuachium
2322 4653 2355 4698 3
2458 4641 2750 4691 catalectico
2781 4641 2832 4690 P
2934 4641 2999 4690 17
3034 4651 3225 4704 persone

679 4711 720 4760 S
819 4711 886 4760 20
921 4712 1204 4778 garrulauit
1233 4713 1344 4762 auis
1381 4711 1428 4760 Ρ
1539 4713 1602 4762 ’21
1642 4712 1916 4761 acatalecto
1954 4711 2004 4760 N
2108 4713 2175 4762 24
2211 4712 2375 4761 sireca
2410 4710 2461 4759 P
2494 4711 2651 4760 sirica
2686 4712 2729 4761 S
2830 4709 2901 4760 26
2938 4709 3071 4759 ludia
3100 4708 3143 4757 P

677 4779 910 4829 bracchia
951 4773 1016 4831 N*
1107 4783 1284 4847 ritegis
1319 4784 1362 4834 S
1465 4781 1530 4830 29
1569 4782 1767 4831 sostitio
1804 4781 1855 4829 P
1886 4781 2140 4831 solistidio
2176 4781 2218 4831 S
2322 4781 2383 4831 31
2424 4781 2572 4847 virgo
2608 4781 2799 4830 decens
2840 4781 2950 4829 eine
2980 4786 3127 4829 matre
3158 4791 3225 4824 re·

679 4848 924 4912 linquitur
955 4849 1228 4900 Santenius
1367 4849 1594 4900 comulas
1619 4867 1757 4904 corr.
1798 4851 2029 4902 cumulas
2062 4851 2117 4901 Ν
2146 4850 2371 4902 comolae
2404 4851 2447 4902 S
2582 4848 2785 4914 reliqua
2818 4850 2863 4902 S
2895 4848 3069 4916 regilla
3100 4847 3145 4896 P
