3434 5442
858 329 956 391 DE
1000 329 1302 392 VLTIMIS
1345 330 1704 394 SYLLABIS
1747 331 1849 392 v11
1896 331 2049 394 1-3
2626 332 2748 394 237

287 458 329 498 p.
357 444 506 488 urm
531 444 583 485 P.
2364 460 2411 500 p.
2440 447 2571 490 oasa
2598 447 2646 489 ι.

193 533 252 576 er
281 513 507 594 syllaba,
537 522 606 578 ut
647 517 1012 594 ‘magicas
1055 518 1364 586 invitam
1406 519 1869 595 accingier’;
1914 534 2003 588 or,
2048 525 2115 578 ut
2156 518 2431 579 ‘testor
2465 526 2749 579 utrum-

191 635 324 694 que
361 621 646 696 caput’;
715 635 788 678 ur
827 617 1080 698 syllaba,
1139 626 1207 680 ut
1253 617 1590 680 ‘ducitur
1633 619 1905 682 infelix
1956 638 2138 681 aevo
2196 638 2247 680 c.
2294 620 2409 681 A.’.
2494 627 2521 679 t
2555 620 2751 682 littera

186 725 528 796 postremam
581 737 822 798 semper
861 719 1101 782 brevem
1155 718 1437 800 syllabam
1493 720 1689 782 reddit
1744 721 2237 799 praecedentibus
2292 720 2481 784 tribus
2534 721 2750 782 vocali·

187 818 311 889 bus,
355 837 388 880 a
428 839 460 881 e
499 821 548 890 i,
591 827 658 882 ut

472 921 996 1002 Lydorumque
1039 940 1296 986 manus
1339 921 1715 985 collectos
1756 931 1996 985 armat
2037 931 2385 1002 agrestes
2800 955 2827 995 5

187 1019 284 1104 etl
322 1022 696 1086 ‘admonet
727 1027 843 1086 ira
883 1025 1128 1086 deum'
1175 1030 1235 1086 et

473 1143 606 1186 nec
648 1126 977 1188 Turnum
1015 1127 1268 1205 segnis
1311 1128 1598 1188 retinet
1639 1143 1843 1188 mora
1886 1126 2014 1188 sed
2052 1128 2253 1206 rapit
2293 1145 2481 1189 acer.

185 1227 592 1304 disputavimus
635 1227 990 1305 generaliter
1033 1229 1108 1290 de
1147 1229 1462 1307 postremis
1505 1227 1761 1309 syllabis.
1828 1246 1987 1290 nunc
2024 1228 2355 1307 specialiter
2397 1229 2749 1310 disceptabi-

187 1345 308 1388 mus
345 1344 450 1406 per
488 1329 944 1406 significationes
987 1330 1195 1391 modos
1236 1337 1503 1408 tempora
1547 1337 1725 1410 atque
1766 1347 2067 1408 personas.

339 1429 534 1491 Prima
577 1449 833 1510 persona
875 1431 1051 1493 modo
1095 1432 1562 1510 pronuntiativo,
1617 1433 1678 1493 id
1726 1439 1816 1492 est
1856 1431 2199 1500 indicativo,
2258 1437 2529 1510 tempore
2577 1450 2747 1511 prae·
2774 1460 2823 1500 ιο

186 1532 326 1592 senti
375 1532 700 1594 activorum
761 1541 822 1594 et
871 1532 1229 1595 neutralium
1294 1533 1613 1594 verborum
1672 1533 2017 1611 saepissime
2077 1531 2313 1610 longam
2368 1535 2610 1613 recipit,
2682 1542 2750 1596 ut

187 1631 444 1693 ‘lustra
497 1633 908 1714 domosque
953 1635 1229 1698 trabo’.
1321 1635 1582 1697 secunda
1623 1651 1881 1714 persona
1936 1634 2165 1720 primae
2220 1641 2277 1695 et
2320 1635 2615 1696 secundae
2664 1637 2751 1698 vel

189 1735 376 1794 tertiae
411 1736 838 1812 coniugationis
880 1737 1203 1816 productae
1257 1754 1495 1816 semper
1540 1736 1815 1814 producit
1857 1734 2125 1796 ultimam
2160 1733 2475 1816 syllabam,
2531 1744 2599 1798 ut
2646 1738 2751 1800 do-

189 1852 284 1895 nas
327 1853 532 1897 mones
571 1836 760 1908 audis,
805 1839 1013 1900 tertiae
1059 1847 1256 1900 autem
1301 1838 1731 1917 coniugationis
1772 1843 2085 1916 correptae
2124 1839 2387 1916 corripit,
2432 1846 2500 1901 ut

471 1924 854 2000 causando
899 1950 1204 2001 nostros
1250 1942 1324 2001 in
1373 1939 1672 2017 longum
1717 1939 1927 2000 (lucis
1966 1956 2276 2001 amores.
2775 1966 2827 2008 η

189 2041 340 2101 tertia
371 2057 628 2118 persona
676 2040 952 2103 omnibus
993 2049 1269 2122 quattuor
1319 2039 1626 2104 ordinibus
1653 2041 2131 2118 coniugationum
2167 2039 2431 2102 ultimam
2470 2041 2753 2121 syllabam

189 2142 430 2220 corripit.
505 2140 721 2220 plurali
765 2161 1016 2205 numero
1059 2146 1250 2222 prima
1294 2152 1354 2206 et
1395 2142 1656 2204 secunda
1701 2143 1761 2201 in
1803 2139 1997 2202 tribus
2038 2141 2347 2202 ordinibus
2389 2144 2752 2221 coniugatio·-

189 2259 314 2302 num
341 2243 666 2320 productis,
711 2251 954 2324 excepta
987 2247 1158 2306 tertia
1203 2247 1616 2324 coniugatione
1649 2250 1943 2322 correpta,
1976 2241 2397 2322 paenultimam
2430 2243 2711 2324 syllabam
2736 2243 2755 2326 ΙΙ

189 2345 520 2422 producunt,
569 2346 943 2408 novissimam
987 2349 1348 2429 corripiunt,
1395 2353 1462 2408 ut
1501 2347 1791 2408 donamus
1832 2344 2081 2414 donatis,
2126 2361 2437 2407 monemus
2478 2349 2749 2416 monetis,

187 2445 436 2506 audimus
479 2447 722 2516 auditis;
776 2448 946 2508 tertia
988 2467 1130 2510 vero
1168 2455 1442 2527 correpta
1486 2448 1899 2526 coniugatione
1945 2445 2301 2524 paenultima
2341 2465 2575 2524 semper
2617 2467 2747 2509 cor·
2774 2471 2828 2512 20

189 2547 398 2624 ripitur,
445 2555 514 2608 ut
553 2547 725 2609 ‘nos
768 2547 1028 2610 flendo
1071 2550 1415 2611 ducimus
1458 2549 1716 2610 horas'
1760 2554 1823 2610 et

469 2647 850 2710 labentem
893 2642 1104 2712 ca'elo
1149 2652 1274 2728 qui
1313 2651 1595 2712 ducitis
1641 2667 1929 2713 annum.

191 2757 434 2827 tempore
476 2752 796 2829 praeterito
853 2753 1198 2831 imperfecto
1249 2771 1500 2814 numero
1555 2752 1840 2832 singulari
1892 2751 2309 2830 paenultimam
2352 2750 2636 2831 syllabam
2690 2754 2751 2814 in

191 2849 442 2912 omnibus
495 2855 770 2931 personis
821 2855 1128 2935 utriusque
1167 2856 1398 2917 numeri
1455 2856 1763 2917 universae
1818 2855 2259 2932 coniugationes
2304 2852 2543 2932 longam
2598 2855 2752 2916 reci·

191 2954 362 3030 piunt,
409 2961 475 3014 ut
517 2954 815 3016 donabam
857 2956 1174 3018 monebam
1217 2956 1526 3019 audiebam
1570 2954 1873 3034 legebam:
1933 2957 2075 3016 item
2108 2953 2442 3034 pluraliter,
2490 2954 2747 3017 donaba·
2776 2978 2827 3019 2⁵

193 3072 303 3114 mus
336 3053 728 3119 monebamus
769 3056 1156 3120 audiebamus
1209 3056 1570 3135 legebamus,
1659 3058 1973 3118 novissima
2022 3056 2244 3136 syllaba
2300 3055 2587 3133 singulari
2642 3075 2750 3117 nu—

193 3159 334 3216 mero
392 3175 653 3236 persona
702 3160 892 3236 prima
949 3177 1188 3240 semper
1235 3159 1436 3221 brevis
1487 3165 1578 3222 est
1625 3161 1688 3222 in
1747 3158 2025 3220 omnibus
2078 3157 2622 3236 coniugationibus,
2686 3165 2753 3218 ut

195 3255 494 3319 clamabam
545 3267 608 3320 et
655 3266 871 3321 cetera.
959 3262 1218 3323 secunda
1275 3278 1529 3342 persona
1583 3259 1899 3340 singularis
1960 3259 2227 3320 omnium
2274 3260 2749 3337 coniugationum

195 3360 439 3436 producit
481 3359 780 3429 ultimam,
837 3368 907 3423 ut
949 3361 1246 3427 clamabas
1293 3361 1578 3426 monebas
1622 3361 1903 3424 audiebas
1952 3359 2241 3439 rapiebas.
2330 3362 2503 3422 tertia
2550 3367 2749 3422 autem

197 3479 418 3537 persona
459 3460 778 3540 singularis
831 3470 890 3524 et
931 3465 1124 3542 prima
1179 3464 1270 3527 vel
1307 3466 1568 3528 secunda
1625 3462 1871 3544 pluralis
1922 3480 2157 3542 semper
2212 3462 2453 3524 brevem
2508 3460 2745 3532 habent,
2774 3485 2828 3527 ao

197 3571 246 3620 ut
281 3562 564 3624 clamabat
601 3563 1001 3628 clamabamus
1045 3565 1400 3627 clamabatis.
1489 3569 1663 3629 tertia
1703 3574 1903 3628 autem
1946 3564 2189 3644 pluralis
2227 3564 2521 3644 positione
2576 3561 2751 3642 longa

196 3663 272 3732 fit,
310 3672 370 3724 ut
409 3663 762 3729 clamabant.
837 3666 910 3726 ⁴in
953 3667 1252 3729 defectivis
1299 3684 1442 3729 sane
1496 3668 1721 3739 verbis,
1778 3670 1828 3729 si
1882 3667 2220 3729 consideres
2262 3683 2395 3727 sum
2448 3671 2507 3727 et
2544 3665 2752 3728 adsum

196 3765 266 3825 rel
302 3783 564 3844 prosum,
608 3765 968 3846 paenultima
1011 3770 1346 3848 corripitur,
1387 3777 1453 3831 ut
1491 3788 1623 3832 eras
1665 3771 1877 3832 aderas
1921 3768 2011 3830 vel
2038 3766 2353 3848 'proderas
2430 3768 2489 3828 in
2540 3768 2753 3828 ceteris

197 3868 434 3942 personis
477 3867 768 3930 similiter.
857 3871 1238 3947 praeteritum
1291 3872 1624 3950 perfectum
1677 3881 1911 3951 tempus
1970 3888 2205 3949 semper
2248 3868 2488 3946 longam
2542 3869 2753 3947 recipit

197 3967 461 4040 nltimam,
523 3972 648 4032 sive
703 3972 726 4030 i
775 3968 970 4032 littera
1025 3981 1322 4050 postrema
1381 3973 1634 4052 simplici
1693 3974 1887 4054 prima
1940 3989 2197 4052 persona
2248 3953 2629 4038 terminatur,
2688 3974 2753 4029 ut
2776 3986 2829 4028 ss

199 4068 456 4150 ‘Tityre
501 4081 580 4131 tu
617 4070 922 4150 patulae
965 4075 1210 4134 cecini
1245 4079 1340 4144 s.’,
1387 4075 1510 4136 sive
1547 4078 1858 4154 geminata,
1898 4079 1963 4135 ut
2000 4072 2009 4155 Ι
2049 4075 2223 4151 ‘quo
2270 4071 2513 4132 feror?
2557 4070 2753 4131 unde

201 4171 388 4233 abiii'
477 4176 636 4236 scire
679 4181 874 4236 autem
919 4191 1164 4238 necesse
1211 4183 1328 4246 est,
1387 4194 1679 4255 quaenam
1736 4175 2065 4254 coniugatio
2118 4173 2385 4234 ultimam
2428 4173 2449 4232 i
2496 4170 2751 4234 litteram

315 4377 336 4428 1
373 4394 428 4428 er
461 4377 660 4445 syllaba
697 4381 861 4445 magis
893 4379 1052 4430 inuita
1088 4379 1164 4430 B:
1205 4382 1416 4446 magicis
1453 4381 1662 4430 inuitam
1697 4395 1759 4438 ⁰3:
1807 4382 1961 4444 Verq-
2001 4378 2131 4430 Aen.
2166 4378 2255 4426 111¹
2292 4376 2396 4428 493
2571 4374 2749 4440 testor]

211 4445 336 4512 Vero.
369 4448 502 4501 Aen.
537 4448 629 4497 llll
667 4447 770 4499 357
913 4450 944 4498 2
977 4448 1198 4515 ducitur]
1248 4452 1406 4517 Ver-9.
1447 4451 1579 4500 Aen.
1620 4452 1692 4501 Xl
1730 4450 1797 4501 85
1939 4463 2066 4499 aeuo
2104 4455 2331 4498 maturus
2365 4447 2583 4496 Acaetes
2619 4461 2653 4502 ς

206 4516 230 4562 ἴ)
259 4515 616 4581 Lydorumque]
665 4519 824 4584 Verq.
861 4519 993 4569 Aen.
1029 4521 1170 4569 Vllll
1210 4520 1266 4571 ll
1412 4521 1446 4571 6
1485 4519 1746 4585 admonet]
1798 4522 1953 4585 Vera.
1993 4519 2123 4568 Aen.
2163 4515 2233 4566 Xl
2270 4515 2373 4568 233
2550 4515 2581 4563 7
2625 4513 2750 4579 ιιιοο]

213 4585 482 4650 Vera-Aen.
519 4586 570 4636 X
602 4587 708 4638 308
852 4588 912 4638 11
953 4597 1002 4638 et
1037 4603 1126 4638 om.
1168 4589 1219 4638 B
1285 4631 1292 4638 .
1361 4591 1426 4641 12
1461 4589 1638 4657 lustra]
1685 4592 1841 4655 Ver-9.
1876 4590 2006 4640 Aen.
2050 4589 2114 4637 ΙΙΙ
2154 4587 2253 4638 647
2363 4586 2427 4636 15
2465 4583 2748 4649 causando]

213 4655 342 4721 Vero.
373 4657 532 4708 bucol.
569 4657 620 4716 9,
656 4659 728 4709 56
868 4662 932 4709 21
971 4657 1086 4724 nos]
1132 4660 1290 4725 Vero.
1315 4661 1446 4710 Aen.
1476 4661 1538 4709 Vl
1573 4661 1677 4713 539
1835 4663 1903 4711 22
1936 4655 2210 4721 labentem]
2256 4657 2413 4721 Ver-0.
2447 4670 2625 4721 year-0.
2668 4657 2685 4704 l
2719 4657 2754 4704 6

315 4741 438 4788 quae
470 4727 658 4778 ducitis
687 4743 724 4785 ς
830 4727 899 4779 33
935 4727 1013 4778 uel
1051 4729 1318 4794 prol'ueras
1352 4730 1403 4780 B
1544 4730 1613 4780 36
1652 4727 1849 4795 Tityre]
1897 4730 2056 4795 Ver-9.
2085 4742 2260 4794 gevre.
2302 4727 2387 4776 llll
2425 4725 2529 4779 566
2632 4733 2681 4774 te
2719 4737 2753 4780 ς

321 4795 436 4862 quo]
477 4799 636 4863 Ver-9.
676 4799 811 4850 Aen.
848 4797 892 4847 X
929 4798 1032 4848 670
