3434 5442
2989 193 3018 212 l

588 276 669 338 72
694 321 705 340 .
1370 331 1381 343 .
1775 275 2001 338 I'ROBI

694 409 736 448 p.
770 395 855 436 182.
877 393 927 434 sa
955 391 1008 432 11.
2757 403 2802 446 p.
2830 392 2994 433 essse
3025 389 3080 430 v.

590 463 1043 526 concluduntur.
1135 479 1275 524 sane
1318 465 1491 524 etiam
1538 464 1652 525 1100
1698 481 2008 525 monemus
2051 466 2110 524 111
2153 464 2266 524 1130
2313 463 2500 524 forma
2544 463 2780 542 generis
2817 463 3026 532 omnis,
3069 480 3182 541 qua

593 567 845 628 diximus
899 567 959 626 in
1018 565 1269 644 positivo
1326 565 1513 642 gradu
1577 567 1932 627 nominativo
1981 585 2116 626 rasu
2173 566 2405 626 numeri
2453 563 2768 642 singularis
2821 565 3058 624 nomina
3115 583 3186 622 us

592 667 803 729 litteris
848 665 1097 735 definiri,
1146 667 1303 746 quod
1351 685 1423 727 ex
1466 686 1530 727 ea
1579 666 1767 727 forma
1817 668 1949 746 plus
1993 685 2168 746 quam
2207 675 2330 727 tres
2370 669 2518 734 soni,
2561 667 2673 726 hoc
2720 674 2809 726 est
2851 684 3026 745 quam
3075 667 3183 726 tria

591 769 858 836 nomina,
924 785 1041 828 non
1088 769 1313 848 possint
1359 767 1640 830 exhiberi.
1732 771 1870 830 item
1923 772 1979 830 in
2039 765 2148 829 hac
2207 767 2425 834 forma.
2481 787 2596 847 qua
2645 767 2896 828 diximus
2951 769 3188 845 generis

540 895 566 934 5
596 871 787 930 omnis
829 870 1065 930 nomina
1124 871 1181 929 in
1227 871 1473 949 positivo
1522 871 1708 948 gradu
1756 872 2108 932 nominativo
2147 888 2287 931 casu
2335 871 2568 930 numeri
2611 867 2923 946 singularis
2969 887 3041 929 us
3091 867 3186 928 lit-

592 973 734 1034 teris
779 972 1039 1042 deflniri,
1098 974 1429 1050 quaeritur,
1490 989 1605 1049 qua
1652 973 1726 1033 de
1772 989 1946 1033 causa
1991 978 2155 1033 vetus
2207 973 2400 1032 omnis
2455 973 2691 1047 generis
2745 988 2875 1030 esse
2934 971 3185 1032 dicatur.

590 1074 703 1134 1130
746 1072 819 1134 de
865 1090 1070 1142 causa,
1132 1074 1411 1155 quoniam
1471 1091 1881 1152 quaecumque
1941 1071 2217 1134 vocabula
2274 1071 2590 1132 masculina
2645 1073 2997 1132 nominativo
3043 1091 3184 1133 casu

592 1176 823 1236 numeri
870 1173 1181 1252 singularis
1226 1193 1297 1236 us
1338 1173 1546 1236 litteris
1588 1175 1949 1236 definiuntur
2005 1181 2064 1236 et
2100 1173 2349 1235 ablativo
2400 1193 2539 1235 casu
2593 1175 2824 1234 numeri
2867 1173 3188 1253 singularis

592 1297 625 1338 e
670 1275 763 1338 vel
806 1278 827 1336 i
872 1276 1061 1337 littera
1109 1277 1533 1345 terminantur,
1590 1277 1770 1346 haec,
1824 1279 1871 1339 si
1917 1295 1988 1338 ex
2041 1294 2145 1337 sua
2193 1277 2389 1354 specie
2441 1274 2719 1337 vocabula
2769 1277 3046 1336 feminina
3093 1274 3185 1336 vel

517 1401 565 1442 10
596 1385 806 1440 neutra
853 1379 1048 1440 facere
1090 1387 1355 1456 possunt,
1403 1381 1639 1457 generis
1684 1381 1877 1440 omnis
1923 1395 2051 1439 esse
2093 1379 2566 1456 pronuntiantur.
2659 1377 2733 1437 (le
2771 1378 2956 1438 forma
3003 1393 3184 1454 gene·

593 1481 678 1542 ris
719 1481 930 1548 omnis,
979 1497 1092 1559 qua
1126 1480 1185 1539 in
1222 1481 1470 1557 positivo
1502 1480 1689 1557 gradu
1737 1481 2093 1542 nominativo
2139 1497 2276 1540 casu
2309 1483 2541 1541 numeri
2586 1478 2900 1559 singularis
2942 1481 3182 1539 nomina

595 1599 663 1642 us
715 1581 924 1642 litteris
984 1581 1375 1651 definiuntur,
1446 1601 1620 1662 quem
1668 1583 1740 1643 ad
1789 1582 2030 1643 modum
2087 1601 2156 1643 ex
2209 1599 2273 1642 se
2335 1580 2552 1641 faciant
2611 1581 3041 1660 comparativos
3095 1579 3186 1640 vel

592 1681 979 1761 superlativus
1024 1683 1262 1762 gramm,
1309 1701 1417 1743 nec
1462 1702 1582 1743 non
1630 1693 1687 1746 et
1731 1685 1882 1744 intra
1929 1691 2210 1763 quantum
2252 1700 2584 1743 numerum·
2613 1701 2743 1743 esse
2787 1685 3186 1760 reperiantur,

594 1793 877 1865 quantum
916 1785 1065 1845 ratio
1108 1785 1407 1864 poscebat,
1454 1787 1848 1847 tractavimus,
1879 1781 1907 1869 Η

514 1909 563 1949 15
763 1885 848 1948 De
885 1904 997 1946 am.
1091 1887 1280 1946 omnis
1321 1890 1554 1965 generis
1602 1905 1815 1947 nomen
1857 1895 1960 1957 est,
2010 1887 2168 1968 quod
2213 1889 2273 1947 in
2311 1888 2558 1966 positivo
2605 1887 2793 1964 gradu
2839 1903 2931 1946 am
2977 1885 3190 1946 litteris

594 1989 889 2060 definitur,
936 1989 993 2048 id
1040 1994 1129 2048 est
1172 2004 1445 2069 nequam.
1534 1990 1647 2049 hoc
1693 1990 1850 2050 idem
1899 2007 2112 2050 nomen
2157 1992 2218 2050 in
2263 1989 2509 2068 positivo
2556 1987 2742 2064 gradu
2787 1995 2908 2048 tam
2953 1989 3190 2048 numeri

592 2089 904 2169 singularis
960 2107 1137 2169 quam
1194 2087 1436 2168 pluralis
1480 2097 1676 2169 aptote
1729 2089 2088 2162 declinatur,
2143 2090 2257 2152 hoc
2302 2099 2392 2152 est
2435 2107 2543 2168 per
2591 2109 2798 2150 omnes
2845 2107 3018 2150 casus
3065 2107 3188 2149 uno

592 2210 737 2253 sono
784 2192 1229 2270 pronuntiatur;
1272 2193 1329 2252 in
1378 2194 1772 2270 comparativo
1817 2201 2012 2254 autem
2065 2211 2136 2254 ex
2177 2189 2398 2271 'genere
2444 2191 2741 2252 communi
2785 2191 3064 2272 nequior,
3114 2211 3186 2251 ex

592 2310 810 2372 genere
865 2299 1081 2354 neutro
1133 2293 1253 2353 sive
1300 2293 1577 2355 adverbio
1636 2295 1886 2372 nequius
1947 2289 2140 2356 facere
2193 2293 2548 2355 declaratur.
2639 2293 2742 2354 sed
2789 2293 3022 2372 quando
3083 2311 3190 2354 ne-

514 2415 565 2456 30
593 2397 766 2474 quius
816 2396 1020 2473 generi
1062 2401 1274 2456 neutro
1317 2395 1405 2456 vel
1448 2393 1685 2475 quando
1731 2395 2005 2456 adverbio
2058 2403 2467 2474 comparetur,
2516 2398 2572 2455 in
2613 2392 3021 2472 superioribus
3069 2395 3188 2461 iam

590 2499 731 2558 satis
782 2495 1165 2560 ostendimus.
1259 2503 1317 2556 at
1360 2513 1497 2558 vero
1537 2498 1596 2557 in
1632 2497 1989 2575 superlativo
2030 2497 2218 2574 gradu
2261 2513 2482 2575 genere
2521 2496 2846 2558 masculino
2893 2499 3192 2573 nequissi-

590 2617 742 2667 muS,
791 2616 1011 2676 genere
1056 2599 1337 2660 feminino
1382 2601 1758 2677 nequissima,
1805 2617 2023 2678 genere
2060 2605 2273 2660 neutro
2318 2595 2756 2682 nequislsimum
2805 2597 3000 2659 facere
3042 2615 3192 2676 pro-

594 2701 914 2761 nuntiatur.
976 2717 1136 2762 nunc
1167 2701 1486 2780 quaeritur,
1527 2719 1639 2781 qua
1672 2702 1746 2762 de
1787 2719 1962 2762 causa
1998 2720 2251 2780 nequam
2288 2703 2478 2761 omnis
2505 2701 2740 2778 generis
2768 2717 2897 2761 esse
2933 2700 3191 2760 dicatur.

592 2820 773 2883 quare
818 2801 932 2862 hoc
976 2819 1313 2872 monemus„
1360 2804 2097 2882 quoniam.quaecumque
2143 2821 2240 2863 res
2285 2800 2404 2862 sola
2465 2803 2789 2881 reperitur,
2848 2801 3190 2880 exemplum

514 2921 564 2963 25
594 2923 711 2964 non
768 2903 946 2965 habet
992 2922 1023 2964 a
1082 2903 1200 2983 qu‘o
1261 2903 1623 2981 corrigatur;
1683 2913 1742 2965 et
1787 2904 1949 2972 ideo,
2011 2921 2186 2984 quem
2233 2904 2303 2966 ad
2351 2903 2591 2964 modum
2641 2903 2712 2964 ad
2757 2921 2966 2964 sonum
3007 2921 3191 2963 suum

590 3007 935 3067 confirmata
980 3024 1110 3067 esse
1147 3008 1465 3086 reperitur,
1514 3023 1755 3067 necesse
1792 3009 1880 3067 est
1925 3011 1996 3066 ut
2018 3008 2102 3066 sic
2145 3007 2484 3085 accipiatur.
2549 3005 2622 3065 ‹le
2669 3007 2904 3066 nomine
2946 3005 3194 3081 generis

590 3109 798 3177 omnis„
846 3107 1003 3188 quod
1050 3109 1107 3168 in
1150 3110 1399 3188 positivo
1446 3108 1634 3186 gradu
1678 3125 1788 3186 per
1818 3125 2024 3168 omnes
2069 3125 2239 3168 casus
2285 3124 2377 3168 am
2422 3106 2630 3169 litteris
2667 3108 2957 3222 definitur,
3005 3125 3192 3186 quem

589 3211 661 3272 ad
701 3211 942 3298 modum
988 3227 1097 3290 per
1138 3228 1345 3273 omnes
1387 3209 1607 3288 gradus
1648 3217 1820 3270 sonet
1862 3210 2246 3270 ostendimus.

758 3313 912 3374 Sane
972 3314 1305 3391 quaeritur,
1359 3329 1473 3391 qua
1533 3310 1607 3371 de
1658 3327 1834 3372 causa
1889 3327 2155 3372 summus
2209 3311 2447 3372 intimus
2499 3321 2802 3372 extremus
2843 3308 3086 3370 ultimus
3131 3318 3196 3371 et

512 3431 565 3473 30
590 3421 782 3476 cetera
836 3414 969 3475 talia
1024 3415 1248 3492 positivi
1315 3421 1372 3473 et
1427 3431 1543 3474 non
1596 3413 1937 3493 superlativi
1986 3413 2204 3492 gradus
2262 3431 2389 3474 esse
2453 3414 2851 3490 reperiuntur.
2939 3411 3053 3473 hac
3113 3413 3194 3472 de

590 3533 784 3586 cansa,
828 3517 1105 3593 quoniam
1154 3516 1349 3576 omnia
1395 3517 1628 3576 nomina
1681 3514 1918 3591 generis
1965 3513 2193 3576 scilicet
2232 3513 2540 3576 masculini
2583 3514 2920 3593 superlativi
2966 3513 3194 3594 gradus

589 3619 851 3697 exceptis
906 3616 1095 3678 tribus
1134 3615 1227 3676 his
1278 3616 1596 3687 anomalis,
1656 3616 1715 3677 id
1761 3622 1849 3678 est
1892 3617 2112 3696 optimo
2169 3619 2428 3696 pessimo
2489 3617 2774 3687 maximo,
2827 3617 3194 3677 nominativo

590 3737 731 3780 casu
767 3719 998 3779 numeri
1038 3717 1351 3796 singularis
1395 3717 1625 3780 duabus
1666 3717 1762 3780 his
1798 3720 2004 3780 formis
2049 3719 2407 3781 definiuntur
2451 3725 2699 3788 tantum,
2748 3720 2936 3779 rimus
2981 3709 3190 3787 simus»,

586 3829 655 3883 ut
698 3827 839 3901 puta
879 3821 1237 3898 nigerrimus
1280 3821 1671 3882 doctissimus.
1736 3838 1897 3882 nunc
1940 3839 2076 3883 cum
2116 3839 2382 3882 summus
2425 3821 2665 3881 intimus
2705 3826 3008 3881 extremus
3051 3818 3192 3880 ulti·

510 3939 560 3984 ³⁵
592 3943 725 3984 mus
782 3929 840 3984 et
882 3929 1077 3984 cetera
1130 3920 1268 3982 talia
1319 3923 1677 3983 nominativo
1735 3941 1876 3984 casu
1929 3923 2158 3984 numeri
2217 3921 2528 4001 singularis
2585 3939 2704 3982 non
2763 3920 2946 3982 isdem
3005 3939 3188 3999 supra

590 4025 761 4087 (lictis
800 4026 1006 4085 formis
1060 4024 1443 4093 definiantur,
1498 4027 1701 4106 utique
1757 4027 1868 4086 iam
1929 4043 2050 4085 non
2103 4023 2468 4102 superlativi,
2525 4024 2630 4085 sed
2678 4025 2908 4101 positivi
2965 4023 3194 4100 gradus

589 4129 826 4189 nomina
866 4145 995 4188 esse
1039 4128 1515 4207 pronuntiantur.
1604 4127 1744 4188 item
1791 4137 1848 4188 et
1892 4127 2000 4187 alia
2041 4127 2219 4194 ratio,
2283 4145 2394 4205 qua
2443 4125 2770 4204 probantur
2816 4125 2964 4187 11300
3005 4141 3188 4203 supra

589 4229 741 4290 dicta
787 4230 1025 4289 nomina
1083 4229 1349 4307 positivi,
1408 4245 1525 4288 non
1578 4229 1919 4306 superlativi
1978 4228 2196 4307 gradus
2252 4245 2382 4288 esse
2439 4227 2907 4306 pronuntianda:
2963 4210 3196 4288 scilicet

588 4331 867 4408 quoniam
922 4331 1116 4391 omnia
1176 4331 1415 4391 nomina
1476 4331 1536 4390 in
1592 4329 1948 4409 superlativo
2005 4330 2224 4408 gradu,
2287 4331 2544 4407 exceptis
2601 4329 2792 4390 tribus
2847 4327 3196 4390 nominibus

730 4531 795 4584 16
828 4531 927 4584 hoc
960 4533 1095 4584 idem
1132 4533 1183 4582 B
1216 4532 1315 4584 hoc
1348 4534 1401 4583 id
1434 4543 1513 4584 est
1552 4535 1597 4587 R
1741 4535 1805 4586 18
1842 4549 1967 4586 sono
2005 4533 2056 4585 B
2091 4548 2220 4584 sonu
2259 4533 2304 4584 R
2418 4533 2480 4584 19
2517 4533 2802 4583 declaratur
2847 4533 2894 4582 B
2929 4533 3116 4584 debent
3146 4533 3191 4584 R

727 4603 789 4652 21
843 4604 1161 4653 ostendimus
1198 4603 1245 4654 R
1293 4606 1625 4654 tractauimus
1660 4605 1713 4655 B
1883 4607 1949 4654 22
2000 4606 2358 4672 pronuntiatur
2393 4621 2420 4654 v
2455 4619 2526 4654 ex
2562 4605 2734 4654 codice
2771 4605 3012 4654 Parisino
3049 4605 3192 4656 7519

588 4673 979 4738 pronuntiantur
1015 4671 1114 4723 RB
1286 4673 1355 4726 28
1393 4685 1538 4725 sonet
1569 4692 1596 4725 v
1631 4689 1702 4724 ex
1731 4675 1904 4725 codice
1941 4675 2178 4725 Parisino
2213 4674 2349 4726 7519
2387 4682 2567 4724 sonent
2606 4674 2683 4724 11.-
2717 4676 2766 4723 in
2804 4673 2856 4724 B
2890 4676 2992 4740 10ρί
3023 4675 3196 4740 neqaa‘s

728 4741 798 4795 36
836 4743 939 4791 iam
972 4757 1073 4792 non
1108 4742 1160 4793 B
1194 4757 1295 4792 non
1333 4744 1433 4792 iam
1470 4744 1513 4793 R

3338 181 3343 280 ¹
