3434 5442
1322 303 1743 366 PRAEFATIO
2729 315 2825 364 xv

278 513 372 578 pro
414 495 606 571 plebi,
654 495 828 555 velua
871 511 989 576 pro
1033 495 1241 568 belua,
1301 509 1486 554 verva
1527 511 1644 574 pro
1689 494 1903 566 verba,
1962 508 2065 552 vos
2119 507 2234 572 pro
2288 491 2427 558 bos,·
2484 495 2549 550 et
2601 498 2826 552 contra

275 598 576 672 qenetibuS,
645 598 1118 673 conparatibus,
1181 596 1406 670 brebie,
1477 595 1660 654 herba
1711 612 1831 676 pro
1874 595 2089 670 verba,
2156 595 2421 668 bocatiO,
2490 593 2823 662 malibolus,

275 701 460 760 labant
496 715 614 781 pro
657 702 900 775 lavant,
948 700 1112 760 bobis
1155 715 1270 780 pro
1314 699 1494 758 vobis.
1586 692 1701 756 sed
1744 690 1903 758 talia
1944 690 2205 778 quidem
2246 713 2372 756 usu
2415 689 2824 756 librariorum

275 800 404 862 trita
444 817 586 862 esse
613 806 891 863 constat.
963 819 1084 862 nec
1124 797 1334 882 magis
1377 817 1418 860 a
1459 795 1782 860 communi
1826 815 1951 858 usu
1994 793 2240 858 recedit
2278 793 2719 858 inconstantia
2755 795 2825 858 in

274 899 477 964 litteris
521 905 558 963 b
600 898 707 964 vel
741 909 903 988 p.et
945 905 990 964 d
1029 899 1136 964 vel
1181 909 1206 962 t
1247 897 1661 979 adhibendis,
1707 897 1814 962 vel
1842 896 2156 983 siquando
2200 917 2235 960 c
2278 904 2345 960 et
2382 917 2425 974 q
2466 896 2574 960 vel
2615 918 2651 960 c
2694 904 2760 960 et
2788 918 2827 975 q

273 1002 498 1066 litterae
541 1002 756 1065 minus
801 1011 1174 1067 constanter
1216 1001 1470 1087 positae
1516 1008 1698 1080 sunt,
1746 1007 1819 1064 ut
1861 1019 2061 1077 opayo
2103 1019 2223 1084 pro
2254 1017 2445 1077 opaco
2487 998 2544 1063 B
2592 1003 2732 1078 128,
2766 1006 2825 1080 6,

273 1111 507 1168 inteeros
547 1125 667 1188 pro
711 1109 978 1183 inteqros
1017 1104 1075 1168 B
1111 1111 1251 1184 163,
1285 1109 1385 1184 35,
1431 1107 1688 1167 condam
1717 1123 1835 1188 pro
1881 1107 2183 1194 quondam
2223 1099 2280 1164 B
2312 1108 2453 1183 152,
2486 1108 2585 1180 33,
2614 1112 2825 1182 super·-

269 1227 440 1285 vaque
467 1212 830 1286 promi-equa
872 1205 948 1269 R.
1025 1206 1234 1290 magis
1279 1203 1696 1270 memorabile
1743 1203 2004 1268 videtur
2046 1201 2241 1283 illud,
2286 1201 2461 1288 quod
2500 1203 2826 1268 interdum

274 1317 703 1389 consonanteS,
747 1329 895 1372 cum
937 1317 1204 1394 propter
1245 1306 1625 1372 tenuitatem
1669 1307 1810 1370 soni
1839 1304 2037 1389 vulgo
2067 1305 2199 1368 iam
2240 1303 2308 1369 in
2351 1305 2827 1389 pronuntiando

268 1411 370 1474 vix
409 1409 819 1490 audirentur,
876 1413 944 1474 in
998 1409 1339 1474 scribendo
1395 1411 1674 1476 omissae
1718 1416 1889 1472 sunt.
1977 1407 2261 1471 maxime
2303 1405 2467 1471 illud
2509 1405 2718 1472 valuit
2756 1408 2827 1470 in

267 1532 316 1574 m
353 1511 566 1576 littera
605 1511 677 1575 in
717 1511 845 1575 fine
888 1511 1355 1576 vocabulorum
1406 1521 1540 1576 tam
1595 1533 1791 1598 saepe
1846 1511 1916 1574 in
1970 1509 2026 1572 B
2072 1509 2339 1591 omissa,
2392 1516 2469 1573 ut
2524 1509 2827 1575 vitiosam

265 1614 460 1698 potius
513 1613 1106 1698 pronuntiationem
1162 1635 1572 1699 expressam,
1633 1634 1827 1700 quam
1884 1633 2165 1676 errorem
2216 1611 2630 1676 commissum
2684 1633 2827 1676 esse

265 1715 590 1801 adpareat,
647 1715 823 1801 quod
879 1715 1255 1801 saepissime
1308 1716 1547 1780 accidit
1598 1716 1668 1779 in
1712 1714 2101 1780 accusativis
2145 1714 2507 1795 nominum,
2552 1721 2841 1800 quorum

267 1838 462 1902 pauca
488 1838 728 1904 ponam
757 1817 1076 1903 exempla,
1111 1823 1198 1881 ad
1214 1821 1426 1894 forma
1459 1827 1570 1898 75,
1605 1825 1684 1888 38
1729 1825 1794 1880 et
1825 1823 1925 1895 78,
1959 1824 2060 1896 31,
2092 1828 2357 1897 propter
2398 1823 2638 1880 ratione
2683 1823 2823 1897 104,

264 1931 298 1989 5
328 1929 388 1983 et
417 1928 558 2000 181,
591 1928 651 2001 9,
699 1925 830 1984 alia
871 1926 1074 1998 specie
1117 1925 1434 1998 desiynant
1465 1927 1617 2000 120,
1665 1929 1724 1999 5,
1772 1929 1917 1982 ante
1957 1940 1999 1982 u
2042 1925 2246 1983 littera
2280 1927 2420 2000 107,
2454 1926 2564 1998 32,
2598 1928 2745 1997 post
2786 1939 2828 1982 u

262 2026 452 2084 lietera
498 2027 654 2102 107,
700 2028 813 2102 38,
862 2042 980 2101 per
1021 2044 1070 2085 x
1111 2027 1315 2087 littera
1364 2029 1514 2103 126,
1561 2029 1676 2102 36,
1721 2027 2007 2100 siyneque
2046 2042 2165 2107 pro
2208 2041 2563 2101 sequensque
2606 2027 2716 2102 81,
2764 2031 2826 2090 5.

259 2144 448 2208 quare
489 2123 729 2188 mirum
773 2145 901 2189 non
947 2132 1045 2188 est
1073 2123 1344 2189 eandem
1371 2145 1428 2187 m
1471 2123 1756 2188 litteram
1783 2122 2113 2186 interdum
2140 2121 2311 2187 falso
2342 2122 2631 2188 additam
2664 2143 2826 2204 esse,

260 2234 324 2288 ut
361 2229 626 2289 litteram
666 2246 787 2310 pro
829 2231 1068 2305 littera,
1129 2233 1395 2291 adlimam
1451 2247 1567 2309 pro
1624 2231 1835 2290 ultima
1878 2234 1945 2289 et
1986 2224 2227 2290 similia
2268 2245 2465 2312 saepe
2507 2223 2707 2290 habet
2747 2225 2825 2307 B,

257 2331 326 2390 de
363 2338 679 2392 accentum
722 2326 840 2390 RB
887 2333 1029 2408 138,
1075 2334 1177 2398 23.
1222 2349 1431 2415 neque
1477 2326 1759 2391 alienum
1803 2326 1887 2391 ab
1930 2325 2053 2391 hoc
2107 2347 2341 2411 genere
2386 2348 2529 2392 esse
2570 2327 2828 2392 videtur

257 2433 446 2492 ambos
487 2450 608 2515 pro
655 2449 800 2493 avos
845 2429 903 2492 R
949 2437 1090 2511 127,
1136 2437 1238 2499 31.
1281 2427 1608 2492 interdum
1654 2429 1849 2492 etiam
1890 2429 1960 2492 in
2015 2450 2045 2492 s
2097 2428 2314 2494 littera
2354 2429 2423 2494 in
2466 2429 2596 2494 fine
2639 2451 2828 2494 voca-

255 2529 545 2594 bulorum
606 2533 846 2596 omissa
903 2530 1130 2597 eadem
1185 2532 1326 2596 soni
1379 2531 1660 2596 tenuitas
1713 2531 1783 2594 in
1826 2530 1883 2594 B
1930 2529 2461 2618 deprehenditur,
2519 2539 2592 2595 ut
2630 2537 2829 2611 specie

253 2653 360 2716 pro
411 2638 677 2714 species,
739 2639 1007 2697 orationi
1055 2653 1173 2718 pro
1231 2639 1528 2698 orationis
1572 2641 1692 2702 145
1706 2679 1725 2714 ,
1774 2640 1885 2715 10,
1940 2638 2265 2712 deponenti
2301 2655 2447 2719 pro,
2478 2639 2831 2714 deponentis

257 2743 384 2816 157,
427 2745 487 2816 4,
533 2741 802 2816 tempori
839 2756 956 2820 pro
1000 2741 1285 2817 temporis
1329 2742 1471 2817 187,
1519 2743 1578 2815 2,
1622 2741 1811 2800 littera·
1850 2756 1967 2820 pro
2010 2741 2227 2799 litteris
2270 2742 2423 2818 183,
2469 2744 2573 2805 22.
2651 2737 2826 2801 deni-

253 2858 368 2923 que
409 2859 498 2902 ex
542 2836 738 2902 simili
782 2839 922 2903 soni
965 2839 1282 2902 tenuitate
1336 2837 1594 2902 videtur
1646 2837 2011 2922 profectum
2067 2859 2238 2919 esse,
2293 2838 2470 2924 quod
2526 2861 2567 2903 n
2610 2837 2831 2904 littera

249 2938 542 3003 licentius
592 2938 700 3003 vel
741 2939 966 3004 addita
1007 2939 1116 3004 vel
1159 2940 1398 3004 omissa
1440 2949 1567 3022 est,
1613 2949 1688 3006 ut
1730 2947 2023 3020 iuyuntur
2064 2961 2181 3026 pro
2225 2946 2555 3020 iuuquntur
2596 2941 2654 3004 R
2685 2951 2827 3023 118,

251 3047 340 3120 32,
383 3047 537 3106 istite·
580 3061 702 3127 pro
745 3047 942 3106 institi
978 3041 1035 3104 B
1083 3049 1235 3124 163⁸,
1281 3049 1392 3123 46,
1451 3053 1799 3107 excrescens
1840 3064 1957 3128 pro
2002 3049 2375 3108 extrinsecus
2417 3043 2474 3106 B
2521 3051 2641 3113 137
2657 3090 2675 3126 ,
2728 3051 2826 3124 13,

249 3147 398 3206 hamc
439 3165 566 3228 pro
612 3147 734 3208 Imc
776 3144 834 3209 B
883 3151 1034 3226 154,
1082 3151 1194 3225 37,
1237 3149 1705 3224 οοηίυηρατὶοηε
1750 3153 1815 3209 et
1856 3151 2355 3224 coniunqationes
2405 3144 2466 3208 R
2513 3153 2663 3227 158,
2724 3151 2827 3214 18.

248 3247 280 3305 b
315 3243 536 3310 littera
593 3245 662 3310 in
707 3246 908 3310 verbo
961 3249 1156 3325 probo
1211 3247 1471 3333 saepius
1521 3247 1764 3312 omissa
1822 3257 1921 3312 est
1968 3247 2039 3310 in
2083 3245 2170 3328 B,
2226 3255 2301 3312 ut
2346 3258 2659 3328 proantur
2709 3267 2827 3332 pro

243 3351 588 3423 probantur
632 3355 778 3428 124,
825 3355 937 3430 20;
981 3349 1140 3412 item
1182 3354 1207 3411 l
1248 3347 1484 3430 littera,
1529 3369 1680 3413 sava
1724 3370 1841 3436 pro
1884 3355 2057 3414 salva
2097 3349 2155 3414 B
2201 3357 2343 3429 164,
2394 3361 2451 3420 1.

401 3447 852 3535 Appendix
893 3448 1144 3514 Probi
1190 3459 1268 3514 et
1327 3460 1716 3536 excerpta
1770 3451 1861 3514 de
1914 3451 2231 3515 nomine
2280 3473 2365 3514 ex
2408 3450 2629 3515 codice
2673 3450 2828 3528 olim

248 3549 586 3631 Bobiensi,
633 3571 810 3614 nunc
853 3548 1346 3616 Vindobonensi
1392 3561 1500 3633 17,
1547 3553 1628 3616 de
1672 3574 1800 3639 quo
1844 3574 2043 3638 supra
2086 3551 2329 3617 dictum
2376 3562 2503 3634 est,
2546 3554 2829 3639 primum

247 3650 410 3716 edita
451 3662 616 3717 sunt
659 3652 727 3716 in
771 3652 1082 3717 analectis
1128 3655 1568 3738 grammaticis
1598 3653 2025 3719 Vindobonae
2064 3676 2124 3718 a.
2158 3661 2341 3723 1837.
2401 3655 2828 3742 appendicem

247 3763 452 3818 autem
509 3753 830 3818 dixerunt
883 3754 1160 3820 editores
1214 3765 1589 3842 propterea,
1654 3755 1831 3842 quod
1890 3778 1969 3820 ea
2022 3779 2189 3842 quae
2248 3757 2371 3822 hoc
2422 3759 2680 3823 nomine
2732 3759 2828 3822 in-

247 3856 649 3942 scripserunt
713 3865 919 3920 artem
987 3856 1186 3922 Probi
1252 3859 1321 3921 in
1385 3856 1555 3922 libro
1631 3879 1829 3922 manu
1897 3861 2136 3943 scripto
2203 3860 2569 3946 excipiunt,
2635 3859 2684 3922 f.
2745 3869 2826 3929 49

249 3961 496 4022 Nomina
543 3963 936 4039 appellativa
980 3957 1076 4044 (p.
1109 3959 1260 4041 193)
1291 3997 1377 4008 --
1405 3960 1456 4023 f.
1502 3967 1580 4030 52
1619 3963 1974 4040 sunyantur
2012 3963 2466 4024 FELICITER
2512 3961 2603 4046 (p.
2644 3961 2825 4047 204).

250 4081 322 4124 ex
371 4061 472 4125 his
531 4059 768 4146 aliqua
821 4081 972 4146 pars
1030 4081 1254 4124 eorum
1308 4084 1474 4148 quae
1535 4062 1617 4128 de
1661 4061 2041 4127 differentiis
2098 4063 2341 4148 scripta
2384 4073 2535 4128 sunt
2589 4063 2828 4146 legitur

253 4160 426 4224 etiam
469 4161 544 4226 in
589 4162 822 4226 codice
849 4161 1418 4248 Montepessulano
1449 4171 1570 4234 306
1615 4163 1876 4229 saeculo
1921 4186 2090 4229 nono
2134 4167 2374 4251 scripto
2413 4165 2461 4228 f.
2496 4170 2576 4234 68
2621 4169 2827 4229 INCI-

256 4266 494 4326 PIUNT
530 4267 1188 4328 DJFFERENTJAE
1226 4270 1487 4330 PROBI
1527 4271 1890 4332 UALERJJ.
1979 4272 2151 4330 Inter
2192 4279 2462 4332 austrum
2504 4279 2563 4331 et
2606 4278 2827 4332 ostrum

259 4361 420 4445 (199,
466 4365 584 4453 18)
633 4401 724 4416 -·
766 4365 816 4428 f.
861 4371 942 4435 68
996 4371 1258 4433 delectat
1309 4374 1678 4434 demonstrat
1722 4372 2124 4434 EXPLICIT
2160 4373 2325 4433 ARS
2362 4373 2622 4434 PROBI
2661 4373 2829 4434 ΒΕΘ

259 4471 600 4533 GRATIAS
645 4471 900 4532 AMEN
949 4463 1136 4552 (2013
1195 4471 1327 4557 10).
1425 4471 1598 4535 hunc
1650 4473 1853 4555 igitur
1904 4467 2144 4535 librum
2198 4480 2458 4556 praeter
2500 4472 2825 4538 Vindobo-

263 4586 500 4634 nensem
546 4570 938 4649 editionem,
984 4591 1068 4634 ex
1111 4593 1243 4656 qua
1283 4574 1667 4658 scripturam
1724 4572 1967 4638 codicis
2018 4571 2361 4638 Bobiensis
2418 4575 2655 4661 petivi,
2714 4577 2824 4640 ad·

263 4665 438 4735 hibui.
528 4679 852 4756 excerpta
905 4679 1123 4734 autem
1182 4672 1261 4738 de
1313 4675 1572 4739 nomine
1625 4675 1694 4738 in
1752 4674 1978 4740 eodem
2033 4675 2255 4740 codice
2302 4677 2480 4762 (nam
2535 4676 2703 4742 falso
2756 4678 2827 4741 in

267 4768 446 4838 indice
473 4770 803 4858 siglorum
832 4770 1400 4840 Vindobonensem
1431 4785 1511 4845 16
1541 4777 1854 4864 seriptum
1884 4799 2026 4844 esse
2065 4777 2285 4862 video)
2332 4777 2637 4863 leguntur
2676 4788 2827 4845 ante
