3434 5442
926 345 1325 408 ms'rrrv'rA
1362 343 2028 408 ARTIVM179-193
2169 373 2178 386 —
2281 299 2288 307 ⁸
2691 348 2770 426 τι·

263 469 307 511 p.
334 455 421 498 iss.
440 458 497 499 ee
522 457 581 499 a.
2334 473 2379 514 p.
2408 461 2586 504 aes-07
2617 460 2668 502 v.

182 535 431 607 petenter
474 529 897 592 tractabimus,
972 549 1131 592 nunc
1169 532 1283 592 hoc
1322 550 1632 594 monemus
1674 532 1735 593 in
1778 532 1890 594 hac
1933 532 2122 593 forma
2169 534 2404 610 generis
2447 531 2771 602 masculini,

184 649 284 710 qua
318 630 577 692 diximus
633 631 897 694 ablativo
944 651 1085 694 casu
1130 634 1361 696 numeri
1402 632 1717 711 singularis
1777 635 2010 694 nomina
2053 652 2083 693 a
2130 632 2318 695 littera
2367 635 2670 694 terminari
2716 639 2776 694 et

188 731 529 792 nominativo
563 751 710 794 casu
760 736 994 795 numeri
1030 733 1343 812 singularis
1372 753 1436 795 es
1476 732 1683 795 litteris
1727 725 1974 805 definiri,
2021 737 2175 814 quod
2213 755 2280 796 ex
2321 755 2386 796 ea
2431 735 2564 816 plus
2596 753 2772 817 quam

190 832 379 894 xxvu
422 837 577 902 soni,
626 834 746 895 hoc
788 842 879 896 cst
920 854 1096 914 quam
1137 835 1342 899 XXVII
1381 837 1635 903 nomina,
1682 853 1801 895 non
1848 839 2072 915 possint
2119 837 2402 898 exhiberi.
2467 838 2541 900 de
2586 837 2774 898 forma

190 936 407 1012 generis
458 934 805 1005 masculini,
870 953 986 1016 qua
1040 935 1291 1022 ablativo
1340 954 1480 998 casu
1532 939 1766 998 numeri
1823 936 2138 1016 singularis
2194 940 2427 1000 nomina
2485 955 2517 998 a
2577 938 2771 1000 littera
2827 963 2852 1000 5

190 1038 581 1098 terminantur
641 1044 701 1098 et.
748 1039 1107 1099 nominativo
1156 1056 1297 1099 casu
1362 1040 1593 1100 numeri
1648 1037 1963 1117 singularis
2015 1057 2079 1100 es
2131 1038 2340 1100 litteris
2395 1039 2772 1109 definiuntur,

191 1147 463 1216 qnantum
508 1140 663 1200 ratio
706 1138 1011 1218 poscebat,
1052 1140 1443 1200 tractavimus.

345 1239 525 1302 Nunc
568 1241 631 1301 in
672 1239 765 1302 his
808 1241 1145 1304 nominibus
1190 1243 1427 1318 generis
1468 1241 1697 1304 scilicet
1739 1242 2064 1312 masculini,
2114 1261 2263 1320 quae
2311 1243 2564 1304 diximus
2597 1239 2778 1325 able-ss

190 1341 297 1400 tivo
340 1358 501 1408 casu.
538 1343 777 1402 numeri
819 1340 1131 1420 singularis
1174 1361 1209 1404 a
1254 1342 1443 1404 littera
1490 1345 1795 1405 terminari
1851 1350 1910 1404 et
1949 1346 2302 1406 nominativo
2350 1363 2487 1406 casu
2545 1347 2776 1405 numeri

186 1440 497 1520 singularis
548 1461 729 1522 supra
772 1444 1006 1521 scriptis
1059 1443 1265 1504 formis
1320 1445 1579 1514 definiri,
1636 1447 1944 1525 quaeritur
1985 1447 2088 1527 qui
2131 1463 2302 1507 casus
2352 1463 2528 1526 quem
2573 1461 2773 1506 casum
2805 1467 2854 1508 ιο

186 1559 391 1620 regere
444 1545 659 1622 possit,
720 1554 779 1606 et
829 1545 963 1607 ideo
1020 1545 1259 1608 eosdem
1306 1545 1661 1616 subicimus,
1724 1553 1786 1607 ut
1829 1565 2005 1626 quem
2044 1546 2116 1608 ad
2161 1547 2402 1609 modum
2451 1566 2516 1608 se
2566 1564 2777 1625 neget-e

188 1645 409 1724 possint
454 1645 790 1709 doceamus.

352 1747 443 1808 De
480 1749 845 1808 nominativo
888 1766 1027 1809 casu
1069 1751 1301 1810 numeri
1346 1748 1673 1828 singularis,
1721 1751 1822 1828 qui
1861 1769 1896 1813 a
1937 1749 2130 1812 littera
2175 1758 2312 1830 post
2355 1755 2775 1811 consonantem

186 1851 551 1910 terminatur.
617 1868 1026 1930 quaecumque
1069 1854 1305 1910 nomina
1349 1854 1585 1928 generis
1624 1851 1933 1913 masculini
1973 1853 2332 1914 nominativo
2365 1869 2504 1912 casu
2543 1852 2776 1912 numeri
2852 1860 2864 1871 '

184 1948 501 2028 singularis
540 1969 577 2012 a
614 1949 807 2013 littera
850 1959 987 2030 post
1027 1960 1451 2014 consonantem
1507 1955 1897 2014 terminantur
1942 1961 2002 2014 et
2041 1961 2237 2032 aptota
2282 1971 2410 2015 esse
2455 1971 2572 2023 non
2617 1955 2774 2014 inve·
2810 1975 2854 2016 ts

186 2053 442 2121 niuntur,
492 2051 641 2114 haec
686 2053 757 2114 ad
800 2070 1011 2114 sonum
1058 2053 1339 2115 Catilinae
1381 2072 1491 2134 per
1536 2063 1768 2116 ceteros
1808 2073 1980 2116 casus
2021 2054 2407 2116 declinantur.

348 2153 437 2216 De
487 2155 821 2216 accusativo
864 2173 1007 2216 casu
1048 2157 1282 2216 numeri
1324 2154 1668 2234 singularis,
1723 2158 1822 2234 qui
1867 2174 1958 2216 am
2002 2155 2214 2217 litteris
2256 2164 2392 2234 post
2448 2172 2779 2216 consonan-

186 2263 299 2316 tem
366 2255 673 2318 definitur.
764 2274 1174 2336 quaecumque
1248 2259 1487 2318 nomina
1563 2259 1798 2336 generis
1870 2257 2178 2318 masculini
2243 2257 2569 2318 accusativo
2639 2273 2780 2317 casu

186 2359 418 2418 numeri
464 2356 783 2436 singularis
826 2375 921 2418 am
950 2357 1161 2420 litteris
1202 2366 1343 2438 post
1372 2367 1792 2420 consonantem
1838 2339 2270 2420 concluduntur
2307 2366 2367 2420 et
2409 2366 2608 2436 aptota
2651 2375 2782 2418 esse

186 2475 299 2518 non
349 2461 753 2529 inveniuntur,
799 2459 948 2522 haec
990 2460 1063 2521 ad
1108 2479 1321 2521 sonum
1368 2459 1645 2522 Catilinae
1686 2478 1795 2538 per
1841 2455 2073 2522 ceteros
2116 2479 2286 2522 casus
2331 2460 2718 2522 declinantur.
2805 2480 2858 2523 2⁰
2885 2459 2905 2472 '

352 2561 439 2621 De
485 2562 841 2622 nominativo
890 2560 978 2622 vel
1024 2563 1287 2622 vocativo
1334 2580 1475 2623 casu
1531 2563 1764 2624 numeri
1820 2561 2092 2641 pluraliS,
2147 2564 2252 2641 qui
2293 2581 2361 2624 ae
2401 2561 2610 2622 litteris
2648 2569 2786 2641 post

186 2670 613 2724 consonantem
660 2663 1037 2724 definiuntur.
1126 2681 1535 2744 quaecumque
1582 2666 1820 2725 nomina
1877 2665 2112 2740 generis
2153 2662 2457 2724 masculini
2515 2665 2781 2724 nomina·

186 2765 297 2824 tivo
331 2762 425 2825 vel
460 2766 725 2826 vocativo
770 2782 911 2826 casu
952 2767 1187 2838 numeri
1219 2763 1465 2844 pluralis
1505 2785 1574 2827 ae
1616 2764 1826 2827 litteris
1861 2767 1994 2844 pos't
2038 2775 2458 2827 consonantem
2493 2763 2783 2826 deliniun-

186 2873 277 2925 tur
320 2873 383 2926 et
428 2874 631 2944 aptota
678 2886 809 2930 esse
852 2885 972 2928 non
1013 2869 1422 2937 inveniuntur,
1482 2867 1631 2928 haec
1689 2867 1762 2928 ad
1808 2885 2020 2928 sonum
2067 2866 2344 2928 Catilinae
2395 2884 2506 2946 per
2551 2873 2784 2929 ceteros

188 2985 361 3028 casus
404 2966 804 3030 declinantur.
1605 2967 1615 2976 '
2808 2990 2860 3032 25

340 3069 445 3131 De
491 3072 763 3148 genetivo
806 3089 947 3133 casu
992 3071 1225 3133 numeri
1266 3068 1525 3149 pluralis,
1574 3072 1886 3151 qui³arum
1930 3069 2140 3132 litteris
2182 3077 2316 3150 post
2357 3076 2782 3132 consonantem

188 3171 487 3232 definitur.
576 3189 987 3252 quaecumque
1046 3174 1283 3234 nomina
1335 3174 1571 3252 generis
1639 3172 1944 3234 masculini
2011 3175 2281 3251 genetivo
2349 3189 2486 3234 casu
2550 3172 2785 3234 numeri

190 3272 437 3352 pluralis
474 3291 647 3336 arum
690 3272 901 3335 litteris
944 3281 1078 3352 post
1120 3281 1539 3337 consonantem
1586 3274 1982 3342 definiuntur,
2030 3273 2178 3338 haec
2217 3274 2289 3335 ad
2332 3291 2542 3335 sonum
2589 3272 2785 3335 Catili-

190 3393 298 3438 nae
343 3395 459 3456 per
504 3393 713 3438 omnes
757 3393 929 3438 casus
965 3374 1351 3438 declinantur.

358 3477 449 3539 De
494 3480 829 3539 accusativo
874 3495 1015 3540 casu
1062 3480 1295 3539 numeri
1339 3477 1611 3557 pluralis,
1672 3479 1776 3560 qui
1821 3496 1886 3539 as
1929 3476 2142 3539 litteris
2183 3484 2320 3555 post
2361 3482 2783 3540 consonantem
2812 3497 2865 3539 ao

194 3580 491 3642 delinitur.
582 3597 991 3660 quaecumque
1045 3581 1285 3640 nomina
1338 3582 1573 3658 generis
1616 3578 1923 3642 masculini
1980 3581 2310 3641 accusativo
2355 3595 2494 3640 casu
2555 3579 2788 3640 numeri

198 3681 435 3759 pluralis
476 3699 544 3743 as
588 3681 800 3743 litteris
854 3688 992 3761 post
1032 3688 1453 3743 consonantem
1500 3682 1861 3744 definiuntur
1921 3690 1980 3744 et
2023 3689 2218 3761 aptota
2264 3699 2392 3743 esse
2451 3697 2570 3742 non
2619 3698 2788 3760 repc-

198 3785 445 3853 riantur,
494 3785 645 3845 haec
688 3783 761 3844 ad
796 3799 1009 3844 sonum
1048 3781 1331 3844 Catilinae
1380 3801 1488 3864 per
1530 3791 1761 3846 ceteros
1800 3802 1970 3846 casus
2011 3783 2399 3846 declinantur.

358 3885 449 3948 De
496 3886 831 3947 accusativo
876 3903 1015 3946 casu
1055 3887 1285 3946 numeri
1330 3885 1662 3963 singularis,
1710 3887 1811 3966 qui
1855 3903 1929 3947 an
1969 3885 2178 3947 litteris
2223 3885 2519 3947 definitur.
2611 3901 2792 3962 quae·

206 4005 451 4068 eumque
490 3989 500 4064 Ι
540 3987 781 4050 nomina
830 3988 1069 4098 yeneris
1121 3987 1429 4048 masculini
1482 3989 1812 4049 accusativo
1868 4005 2008 4050 casu
2064 3973 2298 4048 numeri
2345 3985 2660 4065 singularis
2715 4002 2788 4047 an
2816 4005 2866 4048 ³5

206 4089 403 4152 litteris
442 4089 809 4150 deliniuntur
855 4098 915 4150 et
962 4095 1159 4167 aptota
1205 4107 1335 4152 esse
1372 4107 1493 4150 non
1537 4091 1945 4160 inveniuntur,
1995 4089 2141 4151 haec
2181 4089 2253 4150 ad
2299 4107 2512 4150 sonum
2558 4089 2790 4149 Aeneae

208 4209 305 4270 per
346 4199 581 4254 ceteros
625 4209 801 4253 casus
844 4189 1231 4253 declinantur.

364 4293 451 4356 De
488 4295 767 4372 genetivo
813 4292 903 4356 vel
958 4293 1149 4356 dativo
1206 4311 1347 4356 casu
1398 4295 1632 4354 numeri
1678 4293 2020 4372 singulariS,
2078 4294 2178 4375 qni
2209 4289 2236 4377 Η
2267 4312 2336 4355 ae
2390 4291 2598 4353 litteris
2659 4296 2796 4370 post

214 4403 619 4458 consonantem
666 4395 1045 4456 deliniuntur.
1136 4413 1549 4476 quaecumque
1597 4397 1830 4456 nomina
1877 4397 2113 4474 generis
2158 4393 2464 4456 masculini
2521 4392 2792 4484 genetivo

215 4497 295 4558 vel
330 4499 517 4562 dativo
563 4517 709 4560 casu
758 4499 995 4558 numeri
1038 4497 1349 4576 singularis
1395 4515 1463 4558 ae
1506 4496 1715 4557 litteris
1770 4505 1904 4575 post
1950 4504 2371 4558 consonantem
2430 4496 2793 4558 definiuntur
2818 4512 2871 4556 ω

216 4609 269 4662 et
300 4609 487 4682 aptota
534 4619 667 4663 esse
712 4618 835 4662 non
873 4601 1278 4670 inveniuntur,
1324 4598 1473 4660 haec
1511 4598 1778 4677 indigent
1817 4597 1940 4659 aliis
1975 4599 2206 4662 casibus
2260 4616 2367 4677 per
2409 4616 2560 4680 quos
2615 4615 2794 4678 appa-

346 4748 367 4797 l
399 4749 731 4799 tractabimus
767 4719 1171 4796 r'tractauimus
1206 4744 1305 4794 RB
1478 4745 1509 4794 4
1547 4759 1693 4794 xxvn
1731 4744 1847 4793 soni
1883 4745 1966 4794 rB
1997 4760 2148 4795 xxnn
2181 4748 2294 4796 soni
2337 4744 2380 4794 R
2465 4791 2472 4795 .
2521 4759 2664 4794 xxvn
2701 4757 2794 4793 no-

218 4815 345 4864 mine
374 4817 417 4866 Β
452 4820 630 4885 viginti
664 4825 871 4884 septem
904 4815 1111 4864 nomina
1145 4831 1176 4864 r
1210 4829 1363 4866 xxnn
1402 4815 1603 4865 nomina
1644 4813 1688 4862 R
1830 4812 1863 4862 8
1901 4829 2026 4878 quae
2059 4829 2089 4862 r
2125 4815 2260 4877 qnod
2301 4816 2344 4864 R
2380 4827 2478 4877 qna
2511 4814 2561 4863 B
