3434 5442
1358 1237 1521 1288 1111.

650 1357 1147 1452 MAGNtJle
1202 1355 1824 1452 LATERtlevs
1877 1353 2224 1448 ALTER.

1412 1611 1462 1662 V

752 1733 1063 1826 Nom}
1127 1731 2122 1827 LINBENBROGIANAE.

1262 1971 1615 1980 ————-

326 2143 543 2199 lacobus
571 2143 818 2199 Guiacius
860 2143 913 2198 in
944 2143 1181 2198 editione
1222 2143 1425 2199 codicis
1457 2143 1820 2199 Theodosiani
1873 2141 2210 2214 aliarumque
2259 2141 2398 2196 iuris
2451 2140 2740 2194 anteiusti-

193 2230 305 2284 niani
344 2230 687 2302 reliquiarum
732 2243 793 2283 ea
846 2245 981 2300 quae
1025 2228 1227 2301 prodiit
1255 2228 1503 2300 Lugduni
1538 2232 1670 2282 1566
1710 2230 1764 2284 in
1799 2227 1946 2283 soliis
1989 2227 2242 2281 extremis
2283 2242 2392 2280 non
2437 2224 2736 2279 numeratis

194 2323 403 2368 notarum
432 2312 751 2369 laterculum
782 2315 1071 2386 proposuit
1114 2313 1433 2386 inscriptum
1465 2309 1689 2368 ‘Notae
1718 2316 1864 2368 iuris
1893 2331 1930 2368 α
1961 2312 2246 2382 Maynone
2276 2311 2602 2364 collectae'.
2677 2309 2735 2362 ln

196 2415 389 2470 quonam
436 2413 557 2453 eum
588 2397 731 2452 libro
760 2397 971 2470 scripto
1002 2397 1264 2454 invenerit
1303 2415 1411 2453 non
1445 2399 1697 2453 indicavit
1727 2414 1828 2452 nec
1868 2406 1994 2470 post
2036 2395 2166 2451 illud
2199 2403 2415 2468 tempus
2447 2393 2733 2467 quisquam

194 2483 343 2538 incidit
371 2481 421 2536 in
444 2482 681 2538 codicem
714 2480 965 2555 opusculi
994 2482 1157 2554 huius
1187 2482 1269 2537 vel
1302 2483 1545 2545 eundem,
1579 2483 1643 2537 ati
1668 2498 1826 2556 quem
1861 2498 2112 2554 expressa
2145 2490 2230 2536 est
2260 2480 2428 2535 editio
2463 2479 2732 2552 princepS‚

196 2567 253 2620 vel
280 2566 453 2629 alium:
486 2581 605 2622 nam
636 2583 775 2639 quae
807 2573 1009 2622 mutata
1042 2567 1307 2622 adiectave
1340 2575 1469 2622 sunt
1499 2570 1551 2623 in
1583 2567 1864 2623 Cuiaciana
1896 2565 2067 2622 altera
2097 2565 2337 2620 Parisino
2369 2582 2416 2620 a.
2444 2567 2593 2625 1586,
2626 2579 2736 2618 non

195 2668 239 2706 ex
254 2650 467 2707 eiusdem
491 2651 737 2707 laterculi
760 2652 1005 2725 exemplo
1022 2652 1237 2707 diverso
1260 2661 1542 2714 venerunt,
1576 2653 1667 2708 sed
1688 2671 1748 2708 ex
1777 2647 2260 2725 interpolatione,*
2291 2651 2532 2722 reliquae
2558 2657 2738 2705 autem

196 2738 415 2792 editiones
459 2736 875 2792 Gothofrediana
920 2733 993 2809 (p.
1027 2736 1431 2808 1481—1496),
1475 2737 1942 2809 Lindenbrogiana
1987 2735 2059 2809 (p.
2091 2734 2364 2806 58—91),
2411 2733 2738 2790 Putschiana

200 2818 637 2893 (p.1541-1579)
668 2821 905 2894 pendent
937 2837 1125 2876 omnes
1156 2837 1217 2876 ex
1246 2822 1511 2877 alterutra
1542 2822 1843 2878 Cuiaciaua.
1901 2822 2218 2876 Necessario
2263 2819 2434 2892 igitur
2484 2817 2737 2873 standum

198 2915 259 2959 est
280 2907 507 2979 principe
537 2902 775 2961 editione
809 2923 854 2960 a.
888 2908 1045 2968 1566,
1099 2923 1423 2980 quamquam
1456 2907 1607 2962 valde
1638 2906 1928 2961 verendum
1961 2913 2047 2959 est
2091 2904 2144 2959 in
2187 2905 2288 2960 hae
2336 2918 2556 2976 quoque
2584 2901 2739 2957 Cuia-

198 2989 304 3044 cium
342 3008 435 3064 pro
466 2992 584 3046 eius
617 2990 817 3046 saeculi
860 2991 1249 3047 consuetudine
1295 2991 1475 3064 aliqua
1505 2992 1665 3046 docte
1709 2992 1882 3060 magis
1912 2990 2267 3044 constituisse
2311 3005 2471 3062 quam
2505 2985 2739 3041 fideliter

196 3075 470 3131 exhibuisse.
505 3105 579 3116 --
613 3076 687 3130 De
717 3083 941 3131 auctore
970 3084 1024 3130 et
1054 3083 1229 3131 aetate
1259 3075 1427 3132 libelli
1458 3084 1674 3132 constat
1703 3092 1765 3129 ex
1795 3075 2028 3129 disticho
2061 3075 2432 3148 praescripto:

762 3159 903 3216 Haec
932 3162 1067 3216 iuris
1097 3160 1309 3232 σημεῖα
1340 3160 1515 3216 libens
1546 3177 1637 3216 rex
1667 3161 1849 3232 accipe
1879 3158 2048 3219 Carle,

860 3245 1027 3301 oll'ert
1057 3244 1286 3300 devotus
1317 3262 1455 3319 quae
1490 3245 1581 3300 tibi
1613 3245 1804 3318 Magno
1841 3252 1984 3299 tuuS.

197 3327 375 3383 Carolus
404 3337 485 3384 est
516 3345 779 3401 magnus,
821 3329 1011 3400 Magno
1054 3331 1501 3404 archiepiscopus
1532 3330 1863 3385 Senonensis
1894 3347 1940 3384 a.
1974 3329 2263 3381 801—818
2307 3325 2397 3398 (cl'.
2430 3327 2560 3382 hist.
2593 3319 2737 3380 litte'-

198 3415 317 3466 taire
342 3414 404 3468 de
432 3414 491 3468 la
522 3415 754 3469 Franco
783 3418 831 3475 4,
864 3417 981 3469 426.
1016 3413 1167 3486 427);
1212 3414 1535 3487 compilatus
1578 3417 1747 3486 igitur
1793 3423 1875 3469 est
1920 3413 2138 3469 libellus
2181 3412 2396 3468 saeculo
2429 3419 2620 3467 octavo
2653 3427 2741 3465 ex-

198 3505 321 3552 eunte
347 3498 423 3553 vel
452 3500 747 3573 incipiente
788 3515 933 3553 nono
966 3515 1141 3572 neque
1185 3499 1445 3556 abhorret
1475 3502 1695 3555 omnino
1729 3517 1756 3554 a
1789 3497 2269 3554 reflorescentibus
2301 3513 2362 3553 ea
2394 3503 2572 3552 aetate
2603 3497 2740 3551 anti-

198 3599 381 3654 quarum
408 3585 713 3640 litterarum
746 3582 958 3639 studiis.
998 3601 1005 3608 ·
1032 3585 1350 3657 Composuit
1380 3592 1557 3640 autem
1590 3601 1711 3639 eum
1745 3584 1937 3655 Magno
1979 3600 2042 3638 ex
2073 3582 2289 3638 duobus
2320 3581 2739 3655 antiquioribus,

199 3685 383 3738 quorum
412 3670 543 3724 alter
591 3667 859 3740 hodieque
890 3676 1143 3741 superest
1173 3669 1349 3724 editus
1381 3670 1519 3724 infra
1550 3686 1603 3724 n.
1635 3669 1699 3723 Vl
1733 3669 1835 3724 sub
1869 3668 2029 3724 titulo
2061 3675 2312 3724 notarum
2343 3667 2740 3726 Vaticanarum.

199 3751 375 3807 alterius
404 3769 527 3808 vero
560 3753 757 3808 notitia
789 3753 853 3808 ad
884 3769 989 3808 nos
1018 3770 1125 3809 non
1160 3755 1403 3826 pervenit
1434 3755 1537 3808 nisi
1574 3771 1671 3827 per
1703 3755 2020 3826 Magnonem
2055 3755 2208 3826 isque
2239 3754 2344 3809 hoc
2375 3753 2496 3808 loco
2529 3751 2742 3806 exhibe-

200 3845 267 3890 tur
280 3836 427 3898 solus,
458 3837 836 3892 notationibus
867 3855 1003 3911 quas
1035 3854 1093 3892 ex
1112 3838 1369 3894 Vaticano
1402 3839 1664 3894 laterculo
1688 3840 1878 3910 Magno
1903 3840 2058 3912 petiit
2089 3838 2337 3894 indicatis
2368 3835 2742 3893 tantummodo

198 3924 389 3976 numeris
418 3923 479 3976 iis
527 3921 637 3977 suh
667 3921 869 3994 quibus
919 3923 1058 3978 inl'ra
1101 3923 1363 3984 eduntur,
1418 3923 1509 3978 ubi
1562 3925 1689 3978 item
1735 3925 1917 3996 siqua
1961 3932 2046 3978 est
2075 3923 2355 3994 Magnonis
2387 3924 2529 3978 varia
2579 3921 2740 3976 lectio

200 4007 419 4076 reperitur
445 4006 741 4079 adscripta.
802 4007 949 4073 Quae
980 4009 1251 4080 separatio
1283 4025 1349 4063 eo
1382 4010 1552 4079 magis
1584 4008 1737 4064 utilis
1769 4016 1823 4062 et
1855 4007 2250 4080 quodammodo
2293 4008 2600 4062 necessaria
2629 4009 2742 4062 visa

199 4097 282 4150 est,
324 4091 455 4164 quod
484 4090 743 4147 laterculi
790 4091 899 4146 duo
932 4093 1277 4148 vehementer
1328 4101 1455 4148 sunt
1498 4093 1724 4159 diversi,
1771 4092 1980 4148 scilicet
2013 4091 2301 4147 Vaticanus
2345 4093 2436 4163 qui
2490 4099 2742 4163 superest

200 4177 415 4244 pessimus
444 4183 497 4231 et
528 4175 695 4250 plane
736 4175 1033 4238 barbarus,
1068 4176 1215 4232 ‹alter
1259 4194 1385 4232 vero
1430 4177 1563 4232 satis
1596 4177 1771 4232 bonus
1815 4178 2092 4232 etaetatis
2124 4178 2228 4231 etsi
2270 4175 2510 4236 infimae,
2563 4183 2738 4230 tamen

302 4355 328 4388 *
376 4358 611 4424 Exempli
668 4371 823 4406 eausa
860 4358 911 4406 in
952 4361 1211 4409 notatione
1260 4358 1365 4408 I·D
1426 4375 1515 4422 pro
1555 4359 1968 4421 interpretatione
2021 4361 2072 4407 in
2107 4359 2300 4406 domino
2353 4357 2628 4406 substituta
2665 4366 2744 4406 est

202 4424 317 4475 altera
360 4429 477 4479 ito-1⁸⁸
517 4429 711 4485 dictio:
778 4427 829 4476 in
868 4427 1011 4478 H·V
1041 4437 1089 4478 et
1123 4428 1237 4478 S·F
1292 4430 1501 4478 retentis
1557 4428 2066 4494 interpretationibus
2102 4427 2459 4491 Magnonianis
2511 4427 2742 4476 adiectae

202 4505 285 4542 sunt
312 4495 394 4545 hae
421 4498 499 4547 m
532 4495 709 4547 verbis
745 4507 795 4548 et
829 4501 936 4548 cine
967 4499 1187 4562 fraude-,-
1218 4505 1540 4547 accesserunt
1575 4499 1627 4546 in
1660 4497 1760 4546 fine
1800 4498 1995 4545 litterae
2029 4499 2072 4544 A
2111 4497 2321 4546 A-A·V
2349 4499 2486 4546 alter
2521 4498 2742 4558 ambove,

97 4583 99 4638 j
202 4561 390 4614 Ali-AM
425 4567 593 4632 adque
640 4568 1005 4627 mantis-sime,
1062 4567 1333 4618 A-V·P⁷S
1380 4583 1536 4631 agens
1580 4569 1687 4617 vice
1730 4569 2059 4628 proconsulis.
2137 4567 2213 4614 Ab
2265 4568 2345 4616 his
2392 4566 2742 4628 similibusque

202 4633 419 4697 diligenter
452 4637 746 4686 cavendum
785 4647 891 4689 est:
933 4639 1244 4686 transierunt
1282 4638 1415 4686 enim
1454 4638 1502 4684 in
1545 4637 1794 4686 editiones
1833 4637 2101 4702 Magnonis
2135 4639 2354 4684 maxime
2394 4637 2740 4700 pervulgatus,

97 4715 99 4778 ᾗ
202 4715 283 4749 enm
314 4717 397 4752 non
442 4707 541 4756 siut
598 4707 747 4767 eius»,
804 4707 899 4756 sed
932 4721 998 4756 ex
1034 4707 1478 4772 Lindenbrogiano
1532 4705 1772 4756 laterculo
1829 4707 2133 4770 desumptae
2183 4707 2262 4755 vel
2301 4707 2428 4755 adeo
2467 4721 2496 4756 a
2533 4706 2740 4756 Cuiacio

204 4775 477 4838 excogitatae.
