3434 5442
957 365 1102 428 ARS
1146 365 1632 464 GRAMMATICA
1681 367 1733 429 ΙΙ
1780 375 1877 435 11.
1929 373 2005 435 12
2654 375 2771 440 381

284 485 332 525 p.
360 473 430 514 1⁸.
458 473 507 514 17
534 472 580 513 L.
2336 489 2377 528 p.
2408 477 2507 518 1753
2548 479 2597 519 54
2628 479 2671 520 Ρ.

171 553 326 612 item
371 554 502 613 sine
545 555 838 623 vocativo,
883 561 951 613 ut
995 569 1137 630 ego,
1183 554 1304 614 mei
1345 551 1438 612 vel
1483 554 1624 623 miS‚
1673 554 1849 625 mihi,
1894 573 2019 625 me,
2066 573 2099 614 a
2146 573 2260 616 me.
2322 556 2545 617 nullum
2578 565 2774 618 autem

171 671 519 731 pronomen
561 655 777 733 recipit
815 655 1328 733 conparationem,
1377 655 1644 734 quamvis
1674 664 1735 716 et
1763 654 2102 736 qualitatem
2150 658 2443 735 significet
2485 666 2543 719 et
2589 677 2773 739 quan-

171 756 432 816 fimoem.
2262 757 2269 762 ’

351 857 518 918 Inter
559 858 910 935 pronomina
957 864 1018 916 et
1061 855 1339 918 articulos
1381 856 1496 918 hoc
1525 857 1805 928 interest,
1851 858 2010 939 quod
2054 861 2405 938 pronomina
2454 881 2520 922 ea
2564 871 2777 940 putan-

171 968 312 1028 tur,
359 976 542 1038 quae,
587 977 722 1018 cum
768 957 890 1019 sola
935 959 1080 1029 sint,
1125 959 1310 1019 vicem
1357 960 1616 1021 nominis
1659 959 1973 1039 conplent,
2022 969 2085 1021 ut
2128 963 2259 1041 quis
2302 963 2413 1022 iste
2456 961 2587 1031 ille;
2635 965 2775 1025 arti·
2802 983 2827 1020 5

170 1059 304 1120 culi
347 1077 490 1120 vero
535 1079 671 1121 cum
720 1058 1204 1140 [pronominibus
1243 1057 1374 1139 aut]
1422 1059 1761 1122 nominibus
1806 1069 1906 1122 aut
1947 1063 2271 1142 participiis
2314 1065 2671 1143 iunguntur,
2715 1074 2779 1125 ut
2849 1101 2885 1120 2

171 1161 277 1220 hic
324 1161 504 1222 huius
547 1161 686 1222 huic
727 1161 888 1222 bunc
933 1181 970 1222 o
1014 1160 1088 1222 ab
1133 1161 1276 1232 hoc,
1325 1168 1386 1220 et
1412 1160 1723 1240 pluraliter
1766 1163 1829 1224 hi
1872 1163 2085 1223 horum
2130 1163 2225 1223 his
2268 1163 2377 1224 hos
2414 1161 2429 1248 Ι
2465 1184 2500 1225 o
2546 1164 2619 1225 ab
2664 1165 2775 1225 his.

166 1262 332 1322 haec
391 1262 597 1324 eadem
655 1263 1006 1343 pronomina
1063 1271 1126 1324 et
1179 1279 1288 1341 pro
1335 1261 1596 1323 articulis
1652 1271 1711 1324 et
1755 1281 1864 1343 pro
1910 1263 2412 1325 demonstratione
2454 1274 2775 1346 ponuntur.

171 1369 400 1424 neuter
455 1371 588 1424 uter
643 1381 798 1425 unus
855 1363 1106 1445 [omnis]
1163 1363 1314 1425 alter
1370 1363 1518 1426 alius
1573 1363 1731 1425 ullus
1775 1365 1948 1426 ambo
1994 1373 2241 1446 uterque
2288 1375 2425 1427 sunt
2480 1369 2581 1446 qui
2611 1363 2639 1451 n
2665 1386 2775 1426 no·

168 1466 376 1535 mina,
423 1473 561 1525 sunt
615 1466 718 1545 qui
760 1467 1116 1546 pronomina
1161 1467 1533 1536 existiment,
1590 1465 1727 1527 ideo
1770 1466 1926 1547 quod
1973 1466 2234 1528 articulis
2276 1469 2336 1528 in
2384 1467 2853 1529 declinationem

171 1583 304 1627 non
347 1565 636 1642 indigent.

1277 1753 1378 1814 DE
1417 1753 1688 1815 VERBO.

353 1886 612 1948 Verbum
671 1895 762 1948 est
814 1905 954 1967 pars
1013 1889 1296 1948 orationis
1348 1907 1484 1949 cum
1549 1896 1820 1968 tempore
1876 1895 1935 1948 et
1984 1905 2238 1968 persona
2294 1891 2423 1951 sine
2478 1909 2619 1952 casu
2672 1899 2774 1952 aut

175 2007 365 2070 agere
421 1988 639 2069 aliquid
697 1996 801 2049 aut
852 1990 974 2068 pati
1032 1996 1130 2049 aut
1187 1997 1462 2050 neutrum
1519 1989 1873 2067 significans
1962 1990 2143 2051 verbo
2198 1992 2472 2052 accidunt
2524 1999 2769 2071 septem,
2799 2011 2847 2052 15

176 2089 440 2170 qualitas
482 2091 818 2168 coniugatio
859 2107 1046 2168 genus
1089 2107 1374 2151 numerus
1415 2091 1599 2169 figura
1649 2098 1880 2169 tempus
1922 2110 2195 2171 persona.
2877 2114 2909 2134 κ

356 2191 617 2262 Qualitas
671 2189 988 2250 verborum
1043 2193 1108 2250 in
1165 2190 1356 2253 modis
1401 2198 1491 2252 est
1533 2199 1592 2252 et
1633 2192 1694 2252 in
1738 2192 1964 2252 formis.
2054 2193 2214 2254 modi
2258 2201 2451 2253 autem
2497 2201 2662 2263 sunt,
2708 2201 2775 2254 ut

177 2292 356 2354 multi
401 2294 767 2360 existimant,
825 2299 1078 2371 septem,
1141 2291 1516 2363 indicativus,
1577 2293 1677 2372 qui
1722 2300 1783 2353 et
1834 2295 2303 2372 pronuntiativus
2350 2293 2660 2374 [dicitur],
2710 2303 2775 2356 ut
2834 2331 2875 2348 ι

175 2392 353 2473 lego,
413 2395 823 2473 imperativuS,
880 2398 946 2454 ut
988 2391 1148 2472 lege,
1193 2395 1602 2474 promissivus,
1649 2401 1716 2454 ut
1759 2393 1978 2472 legam:
2026 2393 2131 2456 sed
2174 2394 2335 2456 hunc
2378 2413 2487 2456 nos
2532 2395 2771 2456 modum

177 2514 310 2556 non
355 2496 709 2574 accipimus:
755 2495 1046 2572 optativus
1075 2496 1299 2556 utinam
1343 2493 1634 2573 legerem,
1680 2487 2086 2556 coniunctivus
2130 2515 2263 2557 cum
2308 2496 2530 2574 legam,
2577 2497 2771 2556 infini-
2798 2515 2849 2556 20

177 2599 340 2658 tivus
399 2594 627 2675 legere,
685 2595 1076 2675 inpersonalis
1132 2594 1368 2674 legitur.
1457 2597 1615 2657 hunc
1671 2595 1908 2676 quidam
1966 2596 2205 2657 modum
2258 2617 2371 2677 pro
2430 2616 2649 2676 genere
2706 2617 2773 2659 ac

179 2699 618 2777 significatione
665 2696 828 2759 verbi
872 2697 1193 2777 accipiunt,
1251 2698 1418 2759 cuius
1466 2696 1642 2758 verba
1687 2706 1790 2759 aut
1828 2699 1892 2758 in
1938 2706 2035 2758 tur
2078 2705 2295 2759 exeunt
2338 2706 2439 2759 aut
2480 2701 2541 2759 in
2585 2701 2632 2760 it
2674 2707 2775 2760 aut

175 2802 238 2861 in
289 2807 373 2860 et.
463 2798 567 2859 sed
621 2797 773 2879 qua'e
824 2800 884 2859 in
944 2805 1042 2858 tur
1097 2804 1155 2858 et
1207 2799 1270 2858 in
1314 2799 1361 2857 it
1403 2807 1646 2871 exeunt,
1692 2798 1841 2860 haec
1884 2798 1959 2860 ab
2002 2799 2315 2859 indicativo
2362 2799 2663 2869 oriuntur,
2708 2806 2775 2859 ut

179 2901 320 2980 lego
365 2899 613 2978 legitur,
659 2901 937 2979 contingo
981 2899 1284 2978 contingit.
1375 2917 1526 2980 quae
1569 2901 1631 2959 in
1677 2907 1738 2960 et
1782 2906 2024 2969 exeunt,
2072 2899 2216 2961 duas
2258 2900 2479 2961 formas
2522 2899 2774 2960 habent:

180 3002 298 3064 alia
347 3003 508 3062 enim
555 3000 630 3061 ab
671 3001 986 3062 indicativo
1029 3001 1301 3071 veniunt,
1358 3008 1425 3061 ut
1464 3003 1755 3061 misereor
1800 3002 2069 3069 miseret:
2128 2999 2237 3061 alia
2296 3020 2328 3062 a
2373 3019 2436 3062 se
2481 3003 2768 3071 oriuntur,
2798 3021 2849 3061 25

184 3113 246 3166 ut
293 3103 483 3184 pudet
525 3101 718 3163 taedet
759 3104 1023 3180 paenitet
1062 3100 1225 3163 libet.
1298 3100 1546 3181 qualitas
1591 3100 1904 3162 verborum
1953 3103 2126 3162 etiam
2157 3104 2219 3162 in
2250 3102 2456 3163 formis
2500 3110 2589 3163 est
2631 3121 2774 3162 con-

183 3209 422 3272 stituta,
473 3221 619 3282 quas
663 3201 884 3264 formas
928 3203 1026 3263 alii
1055 3201 1371 3263 verborum
1403 3201 1721 3280 generibus
1752 3200 1843 3262 vel
1872 3201 2397 3280 significationibus
2427 3203 2771 3264 admiscent.

187 3307 420 3367 formae
477 3305 657 3382 igitur
700 3310 839 3365 sunt
881 3310 1187 3383 quattuor,
1242 3302 1505 3382 perfecta
1563 3303 1895 3364 meditativa
1939 3302 2365 3383 frequentativa
2410 3304 2773 3365 inchoativa:
2869 3325 2905 3344 ⁷

183 3407 470 3486 perfecta,
502 3411 567 3465 ut
609 3403 776 3482 lego;
823 3404 1172 3475 meditativa,
1220 3411 1286 3464 ut
1329 3402 1606 3472 lecturio;
1653 3403 2097 3484 frequentativa,
2142 3411 2209 3465 ut
2250 3402 2484 3473 lectit03
2530 3405 2772 3465 inchoa-

186 3511 332 3578 tiva,
393 3514 464 3567 ut
517 3505 782 3566 fervesco
836 3504 1083 3567 calesco.
1171 3504 1275 3566 sed
1321 3504 1750 3585 frequentativa
1796 3504 1972 3566 verba
2016 3523 2254 3585 semper
2295 3507 2525 3585 primae
2570 3507 2773 3566 coniu-
2799 3527 2849 3568 3ο

185 3609 441 3686 gationis
483 3615 642 3674 sunt.
713 3605 1043 3668 inchoativa
1088 3624 1208 3667 non
1251 3625 1360 3686 per
1415 3608 1614 3667 omnia
1669 3614 1939 3687 tempora
1984 3606 2386 3679 declinantur,
2445 3609 2579 3687 quia
2624 3626 2774 3686 quae

325 3863 350 3914 l
391 3859 536 3927 item]
565 3861 716 3911 etiam
751 3861 794 3911 S
927 3861 962 3910 2
994 3858 1252 3926 signifieat
1283 3859 1327 3908 S
1350 3859 1639 3926 significant
1669 3874 1698 3908 s
1834 3861 1871 3910 4
1908 3857 2062 3924 quod]
2096 3874 2227 3922 quae
2259 3875 2396 3910 corr.
2430 3860 2565 3922 quod
2595 3860 2639 3910 S

188 3935 220 3984 5
253 3931 471 3997 implent
504 3931 549 3982 S
579 3927 836 3996 complent
865 3942 895 3978 s
1042 3928 1270 3992 articulis
1298 3943 1421 3978 uero
1459 3943 1557 3992 que
1591 3927 1751 3992 (corr.
1788 3927 1949 3991 quod)
1978 3929 2363 3994 pronominibus
2391 3931 2435 3980 S
2590 3931 2625 3980 6
2657 3943 2771 3978 cum

185 4001 474 4052 nominibus
511 4006 600 4050 aut
637 3999 1021 4064 pronominibus
1062 3999 1110 4048 L
1249 3997 1598 4063 adiunguntur
1631 3999 1674 4048 S
1710 3997 2006 4062 adiungitur
2048 4012 2185 4052 corr.
2212 3997 2559 4064 adiunguntur
2591 3999 2640 4046 P

185 4079 240 4122 ut
277 4087 374 4124 oon.
408 4070 452 4121 S
623 4069 658 4118 8
692 4068 929 4133 ponimus
959 4068 1042 4120 L.-
1085 4075 1346 4132 ponuntur
1379 4066 1444 4115 de
1477 4065 1680 4114 incertis
1707 4066 2093 4130 pronominibus
2125 4075 2303 4116 neuter
2333 4068 2377 4117 S
2543 4066 2579 4116 9
2610 4068 2775 4115 omnis

186 4157 275 4190 om.
304 4139 410 4188 LP
577 4137 644 4188 10
679 4137 968 4187 existiment
1009 4137 1058 4187 L
1096 4135 1360 4187 cledonius
1388 4150 1442 4197 p.
1488 4131 1624 4184 1910
1665 4135 1958 4185 existimant
1999 4137 2051 4184 P
2084 4134 2415 4184 exhistimant
2451 4136 2495 4185 S
2658 4137 2774 4184 ideo

189 4201 342 4274 quod]
375 4215 529 4271 atque
562 4208 677 4257 ideo
707 4207 755 4255 L
855 4237 860 4242 ·
923 4205 988 4257 13
1037 4206 1246 4254 verbum
1286 4204 1408 4268 quid
1457 4202 1571 4253 est?
1619 4202 1897 4254 secundum
1928 4201 2178 4254 Donatum
2216 4217 2335 4268 pars
2384 4203 2627 4254 orationis
2660 4218 2775 4253 cum

186 4291 414 4344 tempore
443 4285 492 4326 et
517 4289 736 4342 persona
773 4275 883 4325 sine
905 4289 1026 4324 casu
1059 4273 1360 4324 Priscianus
1377 4289 1436 4338 p.
1472 4272 1606 4322 1245
1750 4270 1813 4322 18
1842 4271 2168 4322 exhistimant
2192 4273 2236 4322 S
2264 4272 2599 4322 exaestimant
2625 4274 2676 4323 P

187 4348 368 4396 dicitnr
395 4363 487 4396 om.
526 4345 631 4394 LP
793 4343 862 4394 20
892 4343 1291 4394 coniunctatibns
1317 4344 1360 4394 S
1531 4342 1597 4391 21
1638 4342 1733 4391 sed
1760 4341 1893 4392 hunc
1923 4342 1971 4391 L
2135 4341 2202 4392 25
2241 4343 2455 4391 misereo
2492 4343 2701 4392 miseret
2735 4342 2779 4390 S

189 4419 432 4468 misereor
463 4415 669 4464 miseret
697 4429 726 4464 ε
759 4415 1054 4464 Consentius
1072 4428 1129 4475 p.
1167 4412 1306 4464 2058
1401 4474 1404 4477 Ι
1442 4409 1512 4461 26
1534 4411 1759 4476 paenitet
1788 4427 1879 4461 om.
1917 4411 2018 4460 LP
2143 4410 2266 4460 libet
2292 4412 2525 4473 quamuis
2555 4411 2777 4462 dixerint

189 4496 388 4536 ueteres
415 4483 586 4550 pudeo
613 4484 794 4534 taedeo
821 4482 898 4532 P.-
924 4481 1160 4546 quamuis
1191 4489 1388 4531 ueteres
1417 4479 1640 4530 dixerint
1673 4481 1842 4547 pudeo
1880 4480 2057 4530 taedeo
2088 4481 2291 4544 peniteo
2315 4481 2367 4528 in
2394 4483 2618 4545 margine
2648 4481 2773 4532 add.

187 4559 241 4604 ³2·
261 4557 439 4604 eadem
467 4556 649 4617 ἱερίσεε
679 4555 877 4603 videtur
899 4552 1164 4616 Pompeius
1201 4565 1255 4613 p.
1294 4549 1398 4602 273
1509 4549 1727 4612 qualitas
1758 4579 1825 4586 —
1854 4549 1975 4612 382,
1995 4548 2031 4598 9
2056 4549 2261 4612 quiesco
2290 4549 2519 4605 Con-sent.
2549 4567 2603 4615 p.
2636 4549 2775 4600 2062

189 4639 297 4690 sqq.
438 4623 506 4672 27
530 4624 744 4673 miscent
779 4621 878 4672 LP
979 4621 1048 4671 28
1085 4636 1151 4669 ns
1189 4633 1374 4669 souma
1410 4633 1685 4670 cannosum
1705 4621 1917 4670 Formae
1946 4618 2102 4684 igitur
2134 4625 2369 4682 quattuor
2405 4627 2524 4670 sunt
2551 4619 2777 4683 perfecta

189 4693 485 4743 meditatiua
521 4691 806 4742 inchoatiua
842 4689 1212 4753 frequentatiua
1243 4689 1286 4739 S
1321 4687 1518 4740 formae
1551 4689 1709 4754 igitur
1750 4697 1869 4738 sunt
1904 4696 2139 4752 quattuor
2172 4702 2285 4738 nam
2316 4697 2366 4737 et
2392 4689 2444 4738 in
2477 4687 2560 4739 his
2591 4701 2777 4754 graeca

194 4762 366 4827 lingua
393 4761 562 4810 deficit
593 4761 672 4812 P.-
703 4762 775 4825 cs.
813 4761 1042 4811 Cantent.
1067 4773 1128 4823 p.
1159 4756 1298 4808 2062
1439 4756 1509 4808 29
1535 4758 1827 4808 inchoatina
1855 4763 1911 4807 ut
1940 4755 2161 4808 ternisco
2186 4757 2371 4808 calisco
2403 4757 2777 4820 frequentatiua

191 4837 244 4879 ut
279 4831 445 4883 lectito
476 4831 523 4881 S
