<?xml version="1.0" encoding="UTF-8"?>
<!DOCTYPE html PUBLIC "-//W3C//DTD XHTML 1.0 Transitional//EN"
    "http://www.w3.org/TR/xhtml1/DTD/xhtml1-transitional.dtd">
<html xmlns="http://www.w3.org/1999/xhtml" xml:lang="en" lang="en">
 <head>
  <title>
</title>
<meta http-equiv="Content-Type" content="text/html;charset=utf-8" />
  <meta name='ocr-system' content='tesseract 3.04.00' />
  <meta name='ocr-capabilities' content='ocr_page ocr_carea ocr_par ocr_line ocrx_word'/>
</head>
<body>
  <div class='ocr_page' id='page_1' title='image "./grammaticilatin01unkngoog_0551.png"; bbox 0 0 3434 5442; ppageno 0'>
   <div class='ocr_carea' id='block_1_1' title="bbox 689 361 3161 525">
    <p class='ocr_par' dir='ltr' id='par_1_1' title="bbox 689 361 3161 525">
     <span class='ocr_line' id='line_1_1' title="bbox 689 361 2125 446; baseline 0 -21"><span class='ocrx_word' id='word_1_1' title='bbox 689 363 814 428; x_wconf 84' lang='lat'><strong>490</strong></span> <span class='ocrx_word' id='word_1_2' title='bbox 1820 361 2125 446; x_wconf 64' lang='lat' dir='ltr'><strong>[scaen]</strong></span> 
     </span>
     <span class='ocr_line' id='line_1_2' title="bbox 2836 471 3161 525; baseline 0.003 -11"><span class='ocrx_word' id='word_1_3' title='bbox 2836 485 2881 525; x_wconf 77' lang='lat' dir='ltr'><strong>p.</strong></span> <span class='ocrx_word' id='word_1_4' title='bbox 2910 473 3091 514; x_wconf 65' lang='lat' dir='ltr'><strong>ffic-ss</strong></span> <span class='ocrx_word' id='word_1_5' title='bbox 3120 471 3161 515; x_wconf 81' lang='lat'><strong>1.</strong></span> 
     </span>
    </p>
   </div>
   <div class='ocr_carea' id='block_1_2' title="bbox 599 545 3251 4306">
    <p class='ocr_par' dir='ltr' id='par_1_2' title="bbox 599 545 3251 4306">
     <span class='ocr_line' id='line_1_3' title="bbox 689 545 3251 633; baseline 0.003 -27"><span class='ocrx_word' id='word_1_6' title='bbox 689 545 957 617; x_wconf 89' lang='lat' dir='ltr'><strong>lativum;</strong></span> <span class='ocrx_word' id='word_1_7' title='bbox 1005 548 1117 609; x_wconf 92' lang='lat' dir='ltr'><strong>hoc</strong></span> <span class='ocrx_word' id='word_1_8' title='bbox 1160 549 1218 609; x_wconf 92' lang='lat' dir='ltr'><strong>in</strong></span> <span class='ocrx_word' id='word_1_9' title='bbox 1267 548 1424 611; x_wconf 89' lang='lat' dir='ltr'><strong>nulla</strong></span> <span class='ocrx_word' id='word_1_10' title='bbox 1468 557 1634 630; x_wconf 89' lang='lat' dir='ltr'><strong>parte</strong></span> <span class='ocrx_word' id='word_1_11' title='bbox 1689 552 1973 612; x_wconf 88' lang='lat' dir='ltr'><strong>orationis</strong></span> <span class='ocrx_word' id='word_1_12' title='bbox 2026 553 2310 614; x_wconf 82' lang='lat' dir='ltr'><strong>invenies.</strong></span> <span class='ocrx_word' id='word_1_13' title='bbox 2398 553 2549 614; x_wconf 91' lang='lat' dir='ltr'><strong>istae</strong></span> <span class='ocrx_word' id='word_1_14' title='bbox 2590 559 2727 614; x_wconf 89' lang='lat' dir='ltr'><strong>sunt</strong></span> <span class='ocrx_word' id='word_1_15' title='bbox 2770 569 2916 630; x_wconf 88' lang='lat' dir='ltr'><strong>ergo</strong></span> <span class='ocrx_word' id='word_1_16' title='bbox 2960 552 3251 633; x_wconf 81' lang='lat' dir='ltr'><strong>perfectae</strong></span> 
     </span>
     <span class='ocr_line' id='line_1_4' title="bbox 689 649 3247 732; baseline 0.002 -22"><span class='ocrx_word' id='word_1_17' title='bbox 689 649 1075 713; x_wconf 61' lang='lat' dir='ltr'><strong>definitiones</strong></span> <span class='ocrx_word' id='word_1_18' title='bbox 1165 653 1414 713; x_wconf 74' lang='lat' dir='ltr'><strong>‘nomen</strong></span> <span class='ocrx_word' id='word_1_19' title='bbox 1460 661 1551 714; x_wconf 85' lang='lat' dir='ltr'><strong>est</strong></span> <span class='ocrx_word' id='word_1_20' title='bbox 1591 671 1729 732; x_wconf 88' lang='lat' dir='ltr'><strong>pars</strong></span> <span class='ocrx_word' id='word_1_21' title='bbox 1771 655 2053 714; x_wconf 89' lang='lat' dir='ltr'><strong>orationis</strong></span> <span class='ocrx_word' id='word_1_22' title='bbox 2096 672 2229 715; x_wconf 91' lang='lat' dir='ltr'><strong>cum</strong></span> <span class='ocrx_word' id='word_1_23' title='bbox 2276 660 2469 716; x_wconf 87' lang='lat' dir='ltr'><strong>casu&#39;.</strong></span> <span class='ocrx_word' id='word_1_24' title='bbox 2554 653 2689 716; x_wconf 90' lang='lat' dir='ltr'><strong>ideo</strong></span> <span class='ocrx_word' id='word_1_25' title='bbox 2734 654 2881 716; x_wconf 83' lang='lat' dir='ltr'><strong>dixit</strong></span> <span class='ocrx_word' id='word_1_26' title='bbox 2920 673 3057 715; x_wconf 85' lang='lat' dir='ltr'><strong>cum</strong></span> <span class='ocrx_word' id='word_1_27' title='bbox 3102 673 3247 726; x_wconf 84' lang='lat' dir='ltr'><strong>casu,</strong></span> 
     </span>
     <span class='ocr_line' id='line_1_5' title="bbox 690 751 3244 835; baseline 0.002 -23"><span class='ocrx_word' id='word_1_28' title='bbox 690 753 822 830; x_wconf 88' lang='lat' dir='ltr'><strong>quia</strong></span> <span class='ocrx_word' id='word_1_29' title='bbox 869 751 1095 815; x_wconf 90' lang='lat' dir='ltr'><strong>nullum</strong></span> <span class='ocrx_word' id='word_1_30' title='bbox 1141 771 1356 815; x_wconf 89' lang='lat' dir='ltr'><strong>nomen</strong></span> <span class='ocrx_word' id='word_1_31' title='bbox 1401 765 1490 817; x_wconf 86' lang='lat' dir='ltr'><strong>est</strong></span> <span class='ocrx_word' id='word_1_32' title='bbox 1533 757 1660 816; x_wconf 86' lang='lat' dir='ltr'><strong>sine</strong></span> <span class='ocrx_word' id='word_1_33' title='bbox 1704 761 1888 817; x_wconf 89' lang='lat' dir='ltr'><strong>casu.&#39;</strong></span> <span class='ocrx_word' id='word_1_34' title='bbox 1978 756 2118 835; x_wconf 91' lang='lat' dir='ltr'><strong>quid</strong></span> <span class='ocrx_word' id='word_1_35' title='bbox 2170 765 2261 818; x_wconf 88' lang='lat' dir='ltr'><strong>est</strong></span> <span class='ocrx_word' id='word_1_36' title='bbox 2316 757 2443 817; x_wconf 88' lang='lat' dir='ltr'><strong>siue</strong></span> <span class='ocrx_word' id='word_1_37' title='bbox 2488 757 2663 818; x_wconf 81' lang='lat' dir='ltr'><strong>casu?</strong></span> <span class='ocrx_word' id='word_1_38' title='bbox 2720 757 2846 817; x_wconf 89' lang='lat' dir='ltr'><strong>sine</strong></span> <span class='ocrx_word' id='word_1_39' title='bbox 2892 758 3055 818; x_wconf 87' lang='lat' dir='ltr'><strong>omni</strong></span> <span class='ocrx_word' id='word_1_40' title='bbox 3100 775 3244 818; x_wconf 87' lang='lat' dir='ltr'><strong>casu.</strong></span> 
     </span>
     <span class='ocr_line' id='line_1_6' title="bbox 690 854 3247 939; baseline 0.002 -25"><span class='ocrx_word' id='word_1_41' title='bbox 690 863 950 916; x_wconf 88' lang='lat' dir='ltr'><strong>ceterum</strong></span> <span class='ocrx_word' id='word_1_42' title='bbox 997 856 1124 917; x_wconf 89' lang='lat' dir='ltr'><strong>sine</strong></span> <span class='ocrx_word' id='word_1_43' title='bbox 1168 854 1362 938; x_wconf 90' lang='lat' dir='ltr'><strong>aliquo</strong></span> <span class='ocrx_word' id='word_1_44' title='bbox 1409 875 1546 918; x_wconf 88' lang='lat' dir='ltr'><strong>casu</strong></span> <span class='ocrx_word' id='word_1_45' title='bbox 1589 865 1784 937; x_wconf 88' lang='lat' dir='ltr'><strong>potest</strong></span> <span class='ocrx_word' id='word_1_46' title='bbox 1825 859 2101 929; x_wconf 88' lang='lat' dir='ltr'><strong>inveniri,</strong></span> <span class='ocrx_word' id='word_1_47' title='bbox 2158 857 2250 918; x_wconf 86' lang='lat' dir='ltr'><strong>vel</strong></span> <span class='ocrx_word' id='word_1_48' title='bbox 2294 859 2468 920; x_wconf 89' lang='lat' dir='ltr'><strong>unius</strong></span> <span class='ocrx_word' id='word_1_49' title='bbox 2512 876 2711 928; x_wconf 81' lang='lat' dir='ltr'><strong>casus,</strong></span> <span class='ocrx_word' id='word_1_50' title='bbox 2761 867 2825 920; x_wconf 93' lang='lat' dir='ltr'><strong>ut</strong></span> <span class='ocrx_word' id='word_1_51' title='bbox 2866 865 3083 939; x_wconf 84' lang='lat' dir='ltr'><strong>sponte</strong></span> <span class='ocrx_word' id='word_1_52' title='bbox 3124 857 3247 920; x_wconf 84' lang='lat' dir='ltr'><strong>tabo</strong></span> 
     </span>
     <span class='ocr_line' id='line_1_7' title="bbox 637 955 3249 1040; baseline 0.002 -23"><span class='ocrx_word' id='word_1_53' title='bbox 637 969 662 1009; x_wconf 84' lang='lat'>⁵</span> <span class='ocrx_word' id='word_1_54' title='bbox 689 965 857 1029; x_wconf 89' lang='lat' dir='ltr'><strong>natu,</strong></span> <span class='ocrx_word' id='word_1_55' title='bbox 913 955 1001 1017; x_wconf 86' lang='lat' dir='ltr'><strong>vel</strong></span> <span class='ocrx_word' id='word_1_56' title='bbox 1062 957 1340 1031; x_wconf 88' lang='lat' dir='ltr'><strong>duorum,</strong></span> <span class='ocrx_word' id='word_1_57' title='bbox 1397 968 1463 1021; x_wconf 88' lang='lat' dir='ltr'><strong>ut</strong></span> <span class='ocrx_word' id='word_1_58' title='bbox 1514 960 1768 1039; x_wconf 79' lang='lat' dir='ltr'><strong>Iupiter,</strong></span> <span class='ocrx_word' id='word_1_59' title='bbox 1826 959 1915 1020; x_wconf 92' lang='lat' dir='ltr'><strong>vel</strong></span> <span class='ocrx_word' id='word_1_60' title='bbox 1969 961 2177 1029; x_wconf 89' lang='lat' dir='ltr'><strong>trium,</strong></span> <span class='ocrx_word' id='word_1_61' title='bbox 2235 968 2299 1022; x_wconf 90' lang='lat' dir='ltr'><strong>ut</strong></span> <span class='ocrx_word' id='word_1_62' title='bbox 2354 977 2637 1039; x_wconf 83' lang='lat' dir='ltr'><strong>nequam,</strong></span> <span class='ocrx_word' id='word_1_63' title='bbox 2700 959 2788 1021; x_wconf 88' lang='lat' dir='ltr'><strong>vel</strong></span> <span class='ocrx_word' id='word_1_64' title='bbox 2832 967 3139 1040; x_wconf 84' lang='lat' dir='ltr'><strong>quattuor,</strong></span> <span class='ocrx_word' id='word_1_65' title='bbox 3192 971 3249 1024; x_wconf 88' lang='lat' dir='ltr'><strong>ut</strong></span> 
     </span>
     <span class='ocr_line' id='line_1_8' title="bbox 687 1058 3245 1126; baseline 0.002 -7"><span class='ocrx_word' id='word_1_66' title='bbox 687 1059 860 1120; x_wconf 89' lang='lat' dir='ltr'><strong>huius</strong></span> <span class='ocrx_word' id='word_1_67' title='bbox 915 1058 1114 1121; x_wconf 88' lang='lat' dir='ltr'><strong>lateris</strong></span> <span class='ocrx_word' id='word_1_68' title='bbox 1168 1059 1306 1122; x_wconf 87' lang='lat' dir='ltr'><strong>huic</strong></span> <span class='ocrx_word' id='word_1_69' title='bbox 1360 1060 1532 1123; x_wconf 87' lang='lat' dir='ltr'><strong>lateri</strong></span> <span class='ocrx_word' id='word_1_70' title='bbox 1585 1061 1745 1124; x_wconf 88' lang='lat' dir='ltr'><strong>hunc</strong></span> <span class='ocrx_word' id='word_1_71' title='bbox 1800 1061 2044 1124; x_wconf 89' lang='lat' dir='ltr'><strong>laterem</strong></span> <span class='ocrx_word' id='word_1_72' title='bbox 2102 1061 2175 1123; x_wconf 88' lang='lat' dir='ltr'><strong>ab</strong></span> <span class='ocrx_word' id='word_1_73' title='bbox 2231 1061 2345 1122; x_wconf 91' lang='lat' dir='ltr'><strong>hoc</strong></span> <span class='ocrx_word' id='word_1_74' title='bbox 2402 1061 2607 1123; x_wconf 89' lang='lat' dir='ltr'><strong>latere.</strong></span> <span class='ocrx_word' id='word_1_75' title='bbox 2694 1064 2822 1124; x_wconf 85' lang='lat' dir='ltr'><strong>sine</strong></span> <span class='ocrx_word' id='word_1_76' title='bbox 2878 1081 3019 1126; x_wconf 84' lang='lat' dir='ltr'><strong>casu</strong></span> <span class='ocrx_word' id='word_1_77' title='bbox 3062 1071 3245 1126; x_wconf 86' lang='lat' dir='ltr'><strong>autem</strong></span> 
     </span>
     <span class='ocr_line' id='line_1_9' title="bbox 689 1163 3245 1245; baseline 0.002 -24"><span class='ocrx_word' id='word_1_78' title='bbox 689 1163 924 1241; x_wconf 87' lang='lat' dir='ltr'><strong>penitus</strong></span> <span class='ocrx_word' id='word_1_79' title='bbox 977 1179 1097 1223; x_wconf 89' lang='lat' dir='ltr'><strong>non</strong></span> <span class='ocrx_word' id='word_1_80' title='bbox 1151 1170 1344 1242; x_wconf 88' lang='lat' dir='ltr'><strong>potest</strong></span> <span class='ocrx_word' id='word_1_81' title='bbox 1393 1165 1664 1232; x_wconf 86' lang='lat' dir='ltr'><strong>inveniri.</strong></span> <span class='ocrx_word' id='word_1_82' title='bbox 1755 1183 1889 1227; x_wconf 89' lang='lat' dir='ltr'><strong>nam</strong></span> <span class='ocrx_word' id='word_1_83' title='bbox 1934 1182 2072 1226; x_wconf 90' lang='lat' dir='ltr'><strong>mox</strong></span> <span class='ocrx_word' id='word_1_84' title='bbox 2126 1171 2193 1226; x_wconf 88' lang='lat' dir='ltr'><strong>ut</strong></span> <span class='ocrx_word' id='word_1_85' title='bbox 2246 1165 2506 1226; x_wconf 87' lang='lat' dir='ltr'><strong>nascitur</strong></span> <span class='ocrx_word' id='word_1_86' title='bbox 2550 1183 2798 1234; x_wconf 84' lang='lat' dir='ltr'><strong>nomen,</strong></span> <span class='ocrx_word' id='word_1_87' title='bbox 2844 1163 3025 1226; x_wconf 85' lang='lat' dir='ltr'><strong>habet</strong></span> <span class='ocrx_word' id='word_1_88' title='bbox 3061 1167 3245 1245; x_wconf 65' lang='lat' dir='ltr'><strong>&gt;ipsum</strong></span> 
     </span>
     <span class='ocr_line' id='line_1_10' title="bbox 687 1263 3245 1348; baseline 0.001 -23"><span class='ocrx_word' id='word_1_89' title='bbox 687 1263 1096 1343; x_wconf 80' lang='lat' dir='ltr'><strong>appellationis</strong></span> <span class='ocrx_word' id='word_1_90' title='bbox 1149 1284 1300 1333; x_wconf 64' lang='lat' dir='ltr'><strong>⁴suae</strong></span> <span class='ocrx_word' id='word_1_91' title='bbox 1366 1284 1582 1328; x_wconf 87' lang='lat' dir='ltr'><strong>casum.</strong></span> <span class='ocrx_word' id='word_1_92' title='bbox 1671 1267 1807 1328; x_wconf 90' lang='lat' dir='ltr'><strong>ideo</strong></span> <span class='ocrx_word' id='word_1_93' title='bbox 1873 1266 2075 1328; x_wconf 85' lang='lat' dir='ltr'><strong>definit</strong></span> <span class='ocrx_word' id='word_1_94' title='bbox 2130 1272 2381 1327; x_wconf 83' lang='lat' dir='ltr'><strong>‘nomen</strong></span> <span class='ocrx_word' id='word_1_95' title='bbox 2436 1275 2525 1328; x_wconf 88' lang='lat' dir='ltr'><strong>est</strong></span> <span class='ocrx_word' id='word_1_96' title='bbox 2580 1285 2718 1348; x_wconf 90' lang='lat' dir='ltr'><strong>pars</strong></span> <span class='ocrx_word' id='word_1_97' title='bbox 2782 1267 3069 1329; x_wconf 83' lang='lat' dir='ltr'><strong>orationis</strong></span> <span class='ocrx_word' id='word_1_98' title='bbox 3124 1286 3245 1328; x_wconf 87' lang='lat' dir='ltr'><strong>cum</strong></span> 
     </span>
     <span class='ocr_line' id='line_1_11' title="bbox 689 1365 3247 1452; baseline 0.002 -27"><span class='ocrx_word' id='word_1_99' title='bbox 689 1383 826 1428; x_wconf 87' lang='lat' dir='ltr'><strong>casu</strong></span> <span class='ocrx_word' id='word_1_100' title='bbox 843 1374 880 1436; x_wconf 90' lang='lat'><strong>’‚</strong></span> <span class='ocrx_word' id='word_1_101' title='bbox 928 1369 1090 1446; x_wconf 91' lang='lat' dir='ltr'><strong>quia,</strong></span> <span class='ocrx_word' id='word_1_102' title='bbox 1131 1365 1142 1452; x_wconf 83' lang='grc' dir='ltr'>Ι</span> <span class='ocrx_word' id='word_1_103' title='bbox 1179 1367 1315 1429; x_wconf 91' lang='lat' dir='ltr'><strong>licet</strong></span> <span class='ocrx_word' id='word_1_104' title='bbox 1347 1387 1464 1430; x_wconf 89' lang='lat' dir='ltr'><strong>non</strong></span> <span class='ocrx_word' id='word_1_105' title='bbox 1494 1368 1708 1430; x_wconf 88' lang='lat' dir='ltr'><strong>habeat</strong></span> <span class='ocrx_word' id='word_1_106' title='bbox 1754 1387 1959 1432; x_wconf 88' lang='lat' dir='ltr'><strong>omnes</strong></span> <span class='ocrx_word' id='word_1_107' title='bbox 2002 1387 2197 1436; x_wconf 88' lang='lat' dir='ltr'><strong>casus,</strong></span> <span class='ocrx_word' id='word_1_108' title='bbox 2244 1375 2441 1430; x_wconf 87' lang='lat' dir='ltr'><strong>tamen</strong></span> <span class='ocrx_word' id='word_1_109' title='bbox 2484 1386 2607 1431; x_wconf 89' lang='lat' dir='ltr'><strong>non</strong></span> <span class='ocrx_word' id='word_1_110' title='bbox 2650 1377 2847 1449; x_wconf 79' lang='lat' dir='ltr'><strong>potest</strong></span> <span class='ocrx_word' id='word_1_111' title='bbox 2890 1387 3011 1431; x_wconf 87' lang='lat' dir='ltr'><strong>non</strong></span> <span class='ocrx_word' id='word_1_112' title='bbox 3038 1368 3247 1430; x_wconf 83' lang='lat' dir='ltr'><strong>habere</strong></span> 
     </span>
     <span class='ocr_line' id='line_1_12' title="bbox 617 1467 3245 1552; baseline 0.002 -25"><span class='ocrx_word' id='word_1_113' title='bbox 617 1479 663 1520; x_wconf 84' lang='lat'><strong>¹⁰</strong></span> <span class='ocrx_word' id='word_1_114' title='bbox 691 1467 780 1528; x_wconf 90' lang='lat' dir='ltr'><strong>vel</strong></span> <span class='ocrx_word' id='word_1_115' title='bbox 835 1487 1038 1531; x_wconf 88' lang='lat' dir='ltr'><strong>unum.</strong></span> <span class='ocrx_word' id='word_1_116' title='bbox 1127 1469 1302 1533; x_wconf 87' lang='lat' dir='ltr'><strong>adicit</strong></span> <span class='ocrx_word' id='word_1_117' title='bbox 1355 1470 1570 1532; x_wconf 89' lang='lat' dir='ltr'><strong>deinde</strong></span> <span class='ocrx_word' id='word_1_118' title='bbox 1627 1477 1882 1552; x_wconf 79' lang='lat' dir='ltr'><strong>‘corpus</strong></span> <span class='ocrx_word' id='word_1_119' title='bbox 1938 1478 2039 1533; x_wconf 87' lang='lat' dir='ltr'><strong>aut</strong></span> <span class='ocrx_word' id='word_1_120' title='bbox 2094 1476 2276 1532; x_wconf 84' lang='lat' dir='ltr'><strong>rem&#39;.</strong></span> <span class='ocrx_word' id='word_1_121' title='bbox 2366 1469 2693 1551; x_wconf 88' lang='lat' dir='ltr'><strong>corporalia</strong></span> <span class='ocrx_word' id='word_1_122' title='bbox 2748 1478 2807 1532; x_wconf 92' lang='lat' dir='ltr'><strong>et</strong></span> <span class='ocrx_word' id='word_1_123' title='bbox 2868 1471 3245 1552; x_wconf 87' lang='lat' dir='ltr'><strong>incorporalia</strong></span> 
     </span>
     <span class='ocr_line' id='line_1_13' title="bbox 694 1569 3243 1653; baseline 0.001 -22"><span class='ocrx_word' id='word_1_124' title='bbox 694 1569 898 1632; x_wconf 89' lang='lat' dir='ltr'><strong>dicunt</strong></span> <span class='ocrx_word' id='word_1_125' title='bbox 939 1573 1324 1651; x_wconf 77' lang='lat' dir='ltr'><strong>grammatici.</strong></span> <span class='ocrx_word' id='word_1_126' title='bbox 1410 1572 1654 1644; x_wconf 80' lang='lat' dir='ltr'><strong>videriS,</strong></span> <span class='ocrx_word' id='word_1_127' title='bbox 1699 1572 1843 1653; x_wconf 90' lang='lat' dir='ltr'><strong>quid</strong></span> <span class='ocrx_word' id='word_1_128' title='bbox 1886 1571 2084 1634; x_wconf 86' lang='lat' dir='ltr'><strong>dicant</strong></span> <span class='ocrx_word' id='word_1_129' title='bbox 2127 1571 2463 1652; x_wconf 86' lang='lat' dir='ltr'><strong>philosophi</strong></span> <span class='ocrx_word' id='word_1_130' title='bbox 2508 1572 2601 1634; x_wconf 87' lang='lat' dir='ltr'><strong>vel</strong></span> <span class='ocrx_word' id='word_1_131' title='bbox 2642 1579 2932 1635; x_wconf 69' lang='lat' dir='ltr'><strong>oratoreS.</strong></span> <span class='ocrx_word' id='word_1_132' title='bbox 3019 1575 3243 1635; x_wconf 87' lang='lat' dir='ltr'><strong>interim</strong></span> 
     </span>
     <span class='ocr_line' id='line_1_14' title="bbox 688 1673 3245 1756; baseline 0.001 -22"><span class='ocrx_word' id='word_1_133' title='bbox 688 1675 1053 1751; x_wconf 85' lang='lat' dir='ltr'><strong>grammatici</strong></span> <span class='ocrx_word' id='word_1_134' title='bbox 1108 1674 1416 1755; x_wconf 85' lang='lat' dir='ltr'><strong>corporale</strong></span> <span class='ocrx_word' id='word_1_135' title='bbox 1470 1674 1674 1737; x_wconf 86' lang='lat' dir='ltr'><strong>dicunt</strong></span> <span class='ocrx_word' id='word_1_136' title='bbox 1727 1673 1885 1755; x_wconf 88' lang='lat' dir='ltr'><strong>quod</strong></span> <span class='ocrx_word' id='word_1_137' title='bbox 1941 1675 2171 1736; x_wconf 87' lang='lat' dir='ltr'><strong>videtur</strong></span> <span class='ocrx_word' id='word_1_138' title='bbox 2227 1683 2285 1736; x_wconf 92' lang='lat' dir='ltr'><strong>et</strong></span> <span class='ocrx_word' id='word_1_139' title='bbox 2338 1676 2625 1752; x_wconf 77' lang='lat' dir='ltr'><strong>tangitur,</strong></span> <span class='ocrx_word' id='word_1_140' title='bbox 2685 1675 3057 1756; x_wconf 86' lang='lat' dir='ltr'><strong>incorporale</strong></span> <span class='ocrx_word' id='word_1_141' title='bbox 3100 1675 3245 1756; x_wconf 87' lang='lat' dir='ltr'><strong>quod</strong></span> 
     </span>
     <span class='ocr_line' id='line_1_15' title="bbox 689 1776 3241 1857; baseline 0.001 -21"><span class='ocrx_word' id='word_1_142' title='bbox 689 1793 798 1836; x_wconf 87' lang='lat' dir='ltr'><strong>nec</strong></span> <span class='ocrx_word' id='word_1_143' title='bbox 841 1776 1072 1838; x_wconf 88' lang='lat' dir='ltr'><strong>videtur</strong></span> <span class='ocrx_word' id='word_1_144' title='bbox 1130 1795 1240 1840; x_wconf 87' lang='lat' dir='ltr'><strong>nec</strong></span> <span class='ocrx_word' id='word_1_145' title='bbox 1293 1778 1572 1856; x_wconf 84' lang='lat' dir='ltr'><strong>tangitur.</strong></span> <span class='ocrx_word' id='word_1_146' title='bbox 1659 1778 1950 1855; x_wconf 85' lang='lat' dir='ltr'><strong>significat</strong></span> <span class='ocrx_word' id='word_1_147' title='bbox 2004 1785 2197 1839; x_wconf 87' lang='lat' dir='ltr'><strong>autem</strong></span> <span class='ocrx_word' id='word_1_148' title='bbox 2254 1784 2355 1838; x_wconf 90' lang='lat' dir='ltr'><strong>aut</strong></span> <span class='ocrx_word' id='word_1_149' title='bbox 2406 1779 2648 1857; x_wconf 86' lang='lat' dir='ltr'><strong>proprie</strong></span> <span class='ocrx_word' id='word_1_150' title='bbox 2693 1785 2793 1838; x_wconf 85' lang='lat' dir='ltr'><strong>aut</strong></span> <span class='ocrx_word' id='word_1_151' title='bbox 2836 1781 3241 1840; x_wconf 80' lang='lat' dir='ltr'><strong>communiter:</strong></span> 
     </span>
     <span class='ocr_line' id='line_1_16' title="bbox 690 1859 3243 1960; baseline 0 -21"><span class='ocrx_word' id='word_1_152' title='bbox 690 1879 958 1958; x_wconf 86' lang='lat' dir='ltr'><strong>proprie,</strong></span> <span class='ocrx_word' id='word_1_153' title='bbox 1005 1881 1054 1941; x_wconf 88' lang='lat' dir='ltr'><strong>si</strong></span> <span class='ocrx_word' id='word_1_154' title='bbox 1100 1878 1260 1941; x_wconf 87' lang='lat' dir='ltr'><strong>dicas</strong></span> <span class='ocrx_word' id='word_1_155' title='bbox 1287 1877 1539 1948; x_wconf 88' lang='lat' dir='ltr'><strong>Hector;</strong></span> <span class='ocrx_word' id='word_1_156' title='bbox 1587 1881 2007 1950; x_wconf 89' lang='lat' dir='ltr'><strong>communiter,</strong></span> <span class='ocrx_word' id='word_1_157' title='bbox 2053 1859 2127 1940; x_wconf 46' lang='lat' dir='ltr'><strong>si·</strong></span> <span class='ocrx_word' id='word_1_158' title='bbox 2149 1878 2309 1940; x_wconf 88' lang='lat' dir='ltr'><strong>dicas</strong></span> <span class='ocrx_word' id='word_1_159' title='bbox 2352 1880 2553 1940; x_wconf 86' lang='lat' dir='ltr'><strong>homo.</strong></span> <span class='ocrx_word' id='word_1_160' title='bbox 2613 1880 2923 1960; x_wconf 86' lang='lat' dir='ltr'><strong>proprium</strong></span> <span class='ocrx_word' id='word_1_161' title='bbox 2968 1888 3058 1940; x_wconf 87' lang='lat' dir='ltr'><strong>est</strong></span> <span class='ocrx_word' id='word_1_162' title='bbox 3098 1879 3243 1960; x_wconf 88' lang='lat' dir='ltr'><strong>quod</strong></span> 
     </span>
     <span class='ocr_line' id='line_1_17' title="bbox 613 1981 3241 2062; baseline 0.001 -22"><span class='ocrx_word' id='word_1_163' title='bbox 613 1991 660 2033; x_wconf 80' lang='lat'><strong>¹⁵</strong></span> <span class='ocrx_word' id='word_1_164' title='bbox 687 1983 860 2042; x_wconf 86' lang='lat' dir='ltr'><strong>unius</strong></span> <span class='ocrx_word' id='word_1_165' title='bbox 905 1989 1022 2053; x_wconf 85' lang='lat' dir='ltr'><strong>est,</strong></span> <span class='ocrx_word' id='word_1_166' title='bbox 1069 2000 1384 2043; x_wconf 90' lang='lat' dir='ltr'><strong>commune</strong></span> <span class='ocrx_word' id='word_1_167' title='bbox 1427 1981 1584 2062; x_wconf 89' lang='lat' dir='ltr'><strong>quod</strong></span> <span class='ocrx_word' id='word_1_168' title='bbox 1629 1981 1950 2044; x_wconf 89' lang='lat' dir='ltr'><strong>multorum</strong></span> <span class='ocrx_word' id='word_1_169' title='bbox 1998 1989 2105 2043; x_wconf 88' lang='lat' dir='ltr'><strong>est.</strong></span> <span class='ocrx_word' id='word_1_170' title='bbox 2194 1981 2333 2062; x_wconf 91' lang='lat' dir='ltr'><strong>quid</strong></span> <span class='ocrx_word' id='word_1_171' title='bbox 2380 1981 2677 2062; x_wconf 76' lang='lat' dir='ltr'><strong>sequitur?</strong></span> <span class='ocrx_word' id='word_1_172' title='bbox 2720 1984 2772 2042; x_wconf 91' lang='lat' dir='ltr'><strong>si</strong></span> <span class='ocrx_word' id='word_1_173' title='bbox 2816 1984 3118 2062; x_wconf 87' lang='lat' dir='ltr'><strong>proprium</strong></span> <span class='ocrx_word' id='word_1_174' title='bbox 3158 1989 3241 2042; x_wconf 83' lang='lat' dir='ltr'><strong>est</strong></span> 
     </span>
     <span class='ocr_line' id='line_1_18' title="bbox 687 2082 3242 2165; baseline 0.001 -23"><span class='ocrx_word' id='word_1_175' title='bbox 687 2089 744 2143; x_wconf 91' lang='lat' dir='ltr'><strong>et</strong></span> <span class='ocrx_word' id='word_1_176' title='bbox 787 2087 960 2146; x_wconf 86' lang='lat' dir='ltr'><strong>unius</strong></span> <span class='ocrx_word' id='word_1_177' title='bbox 1015 2090 1130 2154; x_wconf 85' lang='lat' dir='ltr'><strong>est,</strong></span> <span class='ocrx_word' id='word_1_178' title='bbox 1194 2086 1522 2146; x_wconf 72' lang='lat' dir='ltr'><strong>numerum*</strong></span> <span class='ocrx_word' id='word_1_179' title='bbox 1564 2082 1851 2165; x_wconf 88' lang='lat' dir='ltr'><strong>pluralem</strong></span> <span class='ocrx_word' id='word_1_180' title='bbox 1910 2100 2025 2145; x_wconf 91' lang='lat' dir='ltr'><strong>non</strong></span> <span class='ocrx_word' id='word_1_181' title='bbox 2070 2085 2301 2164; x_wconf 85' lang='lat' dir='ltr'><strong>recipit.</strong></span> <span class='ocrx_word' id='word_1_182' title='bbox 2388 2102 2523 2145; x_wconf 89' lang='lat' dir='ltr'><strong>nam</strong></span> <span class='ocrx_word' id='word_1_183' title='bbox 2566 2082 2727 2164; x_wconf 88' lang='lat' dir='ltr'><strong>quod</strong></span> <span class='ocrx_word' id='word_1_184' title='bbox 2769 2086 2947 2145; x_wconf 87' lang='lat' dir='ltr'><strong>unius</strong></span> <span class='ocrx_word' id='word_1_185' title='bbox 2988 2090 3097 2154; x_wconf 79' lang='lat' dir='ltr'><strong>est,</strong></span> <span class='ocrx_word' id='word_1_186' title='bbox 3142 2103 3242 2144; x_wconf 90' lang='lat' dir='ltr'><strong>nu·</strong></span> 
     </span>
     <span class='ocr_line' id='line_1_19' title="bbox 686 2184 3241 2265; baseline 0 -19"><span class='ocrx_word' id='word_1_187' title='bbox 686 2203 912 2247; x_wconf 89' lang='lat' dir='ltr'><strong>merum</strong></span> <span class='ocrx_word' id='word_1_188' title='bbox 967 2184 1256 2265; x_wconf 88' lang='lat' dir='ltr'><strong>pluralem</strong></span> <span class='ocrx_word' id='word_1_189' title='bbox 1315 2205 1433 2248; x_wconf 89' lang='lat' dir='ltr'><strong>non</strong></span> <span class='ocrx_word' id='word_1_190' title='bbox 1487 2188 1716 2265; x_wconf 87' lang='lat' dir='ltr'><strong>recipit.</strong></span> <span class='ocrx_word' id='word_1_191' title='bbox 1806 2185 2057 2248; x_wconf 88' lang='lat' dir='ltr'><strong>dicimus</strong></span> <span class='ocrx_word' id='word_1_192' title='bbox 2109 2193 2307 2246; x_wconf 90' lang='lat' dir='ltr'><strong>tamen</strong></span> <span class='ocrx_word' id='word_1_193' title='bbox 2365 2185 2857 2264; x_wconf 84' lang='lat' dir='ltr'><strong>Clytaemnestras</strong></span> <span class='ocrx_word' id='word_1_194' title='bbox 2912 2185 3137 2247; x_wconf 75' lang='lat' dir='ltr'><strong>Medeas</strong></span> <span class='ocrx_word' id='word_1_195' title='bbox 3190 2195 3241 2247; x_wconf 85' lang='lat' dir='ltr'><strong>et</strong></span> 
     </span>
     <span class='ocr_line' id='line_1_20' title="bbox 685 2286 3239 2368; baseline 0 -20"><span class='ocrx_word' id='word_1_196' title='bbox 685 2287 985 2350; x_wconf 85' lang='lat' dir='ltr'><strong>‘Decios</strong></span> <span class='ocrx_word' id='word_1_197' title='bbox 1047 2287 1321 2349; x_wconf 83' lang='lat' dir='ltr'><strong>Marios</strong></span> <span class='ocrx_word' id='word_1_198' title='bbox 1387 2304 1845 2368; x_wconf 84' lang='lat' dir='ltr'><strong>magnosque</strong></span> <span class='ocrx_word' id='word_1_199' title='bbox 1911 2287 2323 2350; x_wconf 87' lang='lat' dir='ltr'><strong>Camillos’.</strong></span> <span class='ocrx_word' id='word_1_200' title='bbox 2408 2286 2511 2349; x_wconf 87' lang='lat' dir='ltr'><strong>sed</strong></span> <span class='ocrx_word' id='word_1_201' title='bbox 2570 2289 2683 2349; x_wconf 89' lang='lat' dir='ltr'><strong>hoc</strong></span> <span class='ocrx_word' id='word_1_202' title='bbox 2744 2297 2885 2349; x_wconf 90' lang='lat' dir='ltr'><strong>tunc</strong></span> <span class='ocrx_word' id='word_1_203' title='bbox 2951 2289 3239 2367; x_wconf 84' lang='lat' dir='ltr'><strong>contingit,</strong></span> 
     </span>
     <span class='ocr_line' id='line_1_21' title="bbox 685 2387 3238 2471; baseline 0 -21"><span class='ocrx_word' id='word_1_204' title='bbox 685 2389 916 2468; x_wconf 84' lang='lat' dir='ltr'><strong>quando</strong></span> <span class='ocrx_word' id='word_1_205' title='bbox 973 2387 1140 2451; x_wconf 87' lang='lat' dir='ltr'><strong>multi</strong></span> <span class='ocrx_word' id='word_1_206' title='bbox 1195 2397 1333 2451; x_wconf 84' lang='lat' dir='ltr'><strong>sunt</strong></span> <span class='ocrx_word' id='word_1_207' title='bbox 1384 2393 1485 2471; x_wconf 91' lang='lat' dir='ltr'><strong>qui</strong></span> <span class='ocrx_word' id='word_1_208' title='bbox 1539 2392 1668 2470; x_wconf 91' lang='lat' dir='ltr'><strong>ipso</strong></span> <span class='ocrx_word' id='word_1_209' title='bbox 1738 2392 1975 2452; x_wconf 89' lang='lat' dir='ltr'><strong>nomine</strong></span> <span class='ocrx_word' id='word_1_210' title='bbox 2040 2397 2339 2450; x_wconf 84' lang='lat' dir='ltr'><strong>vocentur.</strong></span> <span class='ocrx_word' id='word_1_211' title='bbox 2426 2389 2539 2451; x_wconf 84' lang='lat' dir='ltr'><strong>suit</strong></span> <span class='ocrx_word' id='word_1_212' title='bbox 2602 2390 2821 2451; x_wconf 80' lang='lat' dir='ltr'><strong>Marius</strong></span> <span class='ocrx_word' id='word_1_213' title='bbox 2862 2390 3238 2460; x_wconf 77' lang='lat' dir='ltr'><strong>Gratidianus,</strong></span> 
     </span>
     <span class='ocr_line' id='line_1_22' title="bbox 607 2490 3239 2572; baseline 0.001 -22"><span class='ocrx_word' id='word_1_214' title='bbox 607 2501 658 2542; x_wconf 73' lang='lat'><strong>2⁰</strong></span> <span class='ocrx_word' id='word_1_215' title='bbox 686 2490 795 2552; x_wconf 87' lang='lat' dir='ltr'><strong>l&#39;uit</strong></span> <span class='ocrx_word' id='word_1_216' title='bbox 846 2490 945 2552; x_wconf 91' lang='lat' dir='ltr'><strong>ille</strong></span> <span class='ocrx_word' id='word_1_217' title='bbox 999 2494 1100 2572; x_wconf 88' lang='lat' dir='ltr'><strong>qui</strong></span> <span class='ocrx_word' id='word_1_218' title='bbox 1151 2491 1468 2554; x_wconf 86' lang='lat' dir='ltr'><strong>Praeneste</strong></span> <span class='ocrx_word' id='word_1_219' title='bbox 1526 2495 1753 2554; x_wconf 81' lang='lat' dir='ltr'><strong>occisus</strong></span> <span class='ocrx_word' id='word_1_220' title='bbox 1807 2501 1923 2559; x_wconf 89' lang='lat' dir='ltr'><strong>est,</strong></span> <span class='ocrx_word' id='word_1_221' title='bbox 1981 2491 2092 2552; x_wconf 81' lang='lat' dir='ltr'><strong>fuit</strong></span> <span class='ocrx_word' id='word_1_222' title='bbox 2134 2492 2349 2571; x_wconf 86' lang='lat' dir='ltr'><strong>septies</strong></span> <span class='ocrx_word' id='word_1_223' title='bbox 2394 2490 2618 2551; x_wconf 88' lang='lat' dir='ltr'><strong>consul.</strong></span> <span class='ocrx_word' id='word_1_224' title='bbox 2706 2491 2847 2571; x_wconf 88' lang='lat' dir='ltr'><strong>quid</strong></span> <span class='ocrx_word' id='word_1_225' title='bbox 2894 2490 3131 2552; x_wconf 85' lang='lat' dir='ltr'><strong>dicimus</strong></span> <span class='ocrx_word' id='word_1_226' title='bbox 3170 2492 3239 2553; x_wconf 86' lang='lat' dir='ltr'><strong>de</strong></span> 
     </span>
     <span class='ocr_line' id='line_1_23' title="bbox 684 2591 3237 2673; baseline 0 -19"><span class='ocrx_word' id='word_1_227' title='bbox 684 2591 1183 2672; x_wconf 77' lang='lat' dir='ltr'><strong>ClytaemnestriS‚</strong></span> <span class='ocrx_word' id='word_1_228' title='bbox 1231 2594 1304 2655; x_wconf 90' lang='lat' dir='ltr'><strong>de</strong></span> <span class='ocrx_word' id='word_1_229' title='bbox 1347 2594 1603 2656; x_wconf 76' lang='lat' dir='ltr'><strong>Medeis?</strong></span> <span class='ocrx_word' id='word_1_230' title='bbox 1647 2593 1821 2656; x_wconf 90' lang='lat' dir='ltr'><strong>aliam</strong></span> <span class='ocrx_word' id='word_1_231' title='bbox 1868 2595 2103 2673; x_wconf 84' lang='lat' dir='ltr'><strong>scripsit</strong></span> <span class='ocrx_word' id='word_1_232' title='bbox 2144 2592 2407 2653; x_wconf 87' lang='lat' dir='ltr'><strong>Medeam</strong></span> <span class='ocrx_word' id='word_1_233' title='bbox 2454 2592 2804 2672; x_wconf 82' lang='lat' dir='ltr'><strong>SophocleS,</strong></span> <span class='ocrx_word' id='word_1_234' title='bbox 2850 2595 2994 2654; x_wconf 89' lang='lat' dir='ltr'><strong>item</strong></span> <span class='ocrx_word' id='word_1_235' title='bbox 3034 2594 3094 2654; x_wconf 87' lang='lat' dir='ltr'><strong>in</strong></span> <span class='ocrx_word' id='word_1_236' title='bbox 3132 2592 3237 2654; x_wconf 90' lang='lat' dir='ltr'><strong>alio</strong></span> 
     </span>
     <span class='ocr_line' id='line_1_24' title="bbox 686 2693 3237 2777; baseline -0 -22"><span class='ocrx_word' id='word_1_237' title='bbox 686 2694 906 2756; x_wconf 75' lang='lat' dir='ltr'><strong>furoris</strong></span> <span class='ocrx_word' id='word_1_238' title='bbox 961 2703 1094 2758; x_wconf 85' lang='lat' dir='ltr'><strong>actu</strong></span> <span class='ocrx_word' id='word_1_239' title='bbox 1148 2694 1318 2758; x_wconf 85' lang='lat' dir='ltr'><strong>aliam</strong></span> <span class='ocrx_word' id='word_1_240' title='bbox 1365 2697 1704 2777; x_wconf 89' lang='lat' dir='ltr'><strong>Euripides,</strong></span> <span class='ocrx_word' id='word_1_241' title='bbox 1764 2695 1935 2758; x_wconf 88' lang='lat' dir='ltr'><strong>aliam</strong></span> <span class='ocrx_word' id='word_1_242' title='bbox 1983 2695 2196 2756; x_wconf 84' lang='lat' dir='ltr'><strong>diversi</strong></span> <span class='ocrx_word' id='word_1_243' title='bbox 2242 2696 2580 2776; x_wconf 79' lang='lat' dir='ltr'><strong>scriptores,</strong></span> <span class='ocrx_word' id='word_1_244' title='bbox 2670 2712 2816 2773; x_wconf 86' lang='lat' dir='ltr'><strong>ergo</strong></span> <span class='ocrx_word' id='word_1_245' title='bbox 2860 2713 2983 2756; x_wconf 89' lang='lat' dir='ltr'><strong>non</strong></span> <span class='ocrx_word' id='word_1_246' title='bbox 3024 2694 3095 2756; x_wconf 89' lang='lat' dir='ltr'><strong>de</strong></span> <span class='ocrx_word' id='word_1_247' title='bbox 3131 2693 3237 2754; x_wconf 84' lang='lat' dir='ltr'><strong>illis</strong></span> 
     </span>
     <span class='ocr_line' id='line_1_25' title="bbox 681 2796 3237 2878; baseline 0 -20"><span class='ocrx_word' id='word_1_248' title='bbox 681 2796 900 2859; x_wconf 67' lang='lat' dir='ltr'><strong>Medeia</strong></span> <span class='ocrx_word' id='word_1_249' title='bbox 957 2799 1268 2868; x_wconf 77' lang='lat' dir='ltr'><strong>sentimuS,</strong></span> <span class='ocrx_word' id='word_1_250' title='bbox 1329 2817 1478 2878; x_wconf 88' lang='lat' dir='ltr'><strong>quae</strong></span> <span class='ocrx_word' id='word_1_251' title='bbox 1535 2799 1882 2860; x_wconf 89' lang='lat' dir='ltr'><strong>occiderunt</strong></span> <span class='ocrx_word' id='word_1_252' title='bbox 1934 2797 2084 2858; x_wconf 85' lang='lat' dir='ltr'><strong>filios</strong></span> <span class='ocrx_word' id='word_1_253' title='bbox 2140 2815 2311 2866; x_wconf 91' lang='lat' dir='ltr'><strong>suos,</strong></span> <span class='ocrx_word' id='word_1_254' title='bbox 2370 2798 2537 2876; x_wconf 87' lang='lat' dir='ltr'><strong>quasi</strong></span> <span class='ocrx_word' id='word_1_255' title='bbox 2580 2796 2799 2858; x_wconf 88' lang='lat' dir='ltr'><strong>multae</strong></span> <span class='ocrx_word' id='word_1_256' title='bbox 2842 2799 2987 2868; x_wconf 89' lang='lat' dir='ltr'><strong>sint,</strong></span> <span class='ocrx_word' id='word_1_257' title='bbox 3030 2796 3127 2858; x_wconf 87' lang='lat' dir='ltr'><strong>sed</strong></span> <span class='ocrx_word' id='word_1_258' title='bbox 3167 2797 3237 2858; x_wconf 89' lang='lat' dir='ltr'><strong>de</strong></span> 
     </span>
     <span class='ocr_line' id='line_1_26' title="bbox 680 2897 3233 2981; baseline 0 -23"><span class='ocrx_word' id='word_1_259' title='bbox 680 2897 797 2960; x_wconf 90' lang='lat' dir='ltr'><strong>illis</strong></span> <span class='ocrx_word' id='word_1_260' title='bbox 851 2917 1002 2979; x_wconf 90' lang='lat' dir='ltr'><strong>quae</strong></span> <span class='ocrx_word' id='word_1_261' title='bbox 1057 2901 1310 2980; x_wconf 88' lang='lat' dir='ltr'><strong>scriptae</strong></span> <span class='ocrx_word' id='word_1_262' title='bbox 1364 2909 1502 2963; x_wconf 89' lang='lat' dir='ltr'><strong>sunt</strong></span> <span class='ocrx_word' id='word_1_263' title='bbox 1556 2919 1663 2981; x_wconf 87' lang='lat' dir='ltr'><strong>per</strong></span> <span class='ocrx_word' id='word_1_264' title='bbox 1718 2902 1910 2961; x_wconf 88' lang='lat' dir='ltr'><strong>varios</strong></span> <span class='ocrx_word' id='word_1_265' title='bbox 1964 2908 2255 2960; x_wconf 65' lang='lat' dir='ltr'><strong>auctores</strong></span> <span class='ocrx_word' id='word_1_266' title='bbox 2342 2899 2557 2960; x_wconf 87' lang='lat' dir='ltr'><strong>iterum</strong></span> <span class='ocrx_word' id='word_1_267' title='bbox 2631 2898 2788 2979; x_wconf 88' lang='lat' dir='ltr'><strong>quod</strong></span> <span class='ocrx_word' id='word_1_268' title='bbox 2844 2898 3013 2960; x_wconf 87' lang='lat' dir='ltr'><strong>multi</strong></span> <span class='ocrx_word' id='word_1_269' title='bbox 3062 2897 3233 2968; x_wconf 79' lang='lat' dir='ltr'><strong>Marii,</strong></span> 
     </span>
     <span class='ocr_line' id='line_1_27' title="bbox 604 2998 3233 3082; baseline -0.001 -20"><span class='ocrx_word' id='word_1_270' title='bbox 604 3013 654 3054; x_wconf 81' lang='lat'><strong>2⁵</strong></span> <span class='ocrx_word' id='word_1_271' title='bbox 682 2998 849 3064; x_wconf 87' lang='lat' dir='ltr'><strong>multi</strong></span> <span class='ocrx_word' id='word_1_272' title='bbox 893 3001 1120 3064; x_wconf 88' lang='lat' dir='ltr'><strong>Camilli</strong></span> <span class='ocrx_word' id='word_1_273' title='bbox 1174 3002 1437 3074; x_wconf 80' lang='lat' dir='ltr'><strong>fuerunt,</strong></span> <span class='ocrx_word' id='word_1_274' title='bbox 1485 3003 1694 3082; x_wconf 88' lang='lat' dir='ltr'><strong>recipit</strong></span> <span class='ocrx_word' id='word_1_275' title='bbox 1751 3019 2060 3063; x_wconf 89' lang='lat' dir='ltr'><strong>numerum</strong></span> <span class='ocrx_word' id='word_1_276' title='bbox 2116 2999 2423 3082; x_wconf 86' lang='lat' dir='ltr'><strong>pluralem.</strong></span> <span class='ocrx_word' id='word_1_277' title='bbox 2513 2998 2923 3080; x_wconf 85' lang='lat' dir='ltr'><strong>appellativum</strong></span> <span class='ocrx_word' id='word_1_278' title='bbox 2968 3007 3055 3062; x_wconf 89' lang='lat' dir='ltr'><strong>est</strong></span> <span class='ocrx_word' id='word_1_279' title='bbox 3092 2999 3233 3081; x_wconf 91' lang='lat' dir='ltr'><strong>quod</strong></span> 
     </span>
     <span class='ocr_line' id='line_1_28' title="bbox 681 3101 3229 3183; baseline -0.001 -19"><span class='ocrx_word' id='word_1_280' title='bbox 681 3103 998 3166; x_wconf 88' lang='lat' dir='ltr'><strong>multorum</strong></span> <span class='ocrx_word' id='word_1_281' title='bbox 1053 3113 1172 3166; x_wconf 83' lang='lat' dir='ltr'><strong>est:</strong></span> <span class='ocrx_word' id='word_1_282' title='bbox 1231 3105 1438 3172; x_wconf 85' lang='lat' dir='ltr'><strong>horno,</strong></span> <span class='ocrx_word' id='word_1_283' title='bbox 1498 3111 1558 3165; x_wconf 92' lang='lat' dir='ltr'><strong>et</strong></span> <span class='ocrx_word' id='word_1_284' title='bbox 1611 3123 1723 3183; x_wconf 89' lang='lat' dir='ltr'><strong>ego</strong></span> <span class='ocrx_word' id='word_1_285' title='bbox 1780 3104 1957 3166; x_wconf 91' lang='lat' dir='ltr'><strong>homo</strong></span> <span class='ocrx_word' id='word_1_286' title='bbox 2004 3111 2062 3164; x_wconf 89' lang='lat' dir='ltr'><strong>et</strong></span> <span class='ocrx_word' id='word_1_287' title='bbox 2104 3111 2167 3165; x_wconf 93' lang='lat' dir='ltr'><strong>tu</strong></span> <span class='ocrx_word' id='word_1_288' title='bbox 2210 3103 2389 3164; x_wconf 87' lang='lat' dir='ltr'><strong>homo</strong></span> <span class='ocrx_word' id='word_1_289' title='bbox 2435 3111 2495 3164; x_wconf 90' lang='lat' dir='ltr'><strong>et</strong></span> <span class='ocrx_word' id='word_1_290' title='bbox 2535 3101 2633 3164; x_wconf 92' lang='lat' dir='ltr'><strong>ille</strong></span> <span class='ocrx_word' id='word_1_291' title='bbox 2677 3103 2859 3164; x_wconf 84' lang='lat' dir='ltr'><strong>horno</strong></span> <span class='ocrx_word' id='word_1_292' title='bbox 2904 3110 2963 3163; x_wconf 89' lang='lat' dir='ltr'><strong>et</strong></span> <span class='ocrx_word' id='word_1_293' title='bbox 3005 3101 3098 3163; x_wconf 91' lang='lat' dir='ltr'><strong>alii</strong></span> <span class='ocrx_word' id='word_1_294' title='bbox 3134 3102 3229 3162; x_wconf 86' lang='lat' dir='ltr'><strong>ho-</strong></span> 
     </span>
     <span class='ocr_line' id='line_1_29' title="bbox 677 3204 3227 3287; baseline -0.001 -21"><span class='ocrx_word' id='word_1_295' title='bbox 677 3207 888 3266; x_wconf 78' lang='lat' dir='ltr'><strong>mines,</strong></span> <span class='ocrx_word' id='word_1_296' title='bbox 979 3207 1028 3267; x_wconf 90' lang='lat' dir='ltr'><strong>si</strong></span> <span class='ocrx_word' id='word_1_297' title='bbox 1073 3224 1216 3285; x_wconf 87' lang='lat' dir='ltr'><strong>ergo</strong></span> <span class='ocrx_word' id='word_1_298' title='bbox 1262 3205 1672 3287; x_wconf 81' lang='lat' dir='ltr'><strong>appellativum</strong></span> <span class='ocrx_word' id='word_1_299' title='bbox 1720 3215 1808 3267; x_wconf 88' lang='lat' dir='ltr'><strong>est</strong></span> <span class='ocrx_word' id='word_1_300' title='bbox 1852 3204 2009 3287; x_wconf 87' lang='lat' dir='ltr'><strong>quod</strong></span> <span class='ocrx_word' id='word_1_301' title='bbox 2042 3205 2359 3268; x_wconf 87' lang='lat' dir='ltr'><strong>multorum</strong></span> <span class='ocrx_word' id='word_1_302' title='bbox 2406 3213 2521 3277; x_wconf 86' lang='lat' dir='ltr'><strong>est,</strong></span> <span class='ocrx_word' id='word_1_303' title='bbox 2568 3222 2751 3286; x_wconf 87' lang='lat' dir='ltr'><strong>quare</strong></span> <span class='ocrx_word' id='word_1_304' title='bbox 2796 3206 3007 3283; x_wconf 86' lang='lat' dir='ltr'><strong>recipit</strong></span> <span class='ocrx_word' id='word_1_305' title='bbox 3046 3223 3227 3265; x_wconf 85' lang='lat' dir='ltr'><strong>nume·</strong></span> 
     </span>
     <span class='ocr_line' id='line_1_30' title="bbox 679 3304 3226 3389; baseline -0 -22"><span class='ocrx_word' id='word_1_306' title='bbox 679 3325 813 3368; x_wconf 87' lang='lat' dir='ltr'><strong>rum</strong></span> <span class='ocrx_word' id='word_1_307' title='bbox 857 3305 1257 3386; x_wconf 80' lang='lat' dir='ltr'><strong>singularem?</strong></span> <span class='ocrx_word' id='word_1_308' title='bbox 1302 3327 1474 3389; x_wconf 89' lang='lat' dir='ltr'><strong>quem</strong></span> <span class='ocrx_word' id='word_1_309' title='bbox 1523 3307 1596 3370; x_wconf 90' lang='lat' dir='ltr'><strong>ad</strong></span> <span class='ocrx_word' id='word_1_310' title='bbox 1639 3309 1879 3370; x_wconf 89' lang='lat' dir='ltr'><strong>modum</strong></span> <span class='ocrx_word' id='word_1_311' title='bbox 1925 3309 2233 3387; x_wconf 82' lang='lat' dir='ltr'><strong>proprium</strong></span> <span class='ocrx_word' id='word_1_312' title='bbox 2282 3325 2400 3367; x_wconf 90' lang='lat' dir='ltr'><strong>non</strong></span> <span class='ocrx_word' id='word_1_313' title='bbox 2446 3308 2657 3387; x_wconf 84' lang='lat' dir='ltr'><strong>recipit</strong></span> <span class='ocrx_word' id='word_1_314' title='bbox 2700 3325 3011 3368; x_wconf 88' lang='lat' dir='ltr'><strong>numerum</strong></span> <span class='ocrx_word' id='word_1_315' title='bbox 3051 3304 3226 3385; x_wconf 86' lang='lat' dir='ltr'><strong>plura·</strong></span> 
     </span>
     <span class='ocr_line' id='line_1_31' title="bbox 678 3406 3226 3490; baseline -0.002 -22"><span class='ocrx_word' id='word_1_316' title='bbox 678 3407 824 3478; x_wconf 88' lang='lat' dir='ltr'><strong>lem,</strong></span> <span class='ocrx_word' id='word_1_317' title='bbox 883 3411 968 3470; x_wconf 91' lang='lat' dir='ltr'><strong>sic</strong></span> <span class='ocrx_word' id='word_1_318' title='bbox 1025 3423 1084 3470; x_wconf 82' lang='lat' dir='ltr'><strong>et</strong></span> <span class='ocrx_word' id='word_1_319' title='bbox 1141 3408 1547 3490; x_wconf 88' lang='lat' dir='ltr'><strong>appellativum</strong></span> <span class='ocrx_word' id='word_1_320' title='bbox 1597 3429 1714 3470; x_wconf 91' lang='lat' dir='ltr'><strong>non</strong></span> <span class='ocrx_word' id='word_1_321' title='bbox 1762 3409 1937 3471; x_wconf 89' lang='lat' dir='ltr'><strong>dehet</strong></span> <span class='ocrx_word' id='word_1_322' title='bbox 1991 3412 2260 3489; x_wconf 89' lang='lat' dir='ltr'><strong>recipere</strong></span> <span class='ocrx_word' id='word_1_323' title='bbox 2306 3407 2695 3486; x_wconf 83' lang='lat' dir='ltr'><strong>singularem:</strong></span> <span class='ocrx_word' id='word_1_324' title='bbox 2743 3407 2847 3470; x_wconf 91' lang='lat' dir='ltr'><strong>sed</strong></span> <span class='ocrx_word' id='word_1_325' title='bbox 2891 3407 2986 3468; x_wconf 91' lang='lat' dir='ltr'><strong>hic</strong></span> <span class='ocrx_word' id='word_1_326' title='bbox 3028 3406 3226 3467; x_wconf 75' lang='lat' dir='ltr'><strong>facilior</strong></span> 
     </span>
     <span class='ocr_line' id='line_1_32' title="bbox 601 3508 3223 3592; baseline -0.002 -20"><span class='ocrx_word' id='word_1_327' title='bbox 601 3521 652 3564; x_wconf 79' lang='lat'><strong>³0</strong></span> <span class='ocrx_word' id='word_1_328' title='bbox 678 3513 828 3573; x_wconf 88' lang='lat' dir='ltr'><strong>ratio</strong></span> <span class='ocrx_word' id='word_1_329' title='bbox 873 3519 978 3581; x_wconf 91' lang='lat' dir='ltr'><strong>est,</strong></span> <span class='ocrx_word' id='word_1_330' title='bbox 1036 3529 1209 3592; x_wconf 89' lang='lat' dir='ltr'><strong>quam</strong></span> <span class='ocrx_word' id='word_1_331' title='bbox 1268 3513 1327 3572; x_wconf 89' lang='lat' dir='ltr'><strong>in</strong></span> <span class='ocrx_word' id='word_1_332' title='bbox 1373 3513 1637 3592; x_wconf 87' lang='lat' dir='ltr'><strong>proprio.</strong></span> <span class='ocrx_word' id='word_1_333' title='bbox 1728 3530 1862 3573; x_wconf 90' lang='lat' dir='ltr'><strong>nam</strong></span> <span class='ocrx_word' id='word_1_334' title='bbox 1910 3511 2013 3573; x_wconf 92' lang='lat' dir='ltr'><strong>ubi</strong></span> <span class='ocrx_word' id='word_1_335' title='bbox 2054 3530 2207 3573; x_wconf 90' lang='lat' dir='ltr'><strong>unus</strong></span> <span class='ocrx_word' id='word_1_336' title='bbox 2252 3518 2371 3582; x_wconf 91' lang='lat' dir='ltr'><strong>est,</strong></span> <span class='ocrx_word' id='word_1_337' title='bbox 2418 3509 2587 3571; x_wconf 89' lang='lat' dir='ltr'><strong>multi</strong></span> <span class='ocrx_word' id='word_1_338' title='bbox 2630 3528 2747 3572; x_wconf 91' lang='lat' dir='ltr'><strong>non</strong></span> <span class='ocrx_word' id='word_1_339' title='bbox 2794 3517 2962 3579; x_wconf 80' lang='lat' dir='ltr'><strong>sunt:</strong></span> <span class='ocrx_word' id='word_1_340' title='bbox 3006 3508 3100 3570; x_wconf 90' lang='lat' dir='ltr'><strong>ubi</strong></span> <span class='ocrx_word' id='word_1_341' title='bbox 3138 3527 3223 3569; x_wconf 90' lang='lat' dir='ltr'><strong>au·</strong></span> 
     </span>
     <span class='ocr_line' id='line_1_33' title="bbox 677 3611 3221 3693; baseline -0.001 -20"><span class='ocrx_word' id='word_1_342' title='bbox 677 3620 796 3674; x_wconf 90' lang='lat' dir='ltr'><strong>tem</strong></span> <span class='ocrx_word' id='word_1_343' title='bbox 851 3611 1021 3675; x_wconf 89' lang='lat' dir='ltr'><strong>multi</strong></span> <span class='ocrx_word' id='word_1_344' title='bbox 1075 3621 1235 3685; x_wconf 89' lang='lat' dir='ltr'><strong>sunt,</strong></span> <span class='ocrx_word' id='word_1_345' title='bbox 1296 3615 1467 3676; x_wconf 90' lang='lat' dir='ltr'><strong>etiam</strong></span> <span class='ocrx_word' id='word_1_346' title='bbox 1526 3632 1679 3674; x_wconf 89' lang='lat' dir='ltr'><strong>unus</strong></span> <span class='ocrx_word' id='word_1_347' title='bbox 1740 3623 1845 3675; x_wconf 86' lang='lat' dir='ltr'><strong>est.</strong></span> <span class='ocrx_word' id='word_1_348' title='bbox 1936 3611 2279 3693; x_wconf 86' lang='lat' dir='ltr'><strong>appellativa</strong></span> <span class='ocrx_word' id='word_1_349' title='bbox 2337 3630 2487 3693; x_wconf 89' lang='lat' dir='ltr'><strong>quae</strong></span> <span class='ocrx_word' id='word_1_350' title='bbox 2542 3619 2707 3682; x_wconf 88' lang='lat' dir='ltr'><strong>sunt,</strong></span> <span class='ocrx_word' id='word_1_351' title='bbox 2776 3613 2925 3672; x_wconf 85' lang='lat' dir='ltr'><strong>fiunt</strong></span> <span class='ocrx_word' id='word_1_352' title='bbox 2980 3613 3221 3690; x_wconf 82' lang='lat' dir='ltr'><strong>propria:</strong></span> 
     </span>
     <span class='ocr_line' id='line_1_34' title="bbox 678 3713 3221 3797; baseline -0.001 -21"><span class='ocrx_word' id='word_1_353' title='bbox 678 3733 829 3795; x_wconf 86' lang='lat' dir='ltr'><strong>quae</strong></span> <span class='ocrx_word' id='word_1_354' title='bbox 886 3722 1080 3776; x_wconf 89' lang='lat' dir='ltr'><strong>autem</strong></span> <span class='ocrx_word' id='word_1_355' title='bbox 1137 3717 1378 3795; x_wconf 87' lang='lat' dir='ltr'><strong>propria</strong></span> <span class='ocrx_word' id='word_1_356' title='bbox 1421 3725 1586 3785; x_wconf 85' lang='lat' dir='ltr'><strong>sunt,</strong></span> <span class='ocrx_word' id='word_1_357' title='bbox 1646 3716 1776 3776; x_wconf 79' lang='lat' dir='ltr'><strong>lieri</strong></span> <span class='ocrx_word' id='word_1_358' title='bbox 1820 3714 2169 3797; x_wconf 88' lang='lat' dir='ltr'><strong>appellativa</strong></span> <span class='ocrx_word' id='word_1_359' title='bbox 2214 3733 2334 3775; x_wconf 88' lang='lat' dir='ltr'><strong>non</strong></span> <span class='ocrx_word' id='word_1_360' title='bbox 2378 3725 2641 3794; x_wconf 87' lang='lat' dir='ltr'><strong>possunt.</strong></span> <span class='ocrx_word' id='word_1_361' title='bbox 2729 3715 2919 3775; x_wconf 87' lang='lat' dir='ltr'><strong>victor</strong></span> <span class='ocrx_word' id='word_1_362' title='bbox 2963 3713 3161 3774; x_wconf 89' lang='lat' dir='ltr'><strong>dicitur</strong></span> <span class='ocrx_word' id='word_1_363' title='bbox 3196 3732 3221 3772; x_wconf 86' lang='lat' dir='ltr'><strong>a</strong></span> 
     </span>
     <span class='ocr_line' id='line_1_35' title="bbox 676 3814 3219 3896; baseline -0.001 -20"><span class='ocrx_word' id='word_1_364' title='bbox 676 3818 947 3888; x_wconf 86' lang='lat' dir='ltr'><strong>victoria,</strong></span> <span class='ocrx_word' id='word_1_365' title='bbox 1003 3818 1012 3894; x_wconf 93' lang='grc' dir='ltr'>Ι</span> <span class='ocrx_word' id='word_1_366' title='bbox 1061 3816 1200 3877; x_wconf 80' lang='lat' dir='ltr'><strong>felix</strong></span> <span class='ocrx_word' id='word_1_367' title='bbox 1245 3835 1276 3878; x_wconf 91' lang='lat' dir='ltr'><strong>a</strong></span> <span class='ocrx_word' id='word_1_368' title='bbox 1323 3815 1625 3878; x_wconf 77' lang='lat' dir='ltr'><strong>felicitate:</strong></span> <span class='ocrx_word' id='word_1_369' title='bbox 1685 3835 1829 3896; x_wconf 87' lang='lat' dir='ltr'><strong>ergo</strong></span> <span class='ocrx_word' id='word_1_370' title='bbox 1886 3815 1994 3879; x_wconf 84' lang='lat' dir='ltr'><strong>suh</strong></span> <span class='ocrx_word' id='word_1_371' title='bbox 2051 3817 2162 3878; x_wconf 91' lang='lat' dir='ltr'><strong>hac</strong></span> <span class='ocrx_word' id='word_1_372' title='bbox 2216 3817 2642 3895; x_wconf 85' lang='lat' dir='ltr'><strong>significatione</strong></span> <span class='ocrx_word' id='word_1_373' title='bbox 2686 3814 3091 3896; x_wconf 86' lang='lat' dir='ltr'><strong>appellativum</strong></span> <span class='ocrx_word' id='word_1_374' title='bbox 3131 3823 3219 3874; x_wconf 83' lang='lat' dir='ltr'><strong>est.</strong></span> 
     </span>
     <span class='ocr_line' id='line_1_36' title="bbox 677 3917 3219 3999; baseline -0.002 -19"><span class='ocrx_word' id='word_1_375' title='bbox 677 3919 782 3980; x_wconf 91' lang='lat' dir='ltr'><strong>sed</strong></span> <span class='ocrx_word' id='word_1_376' title='bbox 827 3926 886 3979; x_wconf 91' lang='lat' dir='ltr'><strong>et</strong></span> <span class='ocrx_word' id='word_1_377' title='bbox 938 3925 1106 3996; x_wconf 87' lang='lat' dir='ltr'><strong>pater</strong></span> <span class='ocrx_word' id='word_1_378' title='bbox 1161 3917 1280 3980; x_wconf 86' lang='lat' dir='ltr'><strong>filio</strong></span> <span class='ocrx_word' id='word_1_379' title='bbox 1334 3938 1441 3980; x_wconf 90' lang='lat' dir='ltr'><strong>suo</strong></span> <span class='ocrx_word' id='word_1_380' title='bbox 1497 3919 1610 3979; x_wconf 88' lang='lat' dir='ltr'><strong>hoc</strong></span> <span class='ocrx_word' id='word_1_381' title='bbox 1663 3937 1882 3979; x_wconf 88' lang='lat' dir='ltr'><strong>nomen</strong></span> <span class='ocrx_word' id='word_1_382' title='bbox 1936 3919 2183 3999; x_wconf 89' lang='lat' dir='ltr'><strong>inponit,</strong></span> <span class='ocrx_word' id='word_1_383' title='bbox 2244 3925 2304 3979; x_wconf 87' lang='lat' dir='ltr'><strong>et</strong></span> <span class='ocrx_word' id='word_1_384' title='bbox 2358 3926 2599 3980; x_wconf 87' lang='lat' dir='ltr'><strong>vocatur</strong></span> <span class='ocrx_word' id='word_1_385' title='bbox 2657 3917 2865 3998; x_wconf 91' lang='lat' dir='ltr'><strong>aliquis</strong></span> <span class='ocrx_word' id='word_1_386' title='bbox 2910 3918 3101 3980; x_wconf 87' lang='lat' dir='ltr'><strong>Victor</strong></span> <span class='ocrx_word' id='word_1_387' title='bbox 3138 3925 3219 3978; x_wconf 83' lang='lat' dir='ltr'><strong>aut</strong></span> 
     </span>
     <span class='ocr_line' id='line_1_37' title="bbox 599 4019 3164 4101; baseline -0.002 -19"><span class='ocrx_word' id='word_1_388' title='bbox 599 4031 650 4074; x_wconf 79' lang='lat'><strong>³⁵</strong></span> <span class='ocrx_word' id='word_1_389' title='bbox 679 4020 869 4090; x_wconf 86' lang='lat' dir='ltr'><strong>Felix,</strong></span> <span class='ocrx_word' id='word_1_390' title='bbox 915 4027 976 4080; x_wconf 87' lang='lat' dir='ltr'><strong>et</strong></span> <span class='ocrx_word' id='word_1_391' title='bbox 1016 4021 1081 4081; x_wconf 84' lang='lat' dir='ltr'><strong>fit</strong></span> <span class='ocrx_word' id='word_1_392' title='bbox 1125 4040 1196 4081; x_wconf 89' lang='lat' dir='ltr'><strong>ex</strong></span> <span class='ocrx_word' id='word_1_393' title='bbox 1241 4020 1587 4101; x_wconf 88' lang='lat' dir='ltr'><strong>appellativo</strong></span> <span class='ocrx_word' id='word_1_394' title='bbox 1633 4039 1851 4081; x_wconf 88' lang='lat' dir='ltr'><strong>nomen</strong></span> <span class='ocrx_word' id='word_1_395' title='bbox 1898 4023 2224 4101; x_wconf 89' lang='lat' dir='ltr'><strong>proprium.</strong></span> <span class='ocrx_word' id='word_1_396' title='bbox 2314 4022 2423 4082; x_wconf 80' lang='lat' dir='ltr'><strong>ista</strong></span> <span class='ocrx_word' id='word_1_397' title='bbox 2468 4029 2560 4081; x_wconf 91' lang='lat' dir='ltr'><strong>est</strong></span> <span class='ocrx_word' id='word_1_398' title='bbox 2602 4019 2865 4081; x_wconf 82' lang='lat' dir='ltr'><strong>delinitio</strong></span> <span class='ocrx_word' id='word_1_399' title='bbox 2910 4021 3164 4080; x_wconf 70' lang='lat' dir='ltr'><strong>nominis</strong></span> 
     </span>
     <span class='ocr_line' id='line_1_38' title="bbox 845 4121 3220 4204; baseline -0.001 -21"><span class='ocrx_word' id='word_1_400' title='bbox 845 4122 1084 4184; x_wconf 82' lang='lat' dir='ltr'><strong>Nemini</strong></span> <span class='ocrx_word' id='word_1_401' title='bbox 1134 4123 1406 4185; x_wconf 87' lang='lat' dir='ltr'><strong>accidunt</strong></span> <span class='ocrx_word' id='word_1_402' title='bbox 1472 4121 1723 4203; x_wconf 87' lang='lat' dir='ltr'><strong>qualitas</strong></span> <span class='ocrx_word' id='word_1_403' title='bbox 1788 4125 2129 4204; x_wconf 88' lang='lat' dir='ltr'><strong>conparatio</strong></span> <span class='ocrx_word' id='word_1_404' title='bbox 2201 4139 2387 4200; x_wconf 85' lang='lat' dir='ltr'><strong>genus</strong></span> <span class='ocrx_word' id='word_1_405' title='bbox 2461 4139 2745 4183; x_wconf 83' lang='lat' dir='ltr'><strong>numerus</strong></span> <span class='ocrx_word' id='word_1_406' title='bbox 2808 4123 2993 4199; x_wconf 89' lang='lat' dir='ltr'><strong>figura</strong></span> <span class='ocrx_word' id='word_1_407' title='bbox 3058 4139 3220 4182; x_wconf 84' lang='lat' dir='ltr'><strong>casus.</strong></span> 
     </span>
     <span class='ocr_line' id='line_1_39' title="bbox 675 4223 3219 4306; baseline -0.002 -20"><span class='ocrx_word' id='word_1_408' title='bbox 675 4224 926 4306; x_wconf 88' lang='lat' dir='ltr'><strong>qualitas</strong></span> <span class='ocrx_word' id='word_1_409' title='bbox 969 4227 1272 4286; x_wconf 88' lang='lat' dir='ltr'><strong>nominum</strong></span> <span class='ocrx_word' id='word_1_410' title='bbox 1327 4223 1608 4288; x_wconf 88' lang='lat' dir='ltr'><strong>dividitur</strong></span> <span class='ocrx_word' id='word_1_411' title='bbox 1663 4242 1773 4304; x_wconf 88' lang='lat' dir='ltr'><strong>per</strong></span> <span class='ocrx_word' id='word_1_412' title='bbox 1818 4225 1962 4286; x_wconf 86' lang='lat' dir='ltr'><strong>duas</strong></span> <span class='ocrx_word' id='word_1_413' title='bbox 2006 4233 2222 4306; x_wconf 83' lang='lat' dir='ltr'><strong>parteS.</strong></span> <span class='ocrx_word' id='word_1_414' title='bbox 2310 4233 2411 4286; x_wconf 86' lang='lat' dir='ltr'><strong>aut</strong></span> <span class='ocrx_word' id='word_1_415' title='bbox 2454 4226 2612 4286; x_wconf 87' lang='lat' dir='ltr'><strong>enim</strong></span> <span class='ocrx_word' id='word_1_416' title='bbox 2656 4226 2967 4305; x_wconf 89' lang='lat' dir='ltr'><strong>proprium</strong></span> <span class='ocrx_word' id='word_1_417' title='bbox 3012 4229 3097 4285; x_wconf 89' lang='lat' dir='ltr'><strong>est</strong></span> <span class='ocrx_word' id='word_1_418' title='bbox 3134 4240 3219 4282; x_wconf 88' lang='lat' dir='ltr'><strong>uo-</strong></span> 
     </span>
    </p>
   </div>
   <div class='ocr_carea' id='block_1_3' title="bbox 676 4377 3219 4934">
    <p class='ocr_par' dir='ltr' id='par_1_3' title="bbox 676 4377 3219 4934">
     <span class='ocr_line' id='line_1_40' title="bbox 813 4377 3219 4445; baseline -0.002 -16"><span class='ocrx_word' id='word_1_419' title='bbox 813 4379 848 4429; x_wconf 81' lang='lat'>4</span> <span class='ocrx_word' id='word_1_420' title='bbox 885 4379 996 4430; x_wconf 81' lang='lat' dir='ltr'><strong>sine</strong></span> <span class='ocrx_word' id='word_1_421' title='bbox 1029 4377 1201 4442; x_wconf 79' lang='lat' dir='ltr'><strong>aliquo</strong></span> <span class='ocrx_word' id='word_1_422' title='bbox 1229 4395 1349 4429; x_wconf 80' lang='lat' dir='ltr'><strong>casu</strong></span> <span class='ocrx_word' id='word_1_423' title='bbox 1387 4393 1485 4428; x_wconf 92' lang='lat' dir='ltr'><strong>non</strong></span> <span class='ocrx_word' id='word_1_424' title='bbox 1527 4387 1696 4445; x_wconf 76' lang='lat' dir='ltr'><strong>potest</strong></span> <span class='ocrx_word' id='word_1_425' title='bbox 1736 4379 1949 4429; x_wconf 85' lang='lat' dir='ltr'><strong>inueniri</strong></span> <span class='ocrx_word' id='word_1_426' title='bbox 1980 4377 2059 4427; x_wconf 87' lang='lat' dir='ltr'><strong>uel</strong></span> <span class='ocrx_word' id='word_1_427' title='bbox 2090 4393 2221 4429; x_wconf 83' lang='lat' dir='ltr'><strong>unus</strong></span> <span class='ocrx_word' id='word_1_428' title='bbox 2252 4393 2403 4428; x_wconf 83' lang='lat' dir='ltr'><strong>casus</strong></span> <span class='ocrx_word' id='word_1_429' title='bbox 2440 4379 2491 4428; x_wconf 79' lang='lat' dir='ltr'><em>F</em></span> <span class='ocrx_word' id='word_1_430' title='bbox 2520 4379 2631 4428; x_wconf 84' lang='lat' dir='ltr'><strong>sine</strong></span> <span class='ocrx_word' id='word_1_431' title='bbox 2667 4377 2840 4442; x_wconf 79' lang='lat' dir='ltr'><strong>aliquo</strong></span> <span class='ocrx_word' id='word_1_432' title='bbox 2879 4391 3001 4429; x_wconf 81' lang='lat' dir='ltr'><strong>casu</strong></span> <span class='ocrx_word' id='word_1_433' title='bbox 3030 4391 3121 4427; x_wconf 85' lang='lat' dir='ltr'><strong>non</strong></span> <span class='ocrx_word' id='word_1_434' title='bbox 3146 4389 3219 4441; x_wconf 91' lang='lat' dir='ltr'><strong>po-</strong></span> 
     </span>
     <span class='ocr_line' id='line_1_41' title="bbox 677 4445 3217 4515; baseline -0.002 -18"><span class='ocrx_word' id='word_1_435' title='bbox 677 4457 773 4499; x_wconf 81' lang='lat' dir='ltr'><strong>test</strong></span> <span class='ocrx_word' id='word_1_436' title='bbox 802 4449 1022 4498; x_wconf 87' lang='lat' dir='ltr'><strong>inueniri</strong></span> <span class='ocrx_word' id='word_1_437' title='bbox 1061 4450 1180 4512; x_wconf 79' lang='lat' dir='ltr'><strong>quia</strong></span> <span class='ocrx_word' id='word_1_438' title='bbox 1212 4463 1310 4498; x_wconf 89' lang='lat' dir='ltr'><strong>non</strong></span> <span class='ocrx_word' id='word_1_439' title='bbox 1344 4450 1410 4499; x_wconf 81' lang='lat' dir='ltr'><strong>sit</strong></span> <span class='ocrx_word' id='word_1_440' title='bbox 1445 4449 1527 4498; x_wconf 90' lang='lat' dir='ltr'><strong>uel</strong></span> <span class='ocrx_word' id='word_1_441' title='bbox 1563 4449 1713 4515; x_wconf 74' lang='lat' dir='ltr'><strong>quius</strong></span> <span class='ocrx_word' id='word_1_442' title='bbox 1740 4463 1891 4499; x_wconf 81' lang='lat' dir='ltr'><strong>casus</strong></span> <span class='ocrx_word' id='word_1_443' title='bbox 1924 4449 1968 4499; x_wconf 88' lang='lat' dir='ltr'><em>S</em></span> <span class='ocrx_word' id='word_1_444' title='bbox 2144 4449 2205 4500; x_wconf 83' lang='lat'><strong>13</strong></span> <span class='ocrx_word' id='word_1_445' title='bbox 2236 4447 2490 4515; x_wconf 80' lang='lat' dir='ltr'><strong>significat</strong></span> <span class='ocrx_word' id='word_1_446' title='bbox 2530 4447 2613 4498; x_wconf 84' lang='lat' dir='ltr'><strong>FS</strong></span> <span class='ocrx_word' id='word_1_447' title='bbox 2639 4445 2934 4515; x_wconf 73' lang='lat' dir='ltr'><strong>significant</strong></span> <span class='ocrx_word' id='word_1_448' title='bbox 2966 4447 3009 4496; x_wconf 87' lang='lat' dir='ltr'><em>L</em></span> <span class='ocrx_word' id='word_1_449' title='bbox 3170 4445 3217 4495; x_wconf 87' lang='grc'>17</span> 
     </span>
     <span class='ocr_line' id='line_1_42' title="bbox 677 4516 3138 4584; baseline 0.001 -18"><span class='ocrx_word' id='word_1_450' title='bbox 677 4519 1006 4569; x_wconf 78' lang='lat' dir='ltr'><strong>clitemeatras</strong></span> <span class='ocrx_word' id='word_1_451' title='bbox 1041 4519 1248 4570; x_wconf 75' lang='lat' dir='ltr'><strong>medeas</strong></span> <span class='ocrx_word' id='word_1_452' title='bbox 1287 4518 1382 4570; x_wconf 91' lang='lat' dir='ltr'><strong>LS</strong></span> <span class='ocrx_word' id='word_1_453' title='bbox 1413 4518 1669 4582; x_wconf 74' lang='lat' dir='ltr'><strong>clytemes.</strong></span> <span class='ocrx_word' id='word_1_454' title='bbox 1705 4518 1991 4568; x_wconf 82' lang='lat' dir='ltr'><strong>tromedeas</strong></span> <span class='ocrx_word' id='word_1_455' title='bbox 2022 4518 2073 4566; x_wconf 82' lang='lat' dir='ltr'><em>F</em></span> <span class='ocrx_word' id='word_1_456' title='bbox 2212 4519 2273 4569; x_wconf 90' lang='grc'><strong>18</strong></span> <span class='ocrx_word' id='word_1_457' title='bbox 2310 4516 2513 4584; x_wconf 82' lang='lat' dir='ltr'><strong>Decios]</strong></span> <span class='ocrx_word' id='word_1_458' title='bbox 2562 4520 2721 4584; x_wconf 78' lang='lat' dir='ltr'><strong>Ver-9.</strong></span> <span class='ocrx_word' id='word_1_459' title='bbox 2758 4532 2938 4583; x_wconf 70' lang='lat' dir='ltr'><strong>aeory.</strong></span> <span class='ocrx_word' id='word_1_460' title='bbox 2970 4517 3011 4566; x_wconf 86' lang='lat'><strong>11</strong></span> <span class='ocrx_word' id='word_1_461' title='bbox 3050 4516 3138 4568; x_wconf 77' lang='lat'><strong>169</strong></span> 
     </span>
     <span class='ocr_line' id='line_1_43' title="bbox 679 4583 3217 4654; baseline -0.002 -18"><span class='ocrx_word' id='word_1_462' title='bbox 679 4587 746 4638; x_wconf 87' lang='grc'><strong>19</strong></span> <span class='ocrx_word' id='word_1_463' title='bbox 781 4589 969 4638; x_wconf 79' lang='lat' dir='ltr'><strong>marius</strong></span> <span class='ocrx_word' id='word_1_464' title='bbox 1014 4591 1276 4654; x_wconf 77' lang='lat' dir='ltr'><strong>gratianus</strong></span> <span class='ocrx_word' id='word_1_465' title='bbox 1317 4589 1364 4638; x_wconf 88' lang='lat' dir='ltr'><em>L</em></span> <span class='ocrx_word' id='word_1_466' title='bbox 1400 4591 1588 4638; x_wconf 81' lang='lat' dir='ltr'><strong>marius</strong></span> <span class='ocrx_word' id='word_1_467' title='bbox 1623 4588 1841 4651; x_wconf 80' lang='lat' dir='ltr'><strong>(marios</strong></span> <span class='ocrx_word' id='word_1_468' title='bbox 1872 4587 1938 4646; x_wconf 89' lang='lat' dir='ltr'><strong>S)</strong></span> <span class='ocrx_word' id='word_1_469' title='bbox 1968 4587 2298 4638; x_wconf 81' lang='lat' dir='ltr'><strong>martidianus</strong></span> <span class='ocrx_word' id='word_1_470' title='bbox 2332 4588 2423 4640; x_wconf 80' lang='lat' dir='ltr'><strong>FS</strong></span> <span class='ocrx_word' id='word_1_471' title='bbox 2626 4588 2689 4639; x_wconf 87' lang='grc'><strong>21</strong></span> <span class='ocrx_word' id='word_1_472' title='bbox 2731 4588 2795 4638; x_wconf 84' lang='lat' dir='ltr'><strong>de</strong></span> <span class='ocrx_word' id='word_1_473' title='bbox 2832 4587 3137 4638; x_wconf 70' lang='lat' dir='ltr'><strong>clitementrin</strong></span> <span class='ocrx_word' id='word_1_474' title='bbox 3166 4583 3217 4632; x_wconf 81' lang='lat' dir='ltr'><strong>de</strong></span> 
     </span>
     <span class='ocr_line' id='line_1_44' title="bbox 677 4655 3215 4723; baseline -0.002 -17"><span class='ocrx_word' id='word_1_475' title='bbox 677 4659 840 4709; x_wconf 79' lang='lat' dir='ltr'><strong>medis</strong></span> <span class='ocrx_word' id='word_1_476' title='bbox 877 4659 1030 4708; x_wconf 79' lang='lat' dir='ltr'><strong>aliam</strong></span> <span class='ocrx_word' id='word_1_477' title='bbox 1061 4659 1266 4709; x_wconf 69' lang='lat' dir='ltr'><strong>scribsit</strong></span> <span class='ocrx_word' id='word_1_478' title='bbox 1297 4657 1465 4708; x_wconf 77' lang='lat' dir='ltr'><strong>media</strong></span> <span class='ocrx_word' id='word_1_479' title='bbox 1496 4658 1716 4709; x_wconf 79' lang='lat' dir='ltr'><strong>sofocles</strong></span> <span class='ocrx_word' id='word_1_480' title='bbox 1752 4658 1870 4707; x_wconf 88' lang='lat' dir='ltr'><strong>item</strong></span> <span class='ocrx_word' id='word_1_481' title='bbox 1909 4657 2069 4720; x_wconf 81' lang='lat' dir='ltr'><strong>(cor-r.</strong></span> <span class='ocrx_word' id='word_1_482' title='bbox 2110 4657 2269 4720; x_wconf 83' lang='lat' dir='ltr'><strong>idem)</strong></span> <span class='ocrx_word' id='word_1_483' title='bbox 2308 4657 2357 4706; x_wconf 92' lang='lat' dir='ltr'><em>L</em></span> <span class='ocrx_word' id='word_1_484' title='bbox 2392 4660 2457 4708; x_wconf 85' lang='lat' dir='ltr'><strong>de</strong></span> <span class='ocrx_word' id='word_1_485' title='bbox 2493 4657 2751 4723; x_wconf 74' lang='lat' dir='ltr'><strong>clytemes.</strong></span> <span class='ocrx_word' id='word_1_486' title='bbox 2792 4657 3051 4710; x_wconf 69' lang='lat' dir='ltr'><strong>tromedie.</strong></span> <span class='ocrx_word' id='word_1_487' title='bbox 3088 4655 3215 4706; x_wconf 75' lang='lat' dir='ltr'><strong>aliam</strong></span> 
     </span>
     <span class='ocr_line' id='line_1_45' title="bbox 676 4726 3215 4794; baseline -0.001 -18"><span class='ocrx_word' id='word_1_488' title='bbox 676 4728 827 4777; x_wconf 80' lang='lat' dir='ltr'><strong>aliam</strong></span> <span class='ocrx_word' id='word_1_489' title='bbox 863 4729 1071 4794; x_wconf 73' lang='lat' dir='ltr'><strong>scripsit</strong></span> <span class='ocrx_word' id='word_1_490' title='bbox 1094 4729 1328 4779; x_wconf 83' lang='lat' dir='ltr'><strong>medeam</strong></span> <span class='ocrx_word' id='word_1_491' title='bbox 1361 4728 1598 4780; x_wconf 80' lang='lat' dir='ltr'><strong>soffooles</strong></span> <span class='ocrx_word' id='word_1_492' title='bbox 1633 4729 1767 4778; x_wconf 87' lang='lat' dir='ltr'><strong>idem</strong></span> <span class='ocrx_word' id='word_1_493' title='bbox 1796 4729 1846 4778; x_wconf 82' lang='lat' dir='ltr'>F</span> <span class='ocrx_word' id='word_1_494' title='bbox 1874 4727 1939 4778; x_wconf 85' lang='lat' dir='ltr'><strong>de</strong></span> <span class='ocrx_word' id='word_1_495' title='bbox 1971 4727 2251 4780; x_wconf 72' lang='lat' dir='ltr'><strong>clemestris</strong></span> <span class='ocrx_word' id='word_1_496' title='bbox 2288 4739 2337 4779; x_wconf 84' lang='lat' dir='ltr'><strong>et</strong></span> <span class='ocrx_word' id='word_1_497' title='bbox 2375 4729 2439 4778; x_wconf 85' lang='lat' dir='ltr'><strong>de</strong></span> <span class='ocrx_word' id='word_1_498' title='bbox 2481 4728 2675 4779; x_wconf 80' lang='lat' dir='ltr'><strong>medeis</strong></span> <span class='ocrx_word' id='word_1_499' title='bbox 2704 4728 2862 4777; x_wconf 74' lang='lat' dir='ltr'><strong>aliam</strong></span> <span class='ocrx_word' id='word_1_500' title='bbox 2906 4726 3099 4793; x_wconf 71' lang='lat' dir='ltr'><strong>scripsit</strong></span> <span class='ocrx_word' id='word_1_501' title='bbox 3128 4737 3215 4773; x_wconf 85' lang='lat' dir='ltr'><strong>me·</strong></span> 
     </span>
     <span class='ocr_line' id='line_1_46' title="bbox 679 4795 3141 4864; baseline 0 -18"><span class='ocrx_word' id='word_1_502' title='bbox 679 4797 826 4846; x_wconf 80' lang='lat' dir='ltr'><strong>deam</strong></span> <span class='ocrx_word' id='word_1_503' title='bbox 857 4797 1078 4847; x_wconf 72' lang='lat' dir='ltr'><strong>sofocles</strong></span> <span class='ocrx_word' id='word_1_504' title='bbox 1102 4798 1234 4847; x_wconf 88' lang='lat' dir='ltr'><strong>idem</strong></span> <span class='ocrx_word' id='word_1_505' title='bbox 1266 4796 1310 4847; x_wconf 77' lang='lat' dir='ltr'><em>S</em></span> <span class='ocrx_word' id='word_1_506' title='bbox 1445 4799 1514 4848; x_wconf 79' lang='lat'><strong>22</strong></span> <span class='ocrx_word' id='word_1_507' title='bbox 1545 4798 1795 4864; x_wconf 83' lang='lat' dir='ltr'><strong>euripidis</strong></span> <span class='ocrx_word' id='word_1_508' title='bbox 1820 4797 1869 4846; x_wconf 78' lang='lat' dir='ltr'><em>F</em></span> <span class='ocrx_word' id='word_1_509' title='bbox 1894 4798 2137 4863; x_wconf 73' lang='lat' dir='ltr'><strong>erupides</strong></span> <span class='ocrx_word' id='word_1_510' title='bbox 2176 4799 2218 4848; x_wconf 89' lang='lat' dir='ltr'><em>L</em></span> <span class='ocrx_word' id='word_1_511' title='bbox 2252 4799 2519 4864; x_wconf 85' lang='lat' dir='ltr'><strong>eoripedes</strong></span> <span class='ocrx_word' id='word_1_512' title='bbox 2546 4798 2589 4847; x_wconf 84' lang='lat' dir='ltr'><strong><em>S</em></strong></span> <span class='ocrx_word' id='word_1_513' title='bbox 2706 4795 2793 4848; x_wconf 75' lang='lat'><strong>&#39;⁶29</strong></span> <span class='ocrx_word' id='word_1_514' title='bbox 2823 4796 2989 4847; x_wconf 73' lang='lat' dir='ltr'><strong>facilis</strong></span> <span class='ocrx_word' id='word_1_515' title='bbox 3020 4795 3141 4846; x_wconf 82' lang='lat' dir='ltr'><strong>LFS</strong></span> 
     </span>
     <span class='ocr_line' id='line_1_47' title="bbox 680 4862 3215 4934; baseline -0.002 -18"><span class='ocrx_word' id='word_1_516' title='bbox 680 4865 746 4918; x_wconf 78' lang='lat'><strong>34</strong></span> <span class='ocrx_word' id='word_1_517' title='bbox 781 4866 980 4930; x_wconf 86' lang='lat' dir='ltr'><strong>inponit</strong></span> <span class='ocrx_word' id='word_1_518' title='bbox 1011 4867 1095 4917; x_wconf 78' lang='lat' dir='ltr'><strong>FS</strong></span> <span class='ocrx_word' id='word_1_519' title='bbox 1127 4868 1334 4932; x_wconf 85' lang='lat' dir='ltr'><strong>inponet</strong></span> <span class='ocrx_word' id='word_1_520' title='bbox 1369 4866 1420 4916; x_wconf 89' lang='lat' dir='ltr'><em>L</em></span> <span class='ocrx_word' id='word_1_521' title='bbox 1559 4868 1747 4930; x_wconf 80' lang='lat' dir='ltr'><strong>aliquis</strong></span> <span class='ocrx_word' id='word_1_522' title='bbox 1780 4871 1825 4918; x_wconf 82' lang='lat' dir='ltr'><strong><em>S</em></strong></span> <span class='ocrx_word' id='word_1_523' title='bbox 1852 4868 2007 4932; x_wconf 84' lang='lat' dir='ltr'><strong>aliqui</strong></span> <span class='ocrx_word' id='word_1_524' title='bbox 2046 4867 2114 4930; x_wconf 87' lang='lat' dir='ltr'><strong>L,</strong></span> <span class='ocrx_word' id='word_1_525' title='bbox 2152 4883 2243 4920; x_wconf 85' lang='lat' dir='ltr'><strong>om.</strong></span> <span class='ocrx_word' id='word_1_526' title='bbox 2270 4871 2320 4919; x_wconf 83' lang='lat' dir='ltr'><em>F</em></span> <span class='ocrx_word' id='word_1_527' title='bbox 2459 4869 2525 4919; x_wconf 85' lang='grc'><strong>37</strong></span> <span class='ocrx_word' id='word_1_528' title='bbox 2560 4883 2653 4934; x_wconf 86' lang='lat' dir='ltr'><strong>per</strong></span> <span class='ocrx_word' id='word_1_529' title='bbox 2674 4867 2805 4918; x_wconf 72' lang='lat' dir='ltr'><strong>duas</strong></span> <span class='ocrx_word' id='word_1_530' title='bbox 2833 4866 2883 4916; x_wconf 87' lang='lat' dir='ltr'><em>L</em></span> <span class='ocrx_word' id='word_1_531' title='bbox 2916 4869 2963 4918; x_wconf 87' lang='lat' dir='ltr'><strong>iu</strong></span> <span class='ocrx_word' id='word_1_532' title='bbox 2996 4867 3115 4918; x_wconf 74' lang='lat' dir='ltr'><strong>duas</strong></span> <span class='ocrx_word' id='word_1_533' title='bbox 3142 4862 3215 4914; x_wconf 85' lang='lat' dir='ltr'><strong>FS</strong></span> 
     </span>
    </p>
   </div>
  </div>
 </body>
</html>
