3434 5442
932 349 1323 412 ms'rrrvrs
1373 341 1652 410 An'rivn
1698 303 2040 410 357-367'
2535 357 2553 364 -
2649 347 2766 408 105

346 467 547 510 ‚no-22
572 465 624 507 11.
2359 477 2403 517 ρ.
2429 462 2580 505 sos-⁴1
2613 463 2666 504 v.

322 483 345 522 p
376 539 453 601 De
492 540 599 599 ius.
691 555 1101 618 quaecumque
1144 539 1383 598 nomina
1426 537 1661 616 generis
1702 535 2028 617 masculini,
2053 534 2302 597 ablativo
2354 553 2494 618 casu
2537 535 2770 594 numeri

233 641 509 720 singularis
552 661 589 700 o
640 639 835 702 littera
890 641 1279 702 terminantur
1334 648 1395 701 et
1446 640 1806 702 nominativo
1859 656 2002 700 casu
2059 633 2292 699 numeri
2345 635 2656 716 singularis
2695 655 2769 698 us

230 743 417 824 syllaba
455 749 591 822 post
628 744 651 801 i
694 740 949 804 litteram
994 743 1385 812 deliniuntur,
1446 751 1513 805 ut
1554 750 1693 823 puta
1728 739 1756 824 ΙΙ
1783 741 1858 802 ab
1901 743 2018 802 hoc
2058 740 2410 818 Sempronio
2459 739 2558 801 bic
2601 740 2769 800 Sem-

230 847 469 926 pronius,
512 843 661 904 baec
707 843 781 905 ad
826 845 941 906 hoc
984 842 1317 922 exemplum
1362 843 1764 906 declinantur:
1821 845 2054 906 numeri
2099 842 2413 921 singularis
2463 842 2768 906 bicSem·

228 949 441 1027 pronius
492 945 673 1007 huius
712 947 1047 1024 Sempronii
1100 945 1241 1007 huic
1286 947 1639 1025 Sempronio
1699 947 1859 1009 hunc
1903 947 2318 1026 Sempronium
2379 965 2416 1004 o
2455 945 2769 1023 Semproni
2821 969 2846 1008 5

226 1050 285 1110 ab
329 1049 437 1110 hoc
484 1049 872 1128 Sempronio,
933 1049 1165 1110 numeri
1212 1047 1455 1126 pluralis
1492 1048 1568 1108 -hi
1614 1049 1950 1128 Sempronii
2005 1043 2237 1131 bolrum
2275 1047 2766 1126 Semproniorum

224 1153 299 1212 bis
333 1149 691 1228 Semproniis
746 1149 857 1210 bos
898 1149 1286 1229 Sempronios
1349 1170 1386 1211 o
1438 1143 1773 1229 Sempronii
1835 1150 1907 1212 ab
1951 1151 2044 1211 his
2095 1150 2478 1228 Semproniis.
2566 1150 2650 1208 sic
2711 1157 2772 1209 et

224 1252 313 1314 alia
346 1254 575 1330 generis
608 1251 915 1314 masculini
952 1255 1210 1324 nomina,
1249 1271 1399 1333 quae
1434 1251 1683 1314 ablativo
1720 1271 1860 1314 casu
1901 1253 2132 1312 numeri
2159 1250 2474 1329 singularis
2508 1271 2543 1311 o
2575 1249 2770 1311 littera

222 1355 580 1416 terminantur
624 1361 687 1415 et
716 1354 1075 1414 nominativo
1118 1372 1257 1416 casu
1296 1356 1528 1416 numeri
1570 1353 1884 1434 singularis
1927 1371 1998 1415 us
2029 1352 2246 1434 syllaba
2289 1360 2425 1432 post
2463 1354 2480 1412 i
2511 1352 2768 1424 litteram

223 1457 574 1527 definiuntur,
620 1456 699 1518 ad
744 1455 1078 1534 exemplum
1120 1456 1457 1536 Sempronii
1500 1475 1607 1535 per
1648 1475 1856 1518 omnes
1906 1453 2078 1517 casus
2132 1455 2522 1517 declinantur.
2609 1471 2767 1516 nunc
2797 1477 2846 1517 ιο

220 1561 267 1620 in
306 1559 405 1620 bac
444 1559 639 1620 forma
684 1561 923 1636 generis
964 1558 1295 1629 masculini,
1352 1577 1467 1640 qua
1506 1560 1761 1621 diximus
1805 1558 2054 1621 ablativo
2095 1577 2232 1619 casu
2287 1559 2520 1618 numeri
2567 1558 2768 1635 singu·

222 1661 335 1722 laris
382 1661 617 1722 nomina
658 1681 697 1722 o
739 1647 931 1722 littera
986 1663 1291 1724 terminari
1346 1671 1404 1724 et
1447 1662 1806 1723 nominativo
1865 1679 2004 1724 casu
2061 1662 2292 1722 numeri
2345 1659 2656 1738 singularis
2699 1677 2768 1720 us

220 1761 405 1842 syllaba
464 1769 602 1842 post
644 1765 669 1824 i
707 1763 963 1826 litteram
1022 1765 1285 1834 definiri,
1345 1765 1678 1843 quaeritur,
1735 1765 1850 1844 q'ua
1909 1764 1982 1826 de
2025 1781 2200 1825 causa
2256 1764 2556 1825 vocativus
2599 1779 2770 1823 casus

220 1866 417 1926 numeri
458 1863 781 1944 singularis
825 1865 899 1926 ab
938 1865 1233 1944 aliquibus
1272 1864 1615 1928 nominibus
1658 1869 1680 1926 i
1716 1865 1911 1928 littera
1951 1867 2302 1928 terminetur
2343 1873 2402 1934 et
2443 1863 2518 1926 ab
2561 1863 2768 1944 aliqui-

220 1967 307 2028 bus
346 1985 375 2028 e
413 1965 609 2028 littera
654 1968 985 2036 definiatur,
1030 1974 1095 2029 ut
1127 1975 1269 2047 puta
1312 1988 1349 2028 o
1386 1968 1666 2030 Mercurii
1710 1975 1772 2028 et
1815 1989 1850 2029 o
1886 1969 2000 2049 pie.
2057 1986 2244 2048 quare
2277 1969 2393 2029 hoc
2431 1983 2762 2035 monemus,
2793 1985 2846 2027 15
2883 2029 2891 2038 ,

220 2069 347 2151 quod
404 2068 517 2130 hoc
570 2070 634 2130 in
682 2069 845 2129 sonis
910 2077 1293 2148 conpetenter
1356 2077 1611 2132 tractare
1671 2070 2010 2132 debeamus.
2100 2072 2240 2131 item
2306 2072 2364 2130 in
2418 2069 2529 2130 hac
2588 2086 2768 2147 supra

220 2171 399 2250 scripta
442 2149 638 2232 lorma
681 2173 1008 2251 quaeritur,
1052 2189 1169 2252 qua
1213 2172 1287 2233 de
1328 2189 1503 2234 causa
1540 2194 1575 2234 o
1612 2173 1889 2234 Mercurii
1929 2189 2040 2252 per
2079 2173 2197 2233 duo
2233 2174 2252 2233 i
2284 2171 2598 2234 scribatur.
2656 2171 2770 2232 hac

219 2273 275 2334 de
312 2291 501 2343 causa,
550 2274 835 2352 quoniam
878 2292 1289 2354 quaecumque
1336 2266 1575 2336 nomina
1619 2273 1870 2336 ablativo
1917 2293 2058 2336 casu
2103 2275 2337 2336 numeri
2381 2272 2692 2351 singularis
2729 2293 2765 2334 o

218 2375 377 2436 littera
420 2375 823 2436 terminantur
866 2383 927 2437 et
966 2377 1325 2437 nominativo
1372 2395 1511 2438 casu
1568 2378 1798 2438 numeri
1841 2376 2154 2454 singularis
2193 2395 2264 2438 us
2306 2375 2524 2456 syllaba
2569 2382 2706 2454 post
2749 2377 2768 2436 i

218 2474 431 2538 litteram
484 2477 883 2549 definiuntur,
934 2477 1083 2539 haec
1126 2480 1457 2540 vocativum
1504 2497 1703 2540 casum
1753 2471 1986 2540 numeri
2030 2477 2342 2556 singularis
2397 2495 2532 2539 cum
2575 2480 2766 2538 nomi·
2792 2497 2848 2539 ao

218 2581 373 2640 nativo
416 2597 559 2641 casu
620 2580 889 2642 eiusdem
938 2582 1171 2642 numeri
1217 2579 1533 2658 singularis
1586 2583 1717 2661 pari
1771 2599 2020 2643 numero
2073 2579 2426 2661 syllabarum
2469 2580 2767 2651 scribunt;

219 2689 261 2742 et
292 2681 413 2744 ideo
457 2701 495 2744 o
530 2681 823 2744 Mercurii
866 2701 976 2762 per
1020 2684 1167 2745 duas
1204 2685 1221 2743 i
1262 2682 1483 2745 litteras
1526 2683 1709 2773 scribi
1755 2686 2190 2762 pronuntiatur.

350 2785 497 2846 Sane
542 2786 608 2844 in
651 2784 769 2848 hac
808 2803 989 2863 supra
1032 2786 1185 2848 dicta
1228 2787 1419 2846 forma
1463 2787 1579 2847 hoc
1612 2803 1942 2857 monemus,
1986 2786 2145 2867 quod
2189 2785 2303 2848 hoc
2335 2803 2520 2848 unum
2551 2768 2766 2848 nomen

218 2895 434 2958 1311111111,
492 2888 551 2948 id
601 2895 699 2948 est
746 2885 924 2956 alius,
972 2907 1148 2967 quam
1190 2891 1441 2950 maxime
1486 2897 1732 2968 propter
1771 2895 2100 2950 structuras
2143 2890 2433 2983 genetivo!
2473 2898 2534 2952 et
2573 2889 2766 2952 dativo

89 3051 99 3068 ‚
218 3007 327 3048 mu
356 2991 585 3051 numeri
616 2987 939 3067 singularis
975 2991 1060 3051 sic
1104 2989 1373 3052 anomale
1414 2991 1827 3052 confirmatum
1867 2993 1944 3052 sit
1971 2990 2290 3072 dejclinari,
2328 2992 2446 3053 hoc
2479 2999 2566 3053 est
2592 2990 2766 3053 huius
2791 3007 2844 3048 π

218 3091 333 3151 alius
364 3091 495 3152 buic
532 3091 673 3160 alii;
726 3100 789 3153 at
830 3110 973 3152 vero
1011 3111 1121 3172 per
1162 3099 1395 3154 ceteros
1438 3111 1608 3154 casus
1660 3092 1734 3153 ad
1773 3111 1984 3153 sonum
2030 3094 2368 3172 Sempronii
2411 3092 2624 3155 debeat
2663 3092 2766 3153 de·

220 3191 399 3253 clinari.
456 3211 623 3254 nunc
668 3195 845 3256 etiam
887 3193 1005 3255 hoc
1046 3210 1378 3266 monemus,
1423 3195 1583 3274 quod
1629 3195 1744 3256 hoc
1781 3213 1960 3274 supra
1997 3196 2220 3258 dictum
2257 3212 2474 3256 nomen
2518 3202 2766 3274 propter
2841 3271 2846 3282 Ι

219 3303 363 3356 metra
402 3297 461 3356 in
503 3296 703 3358 isdem
745 3314 925 3376 supra
960 3297 1129 3358 dictis
1167 3297 1403 3359 casibus
1444 3305 1503 3358 et
1542 3295 1810 3358 anomale
1853 3305 1912 3358 et
1953 3315 2074 3358 non
2109 3296 2400 3359 anomale·
2413 3298 2765 3376 permissum

220 3398 275 3456 sit
300 3397 587 3460 declinari.
652 3399 761 3460 sed
806 3399 921 3460 boc
964 3417 1177 3460 nomen
1226 3418 1341 3480 qua
1386 3399 1459 3462 de
1488 3419 1661 3461 causa
1706 3401 1768 3460 in
1811 3417 1989 3478 supra
2035 3400 2206 3462 dictis
2247 3399 2480 3462 casibus
2521 3407 2768 3480 propter

220 3507 497 3562 structuras
552 3503 645 3561 sic
706 3500 975 3564 anomale
1032 3501 1441 3563 confirmatum
1498 3503 1575 3564 sit
1628 3504 2004 3581 pronuntiari
2049 3509 2108 3564 et
2155 3505 2211 3564 in
2251 3503 2454 3564 metris
2494 3502 2766 3564 anomale
2791 3517 2844 3560 ao

221 3611 259 3660 et
288 3591 401 3663 ποκ’
426 3608 713 3665 anomale
756 3605 1109 3682 permissum
1166 3605 1242 3664 sit
1294 3602 1603 3676 declinari,
1661 3623 1794 3665 cum
1839 3605 1912 3666 ad
1957 3607 2248 3667 rationem
2300 3611 2626 3668 metrorum
2675 3606 2768 3686 vel

222 3711 611 3766 stmcmrarum
658 3707 1014 3776 venerimus,
1060 3704 1181 3767 illic
1220 3713 1607 3786 conpetenter
1653 3705 2056 3768 tractabimus·
2597 3691 2618 3714 ‘

350 3807 483 3870 ltem
530 3809 591 3869 in
639 3808 757 3870 hac
798 3825 975 3887 supra
1016 3810 1237 3890 scripta
1278 3809 1467 3870 forma
1512 3809 1834 3890 quaeritur,
1881 3827 1995 3889 qua
2040 3809 2114 3870 de
2159 3829 2333 3872 causa
2377 3812 2615 3871 nomina
2661 3829 2770 3891 per

228 3906 401 3987 aliquos
438 3928 623 3990 supra
684 3909 1007 3973 declinatus
1052 3929 1223 3974 casus
1276 3929 1386 3991 per
1429 3912 1575 3974 duas
1622 3913 1640 3973 i
1681 3910 1908 3974 litteras
1951 3915 2326 3992 reperiantur
2367 3913 2566 3974 scribi.
2654 3913 2768 3974 hac

229 4009 279 4070 de
306 4030 491 4082 causa,
538 4014 828 4093 quoniam
868 4032 1275 4094 quaecumque
1310 4015 1547 4076 nomina
1592 4017 1830 4091 generis
1871 4014 2182 4076 masculini
2227 4017 2586 4077 nominativo
2625 4033 2764 4077 casu
2791 4027 2844 4068 ³⁵

232 4116 409 4174 numeri
462 4081 791 4192 singularis
855 4134 925 4176 us
984 4115 1205 4196 syllaba
1262 4123 1397 4196 post
1454 4117 1472 4177 i
1516 4116 1772 4179 litteram
1830 4117 2220 4186 definiuntur,
2293 4117 2443 4178 haec
2507 4120 2767 4195 exceptis

232 4213 455 4276 anomalis
496 4223 557 4276 et
600 4219 881 4294 genetivo
927 4236 1065 4280 casu
1120 4221 1351 4280 numeri
1397 4217 1639 4298 pluralis
1692 4237 1801 4298 per
1845 4227 2074 4281 ceteros
2117 4237 2291 4280 casus
2335 4220 2462 4298 pari
2518 4237 2766 4280 numero

234 4314 525 4392 syllabarum
570 4327 815 4400 oportet
855 4321 1057 4382 scribi.
1128 4323 1273 4382 item
1310 4330 1369 4382 et
1412 4320 1525 4382 alia
1571 4320 1863 4400 probatio,
1910 4339 2025 4398 qua
2067 4321 2359 4382 docentur
2399 4321 2545 4382 haec
2587 4339 2768 4400 supra

234 4415 375 4480 tiene
422 4419 651 4483 formae
690 4427 701 4496 Ι
738 4423 983 4484 nomina
1036 4424 1095 4482 in
1140 4441 1318 4502 supra
1362 4423 1533 4484 dictis
1591 4423 1824 4484 casibus
1878 4443 1986 4502 per
2031 4423 2178 4484 duas
2221 4425 2242 4484 i
2285 4422 2512 4485 litteras
2564 4423 2764 4495 scribi,

236 4523 453 4594 quoniam
492 4543 907 4605 quaecumque
951 4527 1191 4586 nomina
1244 4528 1483 4601 generis
1526 4526 1834 4587 masculini
1887 4524 2138 4588 ablativo
2184 4544 2324 4587 casu
2365 4528 2600 4586 numeri
2645 4527 2764 4587 sin·
2791 4531 2843 4574 *θ

334 4688 363 4739 ὃ
394 4703 499 4756 post
534 4710 564 4744 a
602 4705 721 4746 ante
752 4695 857 4748 RB
998 4695 1063 4748 13
1100 4704 1218 4763 post
1250 4713 1279 4748 v
1312 4705 1429 4750 ente
1464 4697 1565 4748 RB
1702 4698 1774 4746 24
1807 4695 1959 4762 alius]
1999 4696 2258 4752 Priscian.
2293 4711 2350 4763 p.
2383 4697 2505 4747 727.
2541 4697 2646 4750 686

238 4753 735 4888 ῗὲὲαῗὲζιαῗῗύο
770 4781 870 4822 om.
910 4767 1029 4829 RB,
1068 4768 1193 4818 add.
1228 4785 1259 4818 ο
1466 4767 1537 4819 32
1572 4766 1680 4816 illic
1712 4783 1746 4816 r
1783 4768 1856 4818 ibi
1887 4767 1957 4831 R,
1990 4781 2082 4818 om.
2121 4767 2169 4817 B
2373 4767 2703 4818 tractabimus
2737 4783 2768 4817 r
