3434 5442
942 357 1040 419 DE
1085 357 1389 421 CENTVM
1431 357 1710 422 METRIS
1754 361 1780 423 1
1828 362 2024 428 1-11
2068 368 2108 429 6
2680 371 2803 433 459

331 477 376 518 p.
407 465 520 507 1818.
561 463 610 506 io
637 464 684 506 r.
2382 485 2427 526 p.
2454 473 2544 515 367.
2574 471 2625 515 es
2652 473 2703 516 G,

540 545 548 627 Ι
595 551 833 625 portum
874 552 1170 626 petamus,
1217 565 1360 609 aura
1402 546 1610 619 lassat,
1657 547 1783 610 vela
1827 549 1987 611 solve
2031 549 2203 612 malo.

401 647 486 709 De
517 645 914 708 anacreontio.
975 651 1417 711 anacreontium
1448 658 1678 713 constat
1706 658 2051 713 tetrametro
2082 651 2428 724 acatalecto,
2460 660 2527 717 ut
2555 661 2645 716 est
2670 654 2802 728 hoc,

536 748 810 854 hic-finis
851 757 970 822 est,
1015 749 1238 824 iambe,
1285 751 1468 822 salve,
1515 751 1761 814 vindicis
1805 753 2012 816 doctor
2054 753 2211 816 meli.
2254 750 2282 839 ΙΙ

1214 937 1311 1000 DE
1354 937 1817 1002 TROCHAICIS.

398 1075 584 1136 Metra
641 1075 940 1136 trochaica
993 1074 1139 1136 locis
1191 1073 1500 1154 inparibus
1555 1075 1666 1136 hos
1720 1076 2014 1156 recipiunt
2056 1076 2265 1156 pedes,
2312 1078 2655 1140 trochaeum
2702 1081 2804 1141 tri·
2831 1103 2857 1144 s

221 1176 520 1239 brachum
565 1183 624 1238 et
666 1193 783 1237 non
831 1194 1146 1256 numquam
1193 1175 1513 1258 dactylum,
1558 1176 1705 1240 locis
1737 1195 1875 1239 vero
1904 1178 2146 1259 paribus
2175 1197 2309 1243 cum
2354 1181 2447 1242 his
2488 1200 2638 1262 quos
2681 1201 2806 1244 me-

221 1281 459 1341 moravi
500 1278 824 1360 spondeum
872 1287 931 1340 et
973 1286 1376 1358 anapaestum.
1437 1279 1542 1341 sed
1587 1299 1658 1340 ex
1700 1278 1973 1360 plurimis
2018 1282 2301 1344 tredecim
2345 1285 2476 1346 usui
2521 1283 2805 1346 tradenda

219 1381 474 1444 subieci.

396 1483 485 1545 De
537 1485 860 1565 pancratio.
949 1487 1317 1563 pancratium
1374 1491 1604 1546 constat
1646 1493 2018 1548 monometro
2063 1485 2564 1568 hypercatalecto,
2612 1497 2676 1550 ut
2719 1496 2811 1551 est

219 1585 373 1658 hoc,
2831 1611 2883 1654 1⁰

800 1697 1007 1750 auctor
1051 1691 1329 1768 optimus.

398 1791 486 1853 De
539 1793 938 1874 ithyphallico.
1027 1788 1472 1870 ithyphallicum
1540 1798 1771 1852 constat
1826 1791 2079 1854 dimetro
2142 1793 2675 1876 brachycatalecto,
2742 1803 2810 1856 ut

221 1902 316 1953 est
360 1893 508 1966 hoc,
1972 1928 1980 1936 ·

799 1998 1032 2060 Bacche
1076 2001 1257 2078 iunge
1300 1999 1500 2086 tigres,

394 2099 483 2161 De
529 2101 840 2181 euripidio.
929 2100 1285 2180 euripidium
1330 2104 1559 2160 constat
1603 2097 1858 2160 dimetro
1900 2098 2270 2170 catalectico,
2319 2110 2382 2163 ut
2424 2109 2513 2162 est
2555 2100 2704 2173 hoc,
2830 2121 2881 2164 ιε

799 2201 992 2264 vultur
1035 2200 1210 2264 altius
1253 2199 1424 2262 volat.

403 2303 490 2365 De
535 2303 842 2368 alcmanio.
931 2303 1280 2366 alcmanium
1328 2311 1558 2365 constat
1601 2301 1855 2366 dimetro
1900 2304 2247 2376 acatalecto,
2294 2312 2361 2367 ut
2403 2313 2493 2367 est
2534 2305 2679 2377 hoc,
2794 2347 2808 2370 0

796 2406 984 2468 fistula
1029 2409 1188 2468 canit
1228 2404 1526 2467 subulcus.

396 2509 484 2571 De
529 2507 922 2588 bacchylidio.
1008 2506 1441 2588 bacchylidium
1487 2515 1718 2570 constat
1760 2508 2014 2570 dimetro
2060 2507 2563 2588 hypercatalecto,
2612 2517 2675 2572 ut
2718 2517 2809 2571 est

215 2609 368 2678 hoc,
2829 2630 2882 2672 ιο

797 2694 1041 2757 floribus
1087 2711 1306 2756 corona
1349 2698 1587 2758 texitur.
1868 2717 1879 2726 ·

396 2797 480 2859 De
527 2797 830 2878 sapphico.
889 2797 1234 2878 sapphicum
1283 2805 1514 2859 constat
1555 2801 1829 2861 trimetro
1872 2796 2413 2879 brachycatalecto,
2462 2805 2525 2860 ut
2554 2807 2644 2861 est
2672 2799 2805 2873 hoc,

628 2919 734 2961 rex
779 2907 1061 2980 paterque
1106 2900 1370 2979 luppiter
1415 2898 1682 2962 deorum.

395 3002 414 3084 l
466 3002 551 3064 De
607 3001 986 3064 archilochio.
1075 3000 1501 3064 archilochium
1557 3009 1791 3064 constat
1848 3005 2119 3064 trimetro
2178 3001 2549 3074 catalectico,
2605 3010 2673 3065 ut
2716 3011 2808 3065 est

214 3103 368 3175 hoc,
1880 3131 1895 3146 ⁴
2829 3141 2880 3182 2⁶

629 3223 744 3266 uox
789 3209 1006 3268 amoris
1050 3213 1110 3267 et
1153 3208 1366 3287 quietis
1408 3210 1664 3268 conscia.

390 3308 476 3370 De
521 3308 804 3370 sotadico.
892 3309 1216 3370 sotadicum
1263 3315 1494 3370 constat
1537 3312 1809 3370 trimetro
1854 3306 2203 3378 acatalecto,
2250 3317 2315 3370 ut
2358 3315 2449 3370 est
2490 3307 2633 3380 hoc,

522 3459 528 3464 .
627 3429 766 3472 arva
809 3414 964 3473 sicca
1008 3409 1174 3472 Nilus
1217 3414 1424 3482 intrat,
1481 3414 1564 3472 ite
1607 3410 1763 3473 laeti.

393 3511 478 3574 De
521 3513 823 3593 sapphico.
913 3510 1260 3593 sapphicum
1305 3519 1538 3575 constat
1581 3515 1853 3574 trimetro
1898 3510 2399 3593 hypercatalecto,
2447 3518 2510 3574 ut
2540 3519 2628 3574 est
2670 3513 2803 3584 hoc,

526 3613 798 3695 splendet
841 3633 1082 3685 aurum,
1130 3632 1364 3693 gemma
1406 3612 1621 3694 fulget,
1667 3614 1855 3676 forma
1904 3615 2005 3676 sed
2051 3613 2263 3695 placet.
2828 3649 2881 3694 ω

389 3716 476 3778 De
519 3717 802 3778 sotadico.
863 3717 1188 3778 sotadicum
1235 3724 1464 3778 constat
1509 3724 1855 3779 tetrametro
1897 3715 2426 3796 brachycatalecto,
2460 3725 2523 3778 ut
2553 3723 2643 3778 est
2670 3716 2802 3788 hoc,

526 3817 844 3882 Thracium
894 3818 1056 3880 nefas
1099 3826 1374 3880 renarrat
1415 3821 1706 3882 cantitans
1749 3818 2025 3882 hirundo.

359 4094 387 4146 1
426 4099 604 4157 portus
640 4093 691 4142 P
828 4090 985 4160 malo]
1027 4091 1143 4143 uelo
1183 4093 1232 4141 P
1365 4093 1398 4140 2
1435 4091 1730 4142 catalectico
1769 4093 1818 4141 P
1952 4091 1984 4142 3
2022 4092 2107 4142 hic
2140 4108 2232 4146 om,
2273 4091 2325 4140 P
2427 4093 2579 4143 iambi
2615 4093 2669 4142 P

214 4163 454 4214 uindices
489 4161 562 4212 S:
600 4162 803 4212 uindice
847 4164 1024 4214 doctor
1067 4162 1266 4214 meliori
1310 4161 1608 4221 Puuchius,
1656 4162 1877 4212 uindicis
1914 4163 2095 4212 ductor
2128 4161 2247 4212 meli
2288 4165 2499 4214 coniecit
2532 4163 2805 4214 sautem

355 4236 391 4282 4
430 4247 496 4283 uz
534 4247 816 4284 rnocnsico
853 4235 896 4286 S
997 4235 1031 4284 5
1067 4241 1230 4284 metra
1253 4231 1506 4282 trochaice
1531 4232 1883 4299 principaliter
1916 4241 2147 4282 constant
2184 4231 2437 4294 trochaeo,
2481 4233 2607 4282 locis
2634 4239 2805 4282 tamen

211 4303 504 4368 imparibus
540 4316 576 4359 3
715 4305 745 4353 7
779 4303 1012 4369 pluribus
1041 4305 1086 4355 S
1221 4301 1257 4353 8
1291 4303 1454 4353 subici
1478 4303 1522 4354 S
1655 4301 1690 4355 9
1722 4303 1786 4353 de
1820 4302 2081 4368 panormio
2120 4301 2469 4366 panchratium
2508 4303 2551 4354 S
2578 4302 2643 4352 de
2682 4317 2808 4370 pan-

213 4374 406 4423 cration
445 4373 796 4438 panon-aticum
820 4375 872 4424 P
1009 4374 1074 4425 14
1105 4372 1262 4424 bache
1297 4373 1349 4422 P
1485 4373 1637 4424 tiores
1665 4371 1707 4422 8
1845 4374 1911 4425 15
1944 4373 2008 4423 de
2032 4372 2279 4438 eoripidio
2303 4371 2607 4436 eoripidium
2625 4373 2670 4425 S

219 4442 288 4495 18
322 4439 471 4493 canet
503 4443 548 4494 S
689 4443 752 4494 19
789 4444 855 4494 de
891 4443 1216 4495 bacchillidio
1261 4443 1642 4494 bacchillidium
1679 4444 1731 4492 P
1758 4443 1825 4493 de
1858 4441 2133 4494 bachilidio
2186 4440 2517 4492 bachilidium
2554 4443 2597 4494 S
2734 4444 2801 4495 21

213 4511 448 4562 {roribus
482 4512 535 4561 P
667 4514 736 4566 23
789 4529 878 4564 rex
919 4522 1066 4580 pater
1099 4514 1214 4582 (qui
1250 4514 1372 4566 add.
1410 4511 1700 4574 Punctum)
1754 4513 1981 4579 luppiter
2016 4520 2067 4562 et
2101 4512 2311 4562 deorum
2350 4525 2386 4568 3
2522 4513 2588 4562 24
2623 4512 2689 4562 de
2724 4527 2805 4562 ar—

211 4581 500 4633 chilochico
539 4583 932 4634 archilocliieum
969 4583 1012 4633 S
1149 4583 1316 4647 ⁰27Ade
1353 4584 1566 4634 sotatico
1603 4582 1869 4633 sotaticum
1894 4583 1947 4632 P
1975 4582 2039 4632 de
2072 4583 2287 4632 eutatico
2322 4581 2591 4632 autolicum
2626 4583 2671 4634 S

211 4651 286 4703 28
320 4666 444 4703 arva
483 4677 547 4688 --
586 4650 727 4720 laeti]
773 4655 840 4705 ite
873 4669 1024 4720 poma
1057 4653 1186 4704 ferte
1221 4655 1358 4704 uiam
1391 4662 1560 4719 portet
1585 4652 1714 4702 alter
1750 4665 1783 4709 3
1952 4651 2022 4703 30
2057 4665 2285 4718 gemmas
2318 4651 2363 4702 S
2510 4651 2677 4703 forma
2712 4655 2805 4706 sed

213 4737 312 4775 om.
358 4724 410 4773 P
545 4723 612 4775 31
663 4724 728 4774 de
775 4725 1003 4775 sotadico
1051 4724 1336 4774 sutadicum
1379 4725 1424 4775 S
1453 4723 1518 4775 de
1547 4723 1761 4774 solatieo
1804 4723 2075 4776 sotaticum
2112 4722 2161 4772 P
2296 4721 2519 4774 trimetro
2555 4723 2599 4774 S
2734 4722 2805 4776 32

215 4791 466 4843 trachium
504 4792 558 4841 P
595 4794 813 4844 traxium
849 4793 893 4844 S
925 4793 1205 4844 Thraecum
1243 4807 1279 4850 3
1317 4793 1585 4844 Thracium
1623 4793 1894 4845 Puuchitoe
2068 4800 2270 4844 enarrat
2294 4809 2337 4848 ,ς
2384 4797 2589 4843 resonat
2624 4794 2669 4846 S

213 4862 467 4914 cantilans
508 4864 561 4914 P
592 4878 729 4914 corr.
766 4865 1014 4916 cantitans
1049 4867 1092 4917 S
1125 4864 1352 4917 catuleas
1391 4865 1817 4917 Dum-stadiensi:
1857 4872 1909 4916 et
1945 4864 2327 4914 Laurentianus
2464 4861 2693 4914 hei-undo
2726 4863 2769 4915 S
