<?xml version="1.0" encoding="UTF-8"?>
<!DOCTYPE html PUBLIC "-//W3C//DTD XHTML 1.0 Transitional//EN"
    "http://www.w3.org/TR/xhtml1/DTD/xhtml1-transitional.dtd">
<html xmlns="http://www.w3.org/1999/xhtml" xml:lang="en" lang="en">
 <head>
  <title>
</title>
<meta http-equiv="Content-Type" content="text/html;charset=utf-8" />
  <meta name='ocr-system' content='tesseract 3.04.00' />
  <meta name='ocr-capabilities' content='ocr_page ocr_carea ocr_par ocr_line ocrx_word'/>
</head>
<body>
  <div class='ocr_page' id='page_1' title='image "./grammaticilatin01unkngoog_0099.png"; bbox 0 0 3434 5442; ppageno 0'>
   <div class='ocr_carea' id='block_1_1' title="bbox 587 346 2001 420">
    <p class='ocr_par' dir='ltr' id='par_1_1' title="bbox 587 346 2001 420">
     <span class='ocr_line' id='line_1_1' title="bbox 587 346 2001 420; baseline -0.004 -8"><span class='ocrx_word' id='word_1_1' title='bbox 587 350 667 412; x_wconf 86' lang='lat'><strong>38</strong></span> <span class='ocrx_word' id='word_1_2' title='bbox 1773 346 2001 420; x_wconf 69' lang='lat' dir='ltr'><strong>raom</strong></span> 
     </span>
    </p>
   </div>
   <div class='ocr_carea' id='block_1_2' title="bbox 586 464 3175 617">
    <p class='ocr_par' dir='ltr' id='par_1_2' title="bbox 586 464 3175 617">
     <span class='ocr_line' id='line_1_2' title="bbox 724 464 3076 507; baseline 0 0"><span class='ocrx_word' id='word_1_3' title='bbox 724 496 735 507; x_wconf 95' lang='lat'><strong>.</strong></span> <span class='ocrx_word' id='word_1_4' title='bbox 871 466 1028 507; x_wconf 59' lang='lat' dir='ltr'><strong>‚son</strong></span> <span class='ocrx_word' id='word_1_5' title='bbox 1983 482 1994 489; x_wconf 86' lang='lat'>-</span> <span class='ocrx_word' id='word_1_6' title='bbox 2793 464 2991 507; x_wconf 50' lang='lat' dir='ltr'><strong>‚nost</strong></span> <span class='ocrx_word' id='word_1_7' title='bbox 3027 465 3076 507; x_wconf 84' lang='lat'><strong>1..</strong></span> 
     </span>
     <span class='ocr_line' id='line_1_3' title="bbox 586 468 3175 617; baseline -0.001 -18"><span class='ocrx_word' id='word_1_8' title='bbox 586 468 1152 617; x_wconf 51' lang='lat' dir='ltr'><strong>tergiaemdorreptae.</strong></span> <span class='ocrx_word' id='word_1_9' title='bbox 1218 554 1353 597; x_wconf 88' lang='lat' dir='ltr'><strong>nam</strong></span> <span class='ocrx_word' id='word_1_10' title='bbox 1385 534 1643 596; x_wconf 86' lang='lat' dir='ltr'><strong>secunda</strong></span> <span class='ocrx_word' id='word_1_11' title='bbox 1682 536 2018 611; x_wconf 87' lang='lat' dir='ltr'><strong>coniugatio</strong></span> <span class='ocrx_word' id='word_1_12' title='bbox 2049 532 2138 594; x_wconf 90' lang='lat' dir='ltr'><strong>vel</strong></span> <span class='ocrx_word' id='word_1_13' title='bbox 2167 533 2338 595; x_wconf 88' lang='lat' dir='ltr'><strong>tertia</strong></span> <span class='ocrx_word' id='word_1_14' title='bbox 2370 535 2678 614; x_wconf 87' lang='lat' dir='ltr'><strong>producta,</strong></span> <span class='ocrx_word' id='word_1_15' title='bbox 2729 478 2787 597; x_wconf 65' lang='lat' dir='ltr'><strong>id</strong></span> <span class='ocrx_word' id='word_1_16' title='bbox 2819 544 2910 597; x_wconf 89' lang='lat' dir='ltr'><strong>est</strong></span> <span class='ocrx_word' id='word_1_17' title='bbox 2947 532 3175 615; x_wconf 79' lang='lat' dir='ltr'><strong>quarta,</strong></span> 
     </span>
    </p>
   </div>
   <div class='ocr_carea' id='block_1_3' title="bbox 511 635 3186 4069">
    <p class='ocr_par' dir='ltr' id='par_1_3' title="bbox 511 635 3186 4069">
     <span class='ocr_line' id='line_1_4' title="bbox 590 635 3176 716; baseline -0.002 -14"><span class='ocrx_word' id='word_1_18' title='bbox 590 646 1009 702; x_wconf 76' lang='lat' dir='ltr'><strong>consonantem</strong></span> <span class='ocrx_word' id='word_1_19' title='bbox 1076 647 1211 699; x_wconf 89' lang='lat' dir='ltr'><strong>ante</strong></span> <span class='ocrx_word' id='word_1_20' title='bbox 1263 658 1298 698; x_wconf 93' lang='lat' dir='ltr'><strong>o</strong></span> <span class='ocrx_word' id='word_1_21' title='bbox 1350 636 1607 699; x_wconf 77' lang='lat' dir='ltr'><strong>litteram</strong></span> <span class='ocrx_word' id='word_1_22' title='bbox 1659 654 1980 716; x_wconf 81' lang='lat' dir='ltr'><strong>numquam</strong></span> <span class='ocrx_word' id='word_1_23' title='bbox 2041 635 2292 705; x_wconf 89' lang='lat' dir='ltr'><strong>habent,</strong></span> <span class='ocrx_word' id='word_1_24' title='bbox 2361 637 2517 697; x_wconf 89' lang='lat' dir='ltr'><strong>sicut</strong></span> <span class='ocrx_word' id='word_1_25' title='bbox 2575 638 2918 715; x_wconf 79' lang='lat' dir='ltr'><strong>frequenter</strong></span> <span class='ocrx_word' id='word_1_26' title='bbox 2970 638 3176 705; x_wconf 88' lang='lat' dir='ltr'><strong>docui;</strong></span> 
     </span>
     <span class='ocr_line' id='line_1_5' title="bbox 588 726 3182 821; baseline -0.001 -20"><span class='ocrx_word' id='word_1_27' title='bbox 588 742 847 803; x_wconf 88' lang='lat' dir='ltr'><strong>secunda</strong></span> <span class='ocrx_word' id='word_1_28' title='bbox 904 740 1137 821; x_wconf 87' lang='lat' dir='ltr'><strong>quidem</strong></span> <span class='ocrx_word' id='word_1_29' title='bbox 1184 758 1229 802; x_wconf 82' lang='lat' dir='ltr'><strong>e·</strong></span> <span class='ocrx_word' id='word_1_30' title='bbox 1268 739 1482 808; x_wconf 88' lang='lat' dir='ltr'><strong>solam,</strong></span> <span class='ocrx_word' id='word_1_31' title='bbox 1554 746 1621 800; x_wconf 91' lang='lat' dir='ltr'><strong>ut</strong></span> <span class='ocrx_word' id='word_1_32' title='bbox 1662 726 1850 800; x_wconf 84' lang='lat' dir='ltr'><strong>doceo</strong></span> <span class='ocrx_word' id='word_1_33' title='bbox 1893 738 2099 808; x_wconf 80' lang='lat' dir='ltr'><strong>doceS,</strong></span> <span class='ocrx_word' id='word_1_34' title='bbox 2165 739 2338 800; x_wconf 89' lang='lat' dir='ltr'><strong>tertia</strong></span> <span class='ocrx_word' id='word_1_35' title='bbox 2389 757 2531 799; x_wconf 83' lang='lat' dir='ltr'><strong>vero</strong></span> <span class='ocrx_word' id='word_1_36' title='bbox 2589 739 2906 818; x_wconf 87' lang='lat' dir='ltr'><strong>producta,</strong></span> <span class='ocrx_word' id='word_1_37' title='bbox 2975 740 3031 801; x_wconf 90' lang='lat' dir='ltr'><strong>id</strong></span> <span class='ocrx_word' id='word_1_38' title='bbox 3093 746 3182 801; x_wconf 86' lang='lat' dir='ltr'><strong>est</strong></span> 
     </span>
     <span class='ocr_line' id='line_1_6' title="bbox 588 840 3180 924; baseline -0.002 -19"><span class='ocrx_word' id='word_1_39' title='bbox 588 852 815 924; x_wconf 85' lang='lat' dir='ltr'><strong>quarta,</strong></span> <span class='ocrx_word' id='word_1_40' title='bbox 857 843 1021 914; x_wconf 82' lang='lat' dir='ltr'><strong>duas,</strong></span> <span class='ocrx_word' id='word_1_41' title='bbox 1068 862 1101 904; x_wconf 88' lang='lat' dir='ltr'><strong>c</strong></span> <span class='ocrx_word' id='word_1_42' title='bbox 1146 848 1206 903; x_wconf 88' lang='lat' dir='ltr'><strong>et</strong></span> <span class='ocrx_word' id='word_1_43' title='bbox 1246 844 1295 911; x_wconf 96' lang='lat' dir='ltr'><strong>i,</strong></span> <span class='ocrx_word' id='word_1_44' title='bbox 1332 848 1399 903; x_wconf 86' lang='lat' dir='ltr'><strong>ut</strong></span> <span class='ocrx_word' id='word_1_45' title='bbox 1437 841 1617 902; x_wconf 86' lang='lat' dir='ltr'><strong>redeo</strong></span> <span class='ocrx_word' id='word_1_46' title='bbox 1662 841 1822 902; x_wconf 86' lang='lat' dir='ltr'><strong>redis</strong></span> <span class='ocrx_word' id='word_1_47' title='bbox 1862 842 2012 902; x_wconf 88' lang='lat' dir='ltr'><strong>redii</strong></span> <span class='ocrx_word' id='word_1_48' title='bbox 2055 849 2116 902; x_wconf 92' lang='lat' dir='ltr'><strong>et</strong></span> <span class='ocrx_word' id='word_1_49' title='bbox 2157 843 2356 903; x_wconf 88' lang='lat' dir='ltr'><strong>munio</strong></span> <span class='ocrx_word' id='word_1_50' title='bbox 2399 843 2594 903; x_wconf 90' lang='lat' dir='ltr'><strong>munis</strong></span> <span class='ocrx_word' id='word_1_51' title='bbox 2637 842 2840 902; x_wconf 89' lang='lat' dir='ltr'><strong>munii.</strong></span> <span class='ocrx_word' id='word_1_52' title='bbox 2933 840 3011 902; x_wconf 91' lang='lat' dir='ltr'><strong>bo</strong></span> <span class='ocrx_word' id='word_1_53' title='bbox 3065 848 3180 902; x_wconf 90' lang='lat' dir='ltr'><strong>ter·</strong></span> 
     </span>
     <span class='ocr_line' id='line_1_7' title="bbox 535 941 3178 1025; baseline -0 -19"><span class='ocrx_word' id='word_1_54' title='bbox 535 968 560 1006; x_wconf 79' lang='lat'><strong>5</strong></span> <span class='ocrx_word' id='word_1_55' title='bbox 588 946 837 1017; x_wconf 86' lang='lat' dir='ltr'><strong>minata,</strong></span> <span class='ocrx_word' id='word_1_56' title='bbox 898 948 1126 1025; x_wconf 82' lang='lat' dir='ltr'><strong>primae</strong></span> <span class='ocrx_word' id='word_1_57' title='bbox 1172 946 1225 1005; x_wconf 89' lang='lat' dir='ltr'><strong>si</strong></span> <span class='ocrx_word' id='word_1_58' title='bbox 1266 945 1411 1013; x_wconf 88' lang='lat' dir='ltr'><strong>sint,</strong></span> <span class='ocrx_word' id='word_1_59' title='bbox 1458 942 1591 1003; x_wconf 87' lang='lat' dir='ltr'><strong>bavi</strong></span> <span class='ocrx_word' id='word_1_60' title='bbox 1646 944 1865 1003; x_wconf 84' lang='lat' dir='ltr'><strong>sacient</strong></span> <span class='ocrx_word' id='word_1_61' title='bbox 1913 944 2112 1021; x_wconf 90' lang='lat' dir='ltr'><strong>specie</strong></span> <span class='ocrx_word' id='word_1_62' title='bbox 2157 941 2451 1022; x_wconf 73' lang='lat' dir='ltr'><strong>perfecta,</strong></span> <span class='ocrx_word' id='word_1_63' title='bbox 2509 949 2576 1004; x_wconf 88' lang='lat' dir='ltr'><strong>ut</strong></span> <span class='ocrx_word' id='word_1_64' title='bbox 2617 941 2736 1003; x_wconf 90' lang='lat' dir='ltr'><strong>libo</strong></span> <span class='ocrx_word' id='word_1_65' title='bbox 2779 941 2930 1003; x_wconf 85' lang='lat' dir='ltr'><strong>libas</strong></span> <span class='ocrx_word' id='word_1_66' title='bbox 2972 942 3178 1011; x_wconf 78' lang='lat' dir='ltr'><strong>libavi:</strong></span> 
     </span>
     <span class='ocr_line' id='line_1_8' title="bbox 588 1043 3182 1125; baseline -0.001 -18"><span class='ocrx_word' id='word_1_67' title='bbox 588 1047 797 1108; x_wconf 78' lang='lat' dir='ltr'><strong>tertiae</strong></span> <span class='ocrx_word' id='word_1_68' title='bbox 840 1065 981 1108; x_wconf 90' lang='lat' dir='ltr'><strong>vero</strong></span> <span class='ocrx_word' id='word_1_69' title='bbox 1023 1052 1337 1124; x_wconf 78' lang='lat' dir='ltr'><strong>&#39;correptae</strong></span> <span class='ocrx_word' id='word_1_70' title='bbox 1380 1046 1501 1123; x_wconf 92' lang='lat' dir='ltr'><strong>psi,</strong></span> <span class='ocrx_word' id='word_1_71' title='bbox 1547 1050 1613 1105; x_wconf 92' lang='lat' dir='ltr'><strong>ut</strong></span> <span class='ocrx_word' id='word_1_72' title='bbox 1653 1043 1815 1105; x_wconf 91' lang='lat' dir='ltr'><strong>nubo</strong></span> <span class='ocrx_word' id='word_1_73' title='bbox 1857 1044 2033 1106; x_wconf 90' lang='lat' dir='ltr'><strong>nubis</strong></span> <span class='ocrx_word' id='word_1_74' title='bbox 2077 1047 2282 1125; x_wconf 86' lang='lat' dir='ltr'><strong>nupsi,</strong></span> <span class='ocrx_word' id='word_1_75' title='bbox 2329 1052 2431 1105; x_wconf 88' lang='lat' dir='ltr'><strong>aut</strong></span> <span class='ocrx_word' id='word_1_76' title='bbox 2471 1044 2604 1115; x_wconf 88' lang='lat' dir='ltr'><strong>bui,</strong></span> <span class='ocrx_word' id='word_1_77' title='bbox 2661 1050 2730 1105; x_wconf 91' lang='lat' dir='ltr'><strong>ut</strong></span> <span class='ocrx_word' id='word_1_78' title='bbox 2765 1043 2944 1104; x_wconf 91' lang='lat' dir='ltr'><strong>sorbo</strong></span> <span class='ocrx_word' id='word_1_79' title='bbox 2987 1043 3182 1105; x_wconf 86' lang='lat' dir='ltr'><strong>sorbis</strong></span> 
     </span>
     <span class='ocr_line' id='line_1_9' title="bbox 589 1144 3182 1228; baseline -0.001 -19"><span class='ocrx_word' id='word_1_80' title='bbox 589 1148 827 1218; x_wconf 86' lang='lat' dir='ltr'><strong>sorbui,</strong></span> <span class='ocrx_word' id='word_1_81' title='bbox 876 1150 1141 1228; x_wconf 81' lang='lat' dir='ltr'><strong>quamvis</strong></span> <span class='ocrx_word' id='word_1_82' title='bbox 1182 1156 1241 1207; x_wconf 88' lang='lat' dir='ltr'><strong>et</strong></span> <span class='ocrx_word' id='word_1_83' title='bbox 1272 1146 1463 1207; x_wconf 89' lang='lat' dir='ltr'><strong>sorbsi</strong></span> <span class='ocrx_word' id='word_1_84' title='bbox 1501 1144 1720 1207; x_wconf 88' lang='lat' dir='ltr'><strong>lectum</strong></span> <span class='ocrx_word' id='word_1_85' title='bbox 1765 1148 1857 1207; x_wconf 88' lang='lat' dir='ltr'><strong>sit.</strong></span> <span class='ocrx_word' id='word_1_86' title='bbox 1947 1164 2019 1206; x_wconf 91' lang='lat' dir='ltr'><strong>co</strong></span> <span class='ocrx_word' id='word_1_87' title='bbox 2065 1147 2288 1226; x_wconf 87' lang='lat' dir='ltr'><strong>primae</strong></span> <span class='ocrx_word' id='word_1_88' title='bbox 2335 1147 2384 1205; x_wconf 89' lang='lat' dir='ltr'><strong>si</strong></span> <span class='ocrx_word' id='word_1_89' title='bbox 2429 1148 2574 1213; x_wconf 90' lang='lat' dir='ltr'><strong>sint,</strong></span> <span class='ocrx_word' id='word_1_90' title='bbox 2619 1147 2743 1205; x_wconf 87' lang='lat' dir='ltr'><strong>cavi</strong></span> <span class='ocrx_word' id='word_1_91' title='bbox 2787 1146 3004 1205; x_wconf 80' lang='lat' dir='ltr'><strong>facient</strong></span> <span class='ocrx_word' id='word_1_92' title='bbox 3048 1162 3182 1224; x_wconf 88' lang='lat' dir='ltr'><strong>per-</strong></span> 
     </span>
     <span class='ocr_line' id='line_1_10' title="bbox 592 1246 3181 1329; baseline -0.001 -19"><span class='ocrx_word' id='word_1_93' title='bbox 592 1251 807 1311; x_wconf 78' lang='lat' dir='ltr'><strong>fectam</strong></span> <span class='ocrx_word' id='word_1_94' title='bbox 854 1250 1132 1329; x_wconf 88' lang='lat' dir='ltr'><strong>speciem,</strong></span> <span class='ocrx_word' id='word_1_95' title='bbox 1178 1246 1253 1310; x_wconf 76' lang='lat' dir='ltr'><strong>nt‘</strong></span> <span class='ocrx_word' id='word_1_96' title='bbox 1288 1249 1443 1313; x_wconf 87' lang='lat' dir='ltr'><strong>sicco</strong></span> <span class='ocrx_word' id='word_1_97' title='bbox 1488 1250 1675 1309; x_wconf 89' lang='lat' dir='ltr'><strong>siccas</strong></span> <span class='ocrx_word' id='word_1_98' title='bbox 1718 1249 1948 1319; x_wconf 85' lang='lat' dir='ltr'><strong>siccavi,</strong></span> <span class='ocrx_word' id='word_1_99' title='bbox 1997 1248 2128 1309; x_wconf 87' lang='lat' dir='ltr'><strong>dico</strong></span> <span class='ocrx_word' id='word_1_100' title='bbox 2171 1248 2334 1309; x_wconf 86' lang='lat' dir='ltr'><strong>dicas</strong></span> <span class='ocrx_word' id='word_1_101' title='bbox 2376 1248 2589 1308; x_wconf 82' lang='lat' dir='ltr'><strong>dicavi:</strong></span> <span class='ocrx_word' id='word_1_102' title='bbox 2637 1246 2926 1323; x_wconf 89' lang='lat' dir='ltr'><strong>Vergilius</strong></span> <span class='ocrx_word' id='word_1_103' title='bbox 2969 1246 3181 1326; x_wconf 77' lang='lat' dir='ltr'><strong>‘pro-</strong></span> 
     </span>
     <span class='ocr_line' id='line_1_11' title="bbox 590 1349 3182 1433; baseline -0.002 -20"><span class='ocrx_word' id='word_1_104' title='bbox 590 1353 983 1433; x_wconf 84' lang='lat' dir='ltr'><strong>priamque</strong></span> <span class='ocrx_word' id='word_1_105' title='bbox 1031 1349 1375 1412; x_wconf 74' lang='lat' dir='ltr'><strong>vdicabo’:</strong></span> <span class='ocrx_word' id='word_1_106' title='bbox 1428 1350 1437 1427; x_wconf 88' lang='grc' dir='ltr'>Ι</span> <span class='ocrx_word' id='word_1_107' title='bbox 1478 1358 1579 1411; x_wconf 87' lang='lat' dir='ltr'><strong>aut</strong></span> <span class='ocrx_word' id='word_1_108' title='bbox 1622 1352 1746 1419; x_wconf 91' lang='lat' dir='ltr'><strong>cui,</strong></span> <span class='ocrx_word' id='word_1_109' title='bbox 1799 1358 1864 1410; x_wconf 91' lang='lat' dir='ltr'><strong>ut</strong></span> <span class='ocrx_word' id='word_1_110' title='bbox 1905 1352 2060 1411; x_wconf 92' lang='lat' dir='ltr'><strong>mico</strong></span> <span class='ocrx_word' id='word_1_111' title='bbox 2106 1352 2285 1410; x_wconf 89' lang='lat' dir='ltr'><strong>micas</strong></span> <span class='ocrx_word' id='word_1_112' title='bbox 2330 1349 2526 1410; x_wconf 88' lang='lat' dir='ltr'><strong>micui.</strong></span> <span class='ocrx_word' id='word_1_113' title='bbox 2613 1350 2820 1409; x_wconf 83' lang='lat' dir='ltr'><strong>tertiae</strong></span> <span class='ocrx_word' id='word_1_114' title='bbox 2861 1366 3004 1409; x_wconf 85' lang='lat' dir='ltr'><strong>vero</strong></span> <span class='ocrx_word' id='word_1_115' title='bbox 3049 1368 3182 1410; x_wconf 86' lang='lat' dir='ltr'><strong>cor·</strong></span> 
     </span>
     <span class='ocr_line' id='line_1_12' title="bbox 516 1447 3184 1534; baseline 0 -23"><span class='ocrx_word' id='word_1_116' title='bbox 516 1470 565 1512; x_wconf 73' lang='lat' dir='ltr'><strong>io</strong></span> <span class='ocrx_word' id='word_1_117' title='bbox 592 1460 797 1532; x_wconf 89' lang='lat' dir='ltr'><strong>reptae</strong></span> <span class='ocrx_word' id='word_1_118' title='bbox 844 1460 945 1515; x_wconf 90' lang='lat' dir='ltr'><strong>aut</strong></span> <span class='ocrx_word' id='word_1_119' title='bbox 986 1454 1057 1523; x_wconf 91' lang='lat' dir='ltr'><strong>ci,</strong></span> <span class='ocrx_word' id='word_1_120' title='bbox 1101 1459 1169 1513; x_wconf 91' lang='lat' dir='ltr'><strong>ut</strong></span> <span class='ocrx_word' id='word_1_121' title='bbox 1210 1453 1380 1512; x_wconf 88' lang='lat' dir='ltr'><strong>vinco</strong></span> <span class='ocrx_word' id='word_1_122' title='bbox 1420 1452 1605 1512; x_wconf 88' lang='lat' dir='ltr'><strong>vincis</strong></span> <span class='ocrx_word' id='word_1_123' title='bbox 1646 1452 1788 1521; x_wconf 90' lang='lat' dir='ltr'><strong>vici,</strong></span> <span class='ocrx_word' id='word_1_124' title='bbox 1827 1459 1930 1511; x_wconf 90' lang='lat' dir='ltr'><strong>aut</strong></span> <span class='ocrx_word' id='word_1_125' title='bbox 1973 1454 2064 1521; x_wconf 87' lang='lat' dir='ltr'><strong>xi,</strong></span> <span class='ocrx_word' id='word_1_126' title='bbox 2109 1458 2174 1511; x_wconf 89' lang='lat' dir='ltr'><strong>ut</strong></span> <span class='ocrx_word' id='word_1_127' title='bbox 2199 1447 2227 1534; x_wconf 79' lang='grc' dir='ltr'><strong>Η</strong></span> <span class='ocrx_word' id='word_1_128' title='bbox 2259 1451 2390 1511; x_wconf 91' lang='lat' dir='ltr'><strong>dico</strong></span> <span class='ocrx_word' id='word_1_129' title='bbox 2435 1451 2582 1511; x_wconf 88' lang='lat' dir='ltr'><strong>dicis</strong></span> <span class='ocrx_word' id='word_1_130' title='bbox 2625 1450 2772 1521; x_wconf 87' lang='lat' dir='ltr'><strong>dixi,</strong></span> <span class='ocrx_word' id='word_1_131' title='bbox 2818 1451 2972 1513; x_wconf 89' lang='lat' dir='ltr'><strong>duco</strong></span> <span class='ocrx_word' id='word_1_132' title='bbox 3017 1450 3184 1515; x_wconf 87' lang='lat' dir='ltr'><strong>ducis</strong></span> 
     </span>
     <span class='ocr_line' id='line_1_13' title="bbox 590 1552 3186 1625; baseline -0.002 -7"><span class='ocrx_word' id='word_1_133' title='bbox 590 1556 761 1625; x_wconf 84' lang='lat' dir='ltr'><strong>duxi;</strong></span> <span class='ocrx_word' id='word_1_134' title='bbox 803 1564 906 1617; x_wconf 89' lang='lat' dir='ltr'><strong>aut</strong></span> <span class='ocrx_word' id='word_1_135' title='bbox 940 1556 1024 1625; x_wconf 88' lang='lat' dir='ltr'><strong>vi,</strong></span> <span class='ocrx_word' id='word_1_136' title='bbox 1066 1562 1131 1616; x_wconf 88' lang='lat' dir='ltr'><strong>ut</strong></span> <span class='ocrx_word' id='word_1_137' title='bbox 1176 1572 1381 1615; x_wconf 82' lang='lat' dir='ltr'><strong>cresco</strong></span> <span class='ocrx_word' id='word_1_138' title='bbox 1421 1555 1640 1615; x_wconf 84' lang='lat' dir='ltr'><strong>crescis</strong></span> <span class='ocrx_word' id='word_1_139' title='bbox 1684 1554 1874 1622; x_wconf 88' lang='lat' dir='ltr'><strong>crevi;</strong></span> <span class='ocrx_word' id='word_1_140' title='bbox 1935 1561 2036 1613; x_wconf 89' lang='lat' dir='ltr'><strong>aut</strong></span> <span class='ocrx_word' id='word_1_141' title='bbox 2079 1554 2210 1622; x_wconf 87' lang='lat' dir='ltr'><strong>nui,</strong></span> <span class='ocrx_word' id='word_1_142' title='bbox 2253 1570 2498 1613; x_wconf 88' lang='lat' dir='ltr'><strong>senesco</strong></span> <span class='ocrx_word' id='word_1_143' title='bbox 2535 1554 2793 1613; x_wconf 81' lang='lat' dir='ltr'><strong>senescis</strong></span> <span class='ocrx_word' id='word_1_144' title='bbox 2834 1552 3036 1621; x_wconf 83' lang='lat' dir='ltr'><strong>senui:</strong></span> <span class='ocrx_word' id='word_1_145' title='bbox 3085 1559 3186 1614; x_wconf 88' lang='lat' dir='ltr'><strong>aut</strong></span> 
     </span>
     <span class='ocr_line' id='line_1_14' title="bbox 590 1653 3182 1735; baseline -0.001 -18"><span class='ocrx_word' id='word_1_146' title='bbox 590 1658 665 1727; x_wconf 84' lang='lat' dir='ltr'><strong>vi,</strong></span> <span class='ocrx_word' id='word_1_147' title='bbox 712 1673 891 1735; x_wconf 86' lang='lat' dir='ltr'><strong>pasco</strong></span> <span class='ocrx_word' id='word_1_148' title='bbox 939 1657 1129 1735; x_wconf 86' lang='lat' dir='ltr'><strong>pascis</strong></span> <span class='ocrx_word' id='word_1_149' title='bbox 1170 1657 1319 1735; x_wconf 88' lang='lat' dir='ltr'><strong>pavi.</strong></span> <span class='ocrx_word' id='word_1_150' title='bbox 1402 1655 1477 1715; x_wconf 88' lang='lat' dir='ltr'><strong>do</strong></span> <span class='ocrx_word' id='word_1_151' title='bbox 1520 1657 1748 1733; x_wconf 85' lang='lat' dir='ltr'><strong>primae</strong></span> <span class='ocrx_word' id='word_1_152' title='bbox 1789 1656 1838 1715; x_wconf 88' lang='lat' dir='ltr'><strong>si</strong></span> <span class='ocrx_word' id='word_1_153' title='bbox 1883 1656 2016 1724; x_wconf 88' lang='lat' dir='ltr'><strong>sint,</strong></span> <span class='ocrx_word' id='word_1_154' title='bbox 2060 1660 2161 1715; x_wconf 88' lang='lat' dir='ltr'><strong>aut</strong></span> <span class='ocrx_word' id='word_1_155' title='bbox 2203 1654 2258 1715; x_wconf 87' lang='lat' dir='ltr'><strong>di</strong></span> <span class='ocrx_word' id='word_1_156' title='bbox 2301 1653 2515 1715; x_wconf 76' lang='lat' dir='ltr'><strong>sacient</strong></span> <span class='ocrx_word' id='word_1_157' title='bbox 2539 1654 2614 1715; x_wconf 86' lang='lat' dir='ltr'><strong>&#39;in</strong></span> <span class='ocrx_word' id='word_1_158' title='bbox 2659 1656 2854 1732; x_wconf 90' lang='lat' dir='ltr'><strong>specie</strong></span> <span class='ocrx_word' id='word_1_159' title='bbox 2895 1654 3182 1734; x_wconf 75' lang='lat' dir='ltr'><strong>perfecta,</strong></span> 
     </span>
     <span class='ocr_line' id='line_1_15' title="bbox 590 1754 3182 1834; baseline -0.001 -15"><span class='ocrx_word' id='word_1_160' title='bbox 590 1764 660 1819; x_wconf 86' lang='lat' dir='ltr'><strong>ut</strong></span> <span class='ocrx_word' id='word_1_161' title='bbox 704 1755 781 1818; x_wconf 90' lang='lat' dir='ltr'><strong>do</strong></span> <span class='ocrx_word' id='word_1_162' title='bbox 826 1757 931 1819; x_wconf 86' lang='lat' dir='ltr'><strong>das</strong></span> <span class='ocrx_word' id='word_1_163' title='bbox 968 1758 1131 1827; x_wconf 91' lang='lat' dir='ltr'><strong>dedi,</strong></span> <span class='ocrx_word' id='word_1_164' title='bbox 1188 1764 1289 1819; x_wconf 88' lang='lat' dir='ltr'><strong>aut</strong></span> <span class='ocrx_word' id='word_1_165' title='bbox 1332 1755 1491 1827; x_wconf 90' lang='lat' dir='ltr'><strong>davi,</strong></span> <span class='ocrx_word' id='word_1_166' title='bbox 1544 1763 1610 1819; x_wconf 83' lang='lat' dir='ltr'><strong>ut</strong></span> <span class='ocrx_word' id='word_1_167' title='bbox 1652 1756 1832 1817; x_wconf 88' lang='lat' dir='ltr'><strong>laudo</strong></span> <span class='ocrx_word' id='word_1_168' title='bbox 1889 1754 2090 1816; x_wconf 84' lang='lat' dir='ltr'><strong>laudas</strong></span> <span class='ocrx_word' id='word_1_169' title='bbox 2145 1754 2392 1817; x_wconf 87' lang='lat' dir='ltr'><strong>laudavi.</strong></span> <span class='ocrx_word' id='word_1_170' title='bbox 2481 1757 2654 1817; x_wconf 87' lang='lat' dir='ltr'><strong>tertia</strong></span> <span class='ocrx_word' id='word_1_171' title='bbox 2710 1772 2850 1815; x_wconf 87' lang='lat' dir='ltr'><strong>vero</strong></span> <span class='ocrx_word' id='word_1_172' title='bbox 2907 1762 3182 1834; x_wconf 88' lang='lat' dir='ltr'><strong>correpta</strong></span> 
     </span>
     <span class='ocr_line' id='line_1_16' title="bbox 593 1856 3185 1937; baseline -0.001 -17"><span class='ocrx_word' id='word_1_173' title='bbox 593 1866 693 1933; x_wconf 74' lang='lat' dir='ltr'><strong>aut</strong></span> <span class='ocrx_word' id='word_1_174' title='bbox 734 1858 855 1920; x_wconf 87' lang='lat' dir='ltr'><strong>didi</strong></span> <span class='ocrx_word' id='word_1_175' title='bbox 898 1860 1051 1930; x_wconf 81' lang='lat' dir='ltr'><strong>facit,</strong></span> <span class='ocrx_word' id='word_1_176' title='bbox 1094 1858 1245 1919; x_wconf 82' lang='lat' dir='ltr'><strong>addo</strong></span> <span class='ocrx_word' id='word_1_177' title='bbox 1278 1857 1443 1919; x_wconf 87' lang='lat' dir='ltr'><strong>addis</strong></span> <span class='ocrx_word' id='word_1_178' title='bbox 1474 1858 1688 1927; x_wconf 88' lang='lat' dir='ltr'><strong>addidi,</strong></span> <span class='ocrx_word' id='word_1_179' title='bbox 1735 1857 1915 1937; x_wconf 73' lang='lat' dir='ltr'><strong>credo</strong></span> <span class='ocrx_word' id='word_1_180' title='bbox 1955 1857 2146 1919; x_wconf 89' lang='lat' dir='ltr'><strong>credis</strong></span> <span class='ocrx_word' id='word_1_181' title='bbox 2187 1856 2443 1924; x_wconf 81' lang='lat' dir='ltr'><strong>credidi:</strong></span> <span class='ocrx_word' id='word_1_182' title='bbox 2485 1865 2587 1917; x_wconf 89' lang='lat' dir='ltr'><strong>aut</strong></span> <span class='ocrx_word' id='word_1_183' title='bbox 2623 1858 2690 1927; x_wconf 90' lang='lat' dir='ltr'><strong>si,</strong></span> <span class='ocrx_word' id='word_1_184' title='bbox 2735 1863 2800 1917; x_wconf 92' lang='lat' dir='ltr'><strong>ut</strong></span> <span class='ocrx_word' id='word_1_185' title='bbox 2841 1857 2990 1918; x_wconf 86' lang='lat' dir='ltr'><strong>cedo</strong></span> <span class='ocrx_word' id='word_1_186' title='bbox 3023 1858 3185 1918; x_wconf 88' lang='lat' dir='ltr'><strong>cedis</strong></span> 
     </span>
     <span class='ocr_line' id='line_1_17' title="bbox 518 1958 3184 2039; baseline -0 -18"><span class='ocrx_word' id='word_1_187' title='bbox 518 1978 567 2021; x_wconf 72' lang='grc' dir='ltr'><strong>ιι</strong></span> <span class='ocrx_word' id='word_1_188' title='bbox 594 1962 773 2031; x_wconf 87' lang='lat' dir='ltr'><strong>cessi;</strong></span> <span class='ocrx_word' id='word_1_189' title='bbox 836 1967 939 2022; x_wconf 84' lang='lat' dir='ltr'><strong>aut</strong></span> <span class='ocrx_word' id='word_1_190' title='bbox 978 1960 1121 2032; x_wconf 88' lang='lat' dir='ltr'><strong>cidi,</strong></span> <span class='ocrx_word' id='word_1_191' title='bbox 1178 1967 1244 2021; x_wconf 91' lang='lat' dir='ltr'><strong>ut</strong></span> <span class='ocrx_word' id='word_1_192' title='bbox 1290 1961 1437 2021; x_wconf 87' lang='lat' dir='ltr'><strong>cado</strong></span> <span class='ocrx_word' id='word_1_193' title='bbox 1480 1959 1641 2020; x_wconf 89' lang='lat' dir='ltr'><strong>cadis</strong></span> <span class='ocrx_word' id='word_1_194' title='bbox 1680 1959 1900 2021; x_wconf 89' lang='lat' dir='ltr'><strong>cecidi:</strong></span> <span class='ocrx_word' id='word_1_195' title='bbox 1975 1976 2109 2017; x_wconf 90' lang='lat' dir='ltr'><strong>nam</strong></span> <span class='ocrx_word' id='word_1_196' title='bbox 2157 1958 2334 2029; x_wconf 88' lang='lat' dir='ltr'><strong>cedo,</strong></span> <span class='ocrx_word' id='word_1_197' title='bbox 2381 1958 2540 2039; x_wconf 87' lang='lat' dir='ltr'><strong>quod</strong></span> <span class='ocrx_word' id='word_1_198' title='bbox 2577 1958 2866 2036; x_wconf 79' lang='lat' dir='ltr'><strong>significat</strong></span> <span class='ocrx_word' id='word_1_199' title='bbox 2907 1958 3013 2029; x_wconf 87' lang='lat' dir='ltr'><strong>da,</strong></span> <span class='ocrx_word' id='word_1_200' title='bbox 3057 1961 3184 2020; x_wconf 89' lang='lat' dir='ltr'><strong>sine</strong></span> 
     </span>
     <span class='ocr_line' id='line_1_18' title="bbox 593 2054 3183 2139; baseline -0.001 -16"><span class='ocrx_word' id='word_1_201' title='bbox 593 2062 759 2123; x_wconf 77' lang='lat' dir='ltr'><strong>verbi</strong></span> <span class='ocrx_word' id='word_1_202' title='bbox 812 2062 991 2124; x_wconf 77' lang='lat' dir='ltr'><strong>totius</strong></span> <span class='ocrx_word' id='word_1_203' title='bbox 1037 2062 1360 2123; x_wconf 87' lang='lat' dir='ltr'><strong>substantia</strong></span> <span class='ocrx_word' id='word_1_204' title='bbox 1420 2060 1611 2121; x_wconf 88' lang='lat' dir='ltr'><strong>solum</strong></span> <span class='ocrx_word' id='word_1_205' title='bbox 1664 2061 1963 2139; x_wconf 87' lang='lat' dir='ltr'><strong>reperitur</strong></span> <span class='ocrx_word' id='word_1_206' title='bbox 2013 2078 2262 2121; x_wconf 88' lang='lat' dir='ltr'><strong>numero</strong></span> <span class='ocrx_word' id='word_1_207' title='bbox 2317 2059 2629 2138; x_wconf 77' lang='lat' dir='ltr'><strong>singulari,</strong></span> <span class='ocrx_word' id='word_1_208' title='bbox 2693 2059 2872 2130; x_wconf 90' lang='lat' dir='ltr'><strong>cedo,</strong></span> <span class='ocrx_word' id='word_1_209' title='bbox 2931 2054 3183 2121; x_wconf 84' lang='lat' dir='ltr'><strong>numero</strong></span> 
     </span>
     <span class='ocr_line' id='line_1_19' title="bbox 589 2160 3184 2244; baseline -0.002 -18"><span class='ocrx_word' id='word_1_210' title='bbox 589 2162 806 2244; x_wconf 83' lang='lat' dir='ltr'><strong>plurali</strong></span> <span class='ocrx_word' id='word_1_211' title='bbox 849 2170 1030 2233; x_wconf 86' lang='lat' dir='ltr'><strong>cettc;</strong></span> <span class='ocrx_word' id='word_1_212' title='bbox 1088 2165 1175 2225; x_wconf 89' lang='lat' dir='ltr'><strong>sic</strong></span> <span class='ocrx_word' id='word_1_213' title='bbox 1218 2162 1460 2225; x_wconf 85' lang='lat' dir='ltr'><strong>Plautus</strong></span> <span class='ocrx_word' id='word_1_214' title='bbox 1503 2169 1562 2224; x_wconf 89' lang='lat' dir='ltr'><strong>ct</strong></span> <span class='ocrx_word' id='word_1_215' title='bbox 1604 2162 1830 2241; x_wconf 83' lang='lat' dir='ltr'><strong>antiqui</strong></span> <span class='ocrx_word' id='word_1_216' title='bbox 1873 2161 2420 2241; x_wconf 87' lang='lat' dir='ltr'><strong>comoediographi,</strong></span> <span class='ocrx_word' id='word_1_217' title='bbox 2469 2163 2619 2223; x_wconf 86' lang='lat' dir='ltr'><strong>sicut</strong></span> <span class='ocrx_word' id='word_1_218' title='bbox 2662 2168 2722 2222; x_wconf 90' lang='lat' dir='ltr'><strong>et</strong></span> <span class='ocrx_word' id='word_1_219' title='bbox 2761 2164 2924 2223; x_wconf 82' lang='lat' dir='ltr'><strong>salve</strong></span> <span class='ocrx_word' id='word_1_220' title='bbox 2964 2160 3184 2223; x_wconf 87' lang='lat' dir='ltr'><strong>salvete</strong></span> 
     </span>
     <span class='ocr_line' id='line_1_20' title="bbox 589 2262 3186 2344; baseline -0.002 -17"><span class='ocrx_word' id='word_1_221' title='bbox 589 2264 833 2327; x_wconf 86' lang='lat' dir='ltr'><strong>salvere.</strong></span> <span class='ocrx_word' id='word_1_222' title='bbox 892 2284 1029 2326; x_wconf 86' lang='lat' dir='ltr'><strong>nam</strong></span> <span class='ocrx_word' id='word_1_223' title='bbox 1075 2264 1230 2344; x_wconf 88' lang='lat' dir='ltr'><strong>quod</strong></span> <span class='ocrx_word' id='word_1_224' title='bbox 1277 2265 1518 2326; x_wconf 90' lang='lat' dir='ltr'><strong>Plautus</strong></span> <span class='ocrx_word' id='word_1_225' title='bbox 1552 2266 1612 2325; x_wconf 91' lang='lat' dir='ltr'><strong>in</strong></span> <span class='ocrx_word' id='word_1_226' title='bbox 1640 2262 2001 2325; x_wconf 88' lang='lat' dir='ltr'><strong>Truculento</strong></span> <span class='ocrx_word' id='word_1_227' title='bbox 2051 2267 2230 2323; x_wconf 75' lang='lat' dir='ltr'><strong>‘non</strong></span> <span class='ocrx_word' id='word_1_228' title='bbox 2276 2263 2584 2333; x_wconf 86' lang='lat' dir='ltr'><strong>salveo’,</strong></span> <span class='ocrx_word' id='word_1_229' title='bbox 2631 2262 2956 2323; x_wconf 84' lang='lat' dir='ltr'><strong>inridenter</strong></span> <span class='ocrx_word' id='word_1_230' title='bbox 2985 2264 3186 2342; x_wconf 88' lang='lat' dir='ltr'><strong>posuit</strong></span> 
     </span>
     <span class='ocr_line' id='line_1_21' title="bbox 590 2364 3186 2447; baseline -0.002 -18"><span class='ocrx_word' id='word_1_231' title='bbox 590 2386 701 2447; x_wconf 86' lang='lat' dir='ltr'><strong>pro</strong></span> <span class='ocrx_word' id='word_1_232' title='bbox 747 2386 1002 2447; x_wconf 88' lang='lat' dir='ltr'><strong>persona</strong></span> <span class='ocrx_word' id='word_1_233' title='bbox 1050 2367 1272 2428; x_wconf 84' lang='lat' dir='ltr'><strong>rustici.</strong></span> <span class='ocrx_word' id='word_1_234' title='bbox 1360 2366 1421 2426; x_wconf 83' lang='lat' dir='ltr'><strong>fo</strong></span> <span class='ocrx_word' id='word_1_235' title='bbox 1466 2384 1581 2427; x_wconf 88' lang='lat' dir='ltr'><strong>non</strong></span> <span class='ocrx_word' id='word_1_236' title='bbox 1629 2366 1841 2426; x_wconf 88' lang='lat' dir='ltr'><strong>inveni.</strong></span> <span class='ocrx_word' id='word_1_237' title='bbox 1931 2382 2006 2441; x_wconf 88' lang='lat' dir='ltr'><strong>go</strong></span> <span class='ocrx_word' id='word_1_238' title='bbox 2051 2366 2280 2442; x_wconf 89' lang='lat' dir='ltr'><strong>primae</strong></span> <span class='ocrx_word' id='word_1_239' title='bbox 2323 2366 2450 2442; x_wconf 85' lang='lat' dir='ltr'><strong>gavi</strong></span> <span class='ocrx_word' id='word_1_240' title='bbox 2496 2364 2652 2433; x_wconf 77' lang='lat' dir='ltr'><strong>facit,</strong></span> <span class='ocrx_word' id='word_1_241' title='bbox 2701 2370 2766 2425; x_wconf 94' lang='lat' dir='ltr'><strong>ut</strong></span> <span class='ocrx_word' id='word_1_242' title='bbox 2805 2380 2954 2441; x_wconf 84' lang='lat' dir='ltr'><strong>rogo</strong></span> <span class='ocrx_word' id='word_1_243' title='bbox 3005 2382 3186 2443; x_wconf 87' lang='lat' dir='ltr'><strong>rogas</strong></span> 
     </span>
     <span class='ocr_line' id='line_1_22' title="bbox 514 2465 3184 2547; baseline -0 -20"><span class='ocrx_word' id='word_1_244' title='bbox 514 2486 565 2527; x_wconf 72' lang='grc' dir='ltr'><strong><em>ω</em></strong></span> <span class='ocrx_word' id='word_1_245' title='bbox 592 2470 809 2547; x_wconf 86' lang='lat' dir='ltr'><strong>rogavi.</strong></span> <span class='ocrx_word' id='word_1_246' title='bbox 899 2470 1107 2529; x_wconf 85' lang='lat' dir='ltr'><strong>tertiae</strong></span> <span class='ocrx_word' id='word_1_247' title='bbox 1153 2484 1293 2529; x_wconf 91' lang='lat' dir='ltr'><strong>vero</strong></span> <span class='ocrx_word' id='word_1_248' title='bbox 1332 2474 1641 2545; x_wconf 88' lang='lat' dir='ltr'><strong>correptae</strong></span> <span class='ocrx_word' id='word_1_249' title='bbox 1697 2474 1798 2527; x_wconf 90' lang='lat' dir='ltr'><strong>aut</strong></span> <span class='ocrx_word' id='word_1_250' title='bbox 1833 2467 1892 2526; x_wconf 82' lang='lat' dir='ltr'><strong>xi</strong></span> <span class='ocrx_word' id='word_1_251' title='bbox 1935 2465 2160 2535; x_wconf 85' lang='lat' dir='ltr'><strong>reddit,</strong></span> <span class='ocrx_word' id='word_1_252' title='bbox 2222 2473 2286 2526; x_wconf 89' lang='lat' dir='ltr'><strong>ut</strong></span> <span class='ocrx_word' id='word_1_253' title='bbox 2329 2468 2508 2545; x_wconf 86' lang='lat' dir='ltr'><strong>pingo</strong></span> <span class='ocrx_word' id='word_1_254' title='bbox 2551 2466 2744 2545; x_wconf 87' lang='lat' dir='ltr'><strong>pingis</strong></span> <span class='ocrx_word' id='word_1_255' title='bbox 2784 2467 2977 2544; x_wconf 86' lang='lat' dir='ltr'><strong>pinxi,</strong></span> <span class='ocrx_word' id='word_1_256' title='bbox 3035 2484 3184 2545; x_wconf 86' lang='lat' dir='ltr'><strong>sugo</strong></span> 
     </span>
     <span class='ocr_line' id='line_1_23' title="bbox 591 2558 3182 2647; baseline -0.002 -16"><span class='ocrx_word' id='word_1_257' title='bbox 591 2572 756 2647; x_wconf 84' lang='lat' dir='ltr'><strong>sugis</strong></span> <span class='ocrx_word' id='word_1_258' title='bbox 800 2570 961 2637; x_wconf 81' lang='lat' dir='ltr'><strong>suxi:</strong></span> <span class='ocrx_word' id='word_1_259' title='bbox 1030 2576 1129 2629; x_wconf 90' lang='lat' dir='ltr'><strong>aut</strong></span> <span class='ocrx_word' id='word_1_260' title='bbox 1168 2570 1245 2639; x_wconf 84' lang='lat' dir='ltr'><strong>si,</strong></span> <span class='ocrx_word' id='word_1_261' title='bbox 1303 2576 1367 2629; x_wconf 87' lang='lat' dir='ltr'><strong>ut</strong></span> <span class='ocrx_word' id='word_1_262' title='bbox 1412 2575 1577 2646; x_wconf 86' lang='lat' dir='ltr'><strong>tergo</strong></span> <span class='ocrx_word' id='word_1_263' title='bbox 1629 2568 1812 2646; x_wconf 86' lang='lat' dir='ltr'><strong>tergis</strong></span> <span class='ocrx_word' id='word_1_264' title='bbox 1855 2568 2028 2635; x_wconf 88' lang='lat' dir='ltr'><strong>tersi;</strong></span> <span class='ocrx_word' id='word_1_265' title='bbox 2091 2566 2308 2628; x_wconf 90' lang='lat' dir='ltr'><strong>lectum</strong></span> <span class='ocrx_word' id='word_1_266' title='bbox 2367 2574 2456 2627; x_wconf 89' lang='lat' dir='ltr'><strong>est</strong></span> <span class='ocrx_word' id='word_1_267' title='bbox 2509 2574 2568 2627; x_wconf 90' lang='lat' dir='ltr'><strong>et</strong></span> <span class='ocrx_word' id='word_1_268' title='bbox 2602 2558 2856 2647; x_wconf 83' lang='lat' dir='ltr'><strong>&#39;tergeo‚</strong></span> <span class='ocrx_word' id='word_1_269' title='bbox 2915 2566 3074 2628; x_wconf 83' lang='lat' dir='ltr'><strong>unde</strong></span> <span class='ocrx_word' id='word_1_270' title='bbox 3121 2570 3182 2627; x_wconf 86' lang='lat' dir='ltr'><strong>in</strong></span> 
     </span>
     <span class='ocr_line' id='line_1_24' title="bbox 592 2668 3184 2749; baseline -0 -19"><span class='ocrx_word' id='word_1_271' title='bbox 592 2670 849 2749; x_wconf 86' lang='lat' dir='ltr'><strong>Vergilio</strong></span> <span class='ocrx_word' id='word_1_272' title='bbox 914 2677 1227 2748; x_wconf 87' lang='lat' dir='ltr'><strong>utramque</strong></span> <span class='ocrx_word' id='word_1_273' title='bbox 1292 2668 1740 2729; x_wconf 86' lang='lat' dir='ltr'><strong>declinationem</strong></span> <span class='ocrx_word' id='word_1_274' title='bbox 1815 2668 2219 2729; x_wconf 78' lang='lat' dir='ltr'><strong>indifferenter</strong></span> <span class='ocrx_word' id='word_1_275' title='bbox 2285 2668 2645 2738; x_wconf 78' lang='lat' dir='ltr'><strong>invenimuS,</strong></span> <span class='ocrx_word' id='word_1_276' title='bbox 2715 2674 2823 2731; x_wconf 74' lang='lat' dir='ltr'><strong>‘et</strong></span> <span class='ocrx_word' id='word_1_277' title='bbox 2873 2668 3184 2747; x_wconf 88' lang='lat' dir='ltr'><strong>-spicula</strong></span> 
     </span>
     <span class='ocr_line' id='line_1_25' title="bbox 590 2771 3184 2849; baseline -0 -18"><span class='ocrx_word' id='word_1_278' title='bbox 590 2771 841 2833; x_wconf 88' lang='lat' dir='ltr'><strong>lucida</strong></span> <span class='ocrx_word' id='word_1_279' title='bbox 898 2774 1240 2849; x_wconf 86' lang='lat' dir='ltr'><strong>tergunt’</strong></span> <span class='ocrx_word' id='word_1_280' title='bbox 1294 2790 1325 2832; x_wconf 90' lang='lat' dir='ltr'><strong>a</strong></span> <span class='ocrx_word' id='word_1_281' title='bbox 1372 2778 1541 2847; x_wconf 82' lang='lat' dir='ltr'><strong>tergo</strong></span> <span class='ocrx_word' id='word_1_282' title='bbox 1594 2772 1810 2847; x_wconf 78' lang='lat' dir='ltr'><strong>tergiS,</strong></span> <span class='ocrx_word' id='word_1_283' title='bbox 1869 2780 1925 2831; x_wconf 88' lang='lat' dir='ltr'><strong>et</strong></span> <span class='ocrx_word' id='word_1_284' title='bbox 1981 2777 2216 2848; x_wconf 86' lang='lat' dir='ltr'><strong>tergent</strong></span> <span class='ocrx_word' id='word_1_285' title='bbox 2275 2790 2308 2831; x_wconf 84' lang='lat' dir='ltr'><strong>a</strong></span> <span class='ocrx_word' id='word_1_286' title='bbox 2350 2779 2556 2847; x_wconf 87' lang='lat' dir='ltr'><strong>tergeo</strong></span> <span class='ocrx_word' id='word_1_287' title='bbox 2619 2778 2844 2849; x_wconf 86' lang='lat' dir='ltr'><strong>terges;</strong></span> <span class='ocrx_word' id='word_1_288' title='bbox 2905 2778 2966 2831; x_wconf 86' lang='lat' dir='ltr'><strong>et</strong></span> <span class='ocrx_word' id='word_1_289' title='bbox 3005 2786 3184 2849; x_wconf 84' lang='lat' dir='ltr'><strong>vergo</strong></span> 
     </span>
     <span class='ocr_line' id='line_1_26' title="bbox 590 2855 3186 2951; baseline -0.001 -17"><span class='ocrx_word' id='word_1_290' title='bbox 590 2875 745 2934; x_wconf 83' lang='lat' dir='ltr'><strong>versi</strong></span> <span class='ocrx_word' id='word_1_291' title='bbox 799 2873 964 2934; x_wconf 78' lang='lat' dir='ltr'><strong>facit:</strong></span> <span class='ocrx_word' id='word_1_292' title='bbox 1032 2880 1133 2933; x_wconf 90' lang='lat' dir='ltr'><strong>aut</strong></span> <span class='ocrx_word' id='word_1_293' title='bbox 1178 2874 1269 2951; x_wconf 88' lang='lat' dir='ltr'><strong>gi,</strong></span> <span class='ocrx_word' id='word_1_294' title='bbox 1328 2855 1394 2933; x_wconf 77' lang='lat' dir='ltr'><strong>ut</strong></span> <span class='ocrx_word' id='word_1_295' title='bbox 1447 2881 1625 2949; x_wconf 78' lang='lat' dir='ltr'><strong>tango</strong></span> <span class='ocrx_word' id='word_1_296' title='bbox 1677 2873 1872 2949; x_wconf 87' lang='lat' dir='ltr'><strong>tetigi;</strong></span> <span class='ocrx_word' id='word_1_297' title='bbox 1941 2876 1998 2931; x_wconf 90' lang='lat' dir='ltr'><strong>et</strong></span> <span class='ocrx_word' id='word_1_298' title='bbox 2047 2872 2106 2930; x_wconf 86' lang='lat' dir='ltr'><strong>in</strong></span> <span class='ocrx_word' id='word_1_299' title='bbox 2153 2873 2440 2951; x_wconf 83' lang='lat' dir='ltr'><strong>principio</strong></span> <span class='ocrx_word' id='word_1_300' title='bbox 2479 2870 2760 2951; x_wconf 80' lang='lat' dir='ltr'><strong>syllabam</strong></span> <span class='ocrx_word' id='word_1_301' title='bbox 2819 2872 3062 2942; x_wconf 88' lang='lat' dir='ltr'><strong>adiecit,</strong></span> <span class='ocrx_word' id='word_1_302' title='bbox 3121 2878 3186 2933; x_wconf 92' lang='lat' dir='ltr'><strong>ut</strong></span> 
     </span>
     <span class='ocr_line' id='line_1_27' title="bbox 512 2973 3186 3055; baseline 0.001 -23"><span class='ocrx_word' id='word_1_303' title='bbox 512 2990 564 3032; x_wconf 64' lang='grc' dir='ltr'><strong><em>π</em></strong></span> <span class='ocrx_word' id='word_1_304' title='bbox 592 2991 795 3054; x_wconf 90' lang='lat' dir='ltr'><strong>pungo</strong></span> <span class='ocrx_word' id='word_1_305' title='bbox 838 2976 1091 3054; x_wconf 88' lang='lat' dir='ltr'><strong>pupugi,</strong></span> <span class='ocrx_word' id='word_1_306' title='bbox 1149 2992 1342 3053; x_wconf 83' lang='lat' dir='ltr'><strong>pango</strong></span> <span class='ocrx_word' id='word_1_307' title='bbox 1385 2975 1605 3055; x_wconf 83' lang='lat' dir='ltr'><strong>pepigi.</strong></span> <span class='ocrx_word' id='word_1_308' title='bbox 1695 2973 1934 3051; x_wconf 90' lang='lat' dir='ltr'><strong>quidam</strong></span> <span class='ocrx_word' id='word_1_309' title='bbox 1983 2974 2180 3052; x_wconf 87' lang='lat' dir='ltr'><strong>pepigi</strong></span> <span class='ocrx_word' id='word_1_310' title='bbox 2238 2974 2592 3035; x_wconf 81' lang='lat' dir='ltr'><strong>defectivum</strong></span> <span class='ocrx_word' id='word_1_311' title='bbox 2651 2982 2920 3053; x_wconf 90' lang='lat' dir='ltr'><strong>tempore</strong></span> <span class='ocrx_word' id='word_1_312' title='bbox 2975 2980 3186 3052; x_wconf 87' lang='lat' dir='ltr'><strong>putant</strong></span> 
     </span>
     <span class='ocr_line' id='line_1_28' title="bbox 590 3059 3183 3154; baseline -0.001 -17"><span class='ocrx_word' id='word_1_313' title='bbox 590 3094 751 3145; x_wconf 86' lang='lat' dir='ltr'><strong>esse,</strong></span> <span class='ocrx_word' id='word_1_314' title='bbox 816 3059 881 3137; x_wconf 76' lang='lat' dir='ltr'><strong>nt</strong></span> <span class='ocrx_word' id='word_1_315' title='bbox 935 3076 1034 3137; x_wconf 89' lang='lat' dir='ltr'><strong>odi</strong></span> <span class='ocrx_word' id='word_1_316' title='bbox 1086 3078 1219 3137; x_wconf 86' lang='lat' dir='ltr'><strong>novi</strong></span> <span class='ocrx_word' id='word_1_317' title='bbox 1262 3078 1538 3144; x_wconf 87' lang='lat' dir='ltr'><strong>memini;</strong></span> <span class='ocrx_word' id='word_1_318' title='bbox 1610 3074 1705 3136; x_wconf 89' lang='lat' dir='ltr'><strong>alii</strong></span> <span class='ocrx_word' id='word_1_319' title='bbox 1761 3077 2117 3154; x_wconf 87' lang='lat' dir='ltr'><strong>praesentis,</strong></span> <span class='ocrx_word' id='word_1_320' title='bbox 2179 3074 2274 3136; x_wconf 89' lang='lat' dir='ltr'><strong>alii</strong></span> <span class='ocrx_word' id='word_1_321' title='bbox 2325 3076 2629 3153; x_wconf 86' lang='lat' dir='ltr'><strong>praeteriti</strong></span> <span class='ocrx_word' id='word_1_322' title='bbox 2685 3076 3013 3136; x_wconf 87' lang='lat' dir='ltr'><strong>aestimant.</strong></span> <span class='ocrx_word' id='word_1_323' title='bbox 3103 3075 3183 3135; x_wconf 87' lang='lat' dir='ltr'><strong>ho</strong></span> 
     </span>
     <span class='ocr_line' id='line_1_29' title="bbox 590 3176 3183 3257; baseline -0.001 -19"><span class='ocrx_word' id='word_1_324' title='bbox 590 3179 821 3257; x_wconf 88' lang='lat' dir='ltr'><strong>primae</strong></span> <span class='ocrx_word' id='word_1_325' title='bbox 864 3185 980 3248; x_wconf 88' lang='lat' dir='ltr'><strong>est,</strong></span> <span class='ocrx_word' id='word_1_326' title='bbox 1030 3179 1158 3239; x_wconf 87' lang='lat' dir='ltr'><strong>havi</strong></span> <span class='ocrx_word' id='word_1_327' title='bbox 1201 3178 1355 3247; x_wconf 80' lang='lat' dir='ltr'><strong>facit,</strong></span> <span class='ocrx_word' id='word_1_328' title='bbox 1400 3185 1469 3239; x_wconf 87' lang='lat' dir='ltr'><strong>ut</strong></span> <span class='ocrx_word' id='word_1_329' title='bbox 1509 3177 1724 3241; x_wconf 92' lang='lat' dir='ltr'><strong>incoho</strong></span> <span class='ocrx_word' id='word_1_330' title='bbox 1768 3176 2014 3238; x_wconf 76' lang='lat' dir='ltr'><strong>incohes</strong></span> <span class='ocrx_word' id='word_1_331' title='bbox 2057 3176 2344 3237; x_wconf 86' lang='lat' dir='ltr'><strong>incohavi.</strong></span> <span class='ocrx_word' id='word_1_332' title='bbox 2437 3176 2674 3255; x_wconf 88' lang='lat' dir='ltr'><strong>quidam</strong></span> <span class='ocrx_word' id='word_1_333' title='bbox 2710 3184 2924 3256; x_wconf 86' lang='lat' dir='ltr'><strong>putant</strong></span> <span class='ocrx_word' id='word_1_334' title='bbox 2965 3176 3183 3237; x_wconf 87' lang='lat' dir='ltr'><strong>inchoo</strong></span> 
     </span>
     <span class='ocr_line' id='line_1_30' title="bbox 594 3276 3184 3359; baseline -0 -20"><span class='ocrx_word' id='word_1_335' title='bbox 594 3276 819 3341; x_wconf 87' lang='lat' dir='ltr'><strong>debere</strong></span> <span class='ocrx_word' id='word_1_336' title='bbox 862 3280 977 3341; x_wconf 90' lang='lat' dir='ltr'><strong>dici</strong></span> <span class='ocrx_word' id='word_1_337' title='bbox 1016 3280 1453 3359; x_wconf 84' lang='lat' dir='ltr'><strong>inperitissime.</strong></span> <span class='ocrx_word' id='word_1_338' title='bbox 1514 3296 1650 3341; x_wconf 88' lang='lat' dir='ltr'><strong>nam</strong></span> <span class='ocrx_word' id='word_1_339' title='bbox 1696 3298 1890 3357; x_wconf 88' lang='lat' dir='ltr'><strong>neque</strong></span> <span class='ocrx_word' id='word_1_340' title='bbox 1933 3284 2066 3356; x_wconf 88' lang='lat' dir='ltr'><strong>post</strong></span> <span class='ocrx_word' id='word_1_341' title='bbox 2109 3296 2140 3337; x_wconf 91' lang='lat' dir='ltr'><strong>c</strong></span> <span class='ocrx_word' id='word_1_342' title='bbox 2179 3277 2434 3339; x_wconf 86' lang='lat' dir='ltr'><strong>litteram</strong></span> <span class='ocrx_word' id='word_1_343' title='bbox 2468 3278 2507 3339; x_wconf 93' lang='lat' dir='ltr'><strong>h</strong></span> <span class='ocrx_word' id='word_1_344' title='bbox 2547 3278 2748 3340; x_wconf 87' lang='lat' dir='ltr'><strong>Latina</strong></span> <span class='ocrx_word' id='word_1_345' title='bbox 2793 3277 2970 3339; x_wconf 86' lang='lat' dir='ltr'><strong>verba</strong></span> <span class='ocrx_word' id='word_1_346' title='bbox 3011 3280 3184 3357; x_wconf 85' lang='lat' dir='ltr'><strong>regit,</strong></span> 
     </span>
     <span class='ocr_line' id='line_1_31' title="bbox 590 3377 3186 3461; baseline -0.001 -18"><span class='ocrx_word' id='word_1_347' title='bbox 590 3382 850 3461; x_wconf 85' lang='lat' dir='ltr'><strong>exceptis</strong></span> <span class='ocrx_word' id='word_1_348' title='bbox 893 3380 1231 3443; x_wconf 86' lang='lat' dir='ltr'><strong>nominibus</strong></span> <span class='ocrx_word' id='word_1_349' title='bbox 1267 3380 1478 3449; x_wconf 89' lang='lat' dir='ltr'><strong>tribus,</strong></span> <span class='ocrx_word' id='word_1_350' title='bbox 1528 3399 1677 3459; x_wconf 90' lang='lat' dir='ltr'><strong>quae</strong></span> <span class='ocrx_word' id='word_1_351' title='bbox 1708 3398 1887 3459; x_wconf 88' lang='lat' dir='ltr'><strong>supra</strong></span> <span class='ocrx_word' id='word_1_352' title='bbox 1917 3381 2106 3458; x_wconf 90' lang='lat' dir='ltr'><strong>posui,</strong></span> <span class='ocrx_word' id='word_1_353' title='bbox 2156 3377 2402 3457; x_wconf 88' lang='lat' dir='ltr'><strong>pulcher</strong></span> <span class='ocrx_word' id='word_1_354' title='bbox 2425 3379 2659 3441; x_wconf 84' lang='lat' dir='ltr'><strong>Orchus</strong></span> <span class='ocrx_word' id='word_1_355' title='bbox 2702 3378 2944 3449; x_wconf 88' lang='lat' dir='ltr'><strong>lurcho;</strong></span> <span class='ocrx_word' id='word_1_356' title='bbox 2988 3398 3186 3458; x_wconf 90' lang='lat' dir='ltr'><strong>neque</strong></span> 
     </span>
     <span class='ocr_line' id='line_1_32' title="bbox 511 3480 3184 3561; baseline 0.001 -20"><span class='ocrx_word' id='word_1_357' title='bbox 511 3498 563 3540; x_wconf 75' lang='lat' dir='ltr'><strong>ao</strong></span> <span class='ocrx_word' id='word_1_358' title='bbox 592 3500 629 3542; x_wconf 91' lang='lat' dir='ltr'><strong>o</strong></span> <span class='ocrx_word' id='word_1_359' title='bbox 670 3480 863 3543; x_wconf 82' lang='lat' dir='ltr'><strong>littera</strong></span> <span class='ocrx_word' id='word_1_360' title='bbox 909 3488 1045 3543; x_wconf 89' lang='lat' dir='ltr'><strong>ante</strong></span> <span class='ocrx_word' id='word_1_361' title='bbox 1088 3500 1125 3541; x_wconf 93' lang='lat' dir='ltr'><strong>o</strong></span> <span class='ocrx_word' id='word_1_362' title='bbox 1169 3481 1415 3543; x_wconf 89' lang='lat' dir='ltr'><strong>alteram</strong></span> <span class='ocrx_word' id='word_1_363' title='bbox 1462 3482 1524 3549; x_wconf 86' lang='lat' dir='ltr'><strong>in</strong></span> <span class='ocrx_word' id='word_1_364' title='bbox 1568 3481 1910 3542; x_wconf 89' lang='lat' dir='ltr'><strong>Latinorum</strong></span> <span class='ocrx_word' id='word_1_365' title='bbox 1951 3480 2274 3543; x_wconf 87' lang='lat' dir='ltr'><strong>verborum</strong></span> <span class='ocrx_word' id='word_1_366' title='bbox 2324 3483 2513 3561; x_wconf 86' lang='lat' dir='ltr'><strong>prima</strong></span> <span class='ocrx_word' id='word_1_367' title='bbox 2557 3500 2808 3560; x_wconf 89' lang='lat' dir='ltr'><strong>persona</strong></span> <span class='ocrx_word' id='word_1_368' title='bbox 2849 3482 3184 3561; x_wconf 76' lang='lat' dir='ltr'><strong>reperitur:</strong></span> 
     </span>
     <span class='ocr_line' id='line_1_33' title="bbox 586 3580 3186 3664; baseline 0 -21"><span class='ocrx_word' id='word_1_369' title='bbox 586 3584 689 3644; x_wconf 87' lang='lat' dir='ltr'><strong>sed</strong></span> <span class='ocrx_word' id='word_1_370' title='bbox 736 3582 872 3644; x_wconf 87' lang='lat' dir='ltr'><strong>illae</strong></span> <span class='ocrx_word' id='word_1_371' title='bbox 912 3591 1037 3644; x_wconf 87' lang='lat' dir='ltr'><strong>tres</strong></span> <span class='ocrx_word' id='word_1_372' title='bbox 1080 3580 1327 3652; x_wconf 76' lang='lat' dir='ltr'><strong>vocaleS,</strong></span> <span class='ocrx_word' id='word_1_373' title='bbox 1376 3600 1525 3663; x_wconf 87' lang='lat' dir='ltr'><strong>quas</strong></span> <span class='ocrx_word' id='word_1_374' title='bbox 1568 3591 1703 3644; x_wconf 89' lang='lat' dir='ltr'><strong>ante</strong></span> <span class='ocrx_word' id='word_1_375' title='bbox 1747 3582 1939 3652; x_wconf 89' lang='lat' dir='ltr'><strong>docui,</strong></span> <span class='ocrx_word' id='word_1_376' title='bbox 1988 3602 2022 3643; x_wconf 92' lang='lat' dir='ltr'><strong>e</strong></span> <span class='ocrx_word' id='word_1_377' title='bbox 2065 3584 2082 3643; x_wconf 89' lang='lat' dir='ltr'><strong>i</strong></span> <span class='ocrx_word' id='word_1_378' title='bbox 2125 3602 2185 3653; x_wconf 91' lang='lat' dir='ltr'><strong>u,</strong></span> <span class='ocrx_word' id='word_1_379' title='bbox 2236 3580 2429 3664; x_wconf 90' lang='lat' dir='ltr'><strong>[nam]</strong></span> <span class='ocrx_word' id='word_1_380' title='bbox 2477 3602 2588 3644; x_wconf 90' lang='lat' dir='ltr'><strong>nec</strong></span> <span class='ocrx_word' id='word_1_381' title='bbox 2631 3603 2663 3644; x_wconf 91' lang='lat' dir='ltr'><strong>a</strong></span> <span class='ocrx_word' id='word_1_382' title='bbox 2709 3600 2818 3645; x_wconf 90' lang='lat' dir='ltr'><strong>nec</strong></span> <span class='ocrx_word' id='word_1_383' title='bbox 2859 3603 2913 3648; x_wconf 89' lang='lat' dir='ltr'><strong>o.</strong></span> <span class='ocrx_word' id='word_1_384' title='bbox 3003 3585 3186 3661; x_wconf 89' lang='lat' dir='ltr'><strong>igitur</strong></span> 
     </span>
     <span class='ocr_line' id='line_1_34' title="bbox 588 3662 3186 3769; baseline 0.001 -24"><span class='ocrx_word' id='word_1_385' title='bbox 588 3684 747 3764; x_wconf 86' lang='lat' dir='ltr'><strong>quod</strong></span> <span class='ocrx_word' id='word_1_386' title='bbox 790 3682 1032 3746; x_wconf 89' lang='lat' dir='ltr'><strong>Plautus</strong></span> <span class='ocrx_word' id='word_1_387' title='bbox 1074 3685 1271 3763; x_wconf 87' lang='lat' dir='ltr'><strong>posuit</strong></span> <span class='ocrx_word' id='word_1_388' title='bbox 1311 3684 1518 3753; x_wconf 87' lang='lat' dir='ltr'><strong>reboo,</strong></span> <span class='ocrx_word' id='word_1_389' title='bbox 1562 3701 1683 3745; x_wconf 90' lang='lat' dir='ltr'><strong>non</strong></span> <span class='ocrx_word' id='word_1_390' title='bbox 1729 3684 1932 3745; x_wconf 86' lang='lat' dir='ltr'><strong>Latine</strong></span> <span class='ocrx_word' id='word_1_391' title='bbox 1973 3684 2078 3744; x_wconf 87' lang='lat' dir='ltr'><strong>sed</strong></span> <span class='ocrx_word' id='word_1_392' title='bbox 2122 3686 2347 3747; x_wconf 85' lang='lat' dir='ltr'><strong>Graece</strong></span> <span class='ocrx_word' id='word_1_393' title='bbox 2388 3662 2600 3763; x_wconf 78' lang='lat' dir='ltr'><strong>posuit,</strong></span> <span class='ocrx_word' id='word_1_394' title='bbox 2647 3682 2771 3764; x_wconf 80' lang='grc' dir='ltr'><strong>βοῶ</strong></span> <span class='ocrx_word' id='word_1_395' title='bbox 2805 3685 2978 3769; x_wconf 67' lang='grc' dir='ltr'><strong><em>βοᾷς,</em></strong></span> <span class='ocrx_word' id='word_1_396' title='bbox 3023 3685 3186 3747; x_wconf 86' lang='lat' dir='ltr'><strong>unde</strong></span> 
     </span>
     <span class='ocr_line' id='line_1_35' title="bbox 588 3785 3184 3855; baseline 0 -8"><span class='ocrx_word' id='word_1_397' title='bbox 588 3786 972 3848; x_wconf 86' lang='lat' dir='ltr'><strong>derivativum</strong></span> <span class='ocrx_word' id='word_1_398' title='bbox 1021 3786 1209 3847; x_wconf 87' lang='lat' dir='ltr'><strong>reboo</strong></span> <span class='ocrx_word' id='word_1_399' title='bbox 1264 3785 1497 3847; x_wconf 78' lang='lat' dir='ltr'><strong>reboas,</strong></span> <span class='ocrx_word' id='word_1_400' title='bbox 1584 3802 1722 3847; x_wconf 88' lang='lat' dir='ltr'><strong>nam</strong></span> <span class='ocrx_word' id='word_1_401' title='bbox 1765 3786 2036 3847; x_wconf 86' lang='lat' dir='ltr'><strong>Latinum</strong></span> <span class='ocrx_word' id='word_1_402' title='bbox 2092 3785 2334 3846; x_wconf 85' lang='lat' dir='ltr'><strong>verbum</strong></span> <span class='ocrx_word' id='word_1_403' title='bbox 2379 3794 2592 3855; x_wconf 73' lang='lat' dir='ltr'><strong>nante</strong></span> <span class='ocrx_word' id='word_1_404' title='bbox 2637 3804 2672 3845; x_wconf 92' lang='lat' dir='ltr'><strong>o</strong></span> <span class='ocrx_word' id='word_1_405' title='bbox 2717 3785 2956 3847; x_wconf 82' lang='lat' dir='ltr'><strong>hahens</strong></span> <span class='ocrx_word' id='word_1_406' title='bbox 3011 3806 3184 3849; x_wconf 89' lang='lat' dir='ltr'><strong>num·</strong></span> 
     </span>
     <span class='ocr_line' id='line_1_36' title="bbox 588 3886 3184 3968; baseline 0 -21"><span class='ocrx_word' id='word_1_407' title='bbox 588 3904 767 3968; x_wconf 88' lang='lat' dir='ltr'><strong>quam</strong></span> <span class='ocrx_word' id='word_1_408' title='bbox 836 3889 1153 3967; x_wconf 68' lang='lat' dir='ltr'><strong>reperitur.</strong></span> <span class='ocrx_word' id='word_1_409' title='bbox 1243 3888 1451 3949; x_wconf 85' lang='lat' dir='ltr'><strong>tertiae</strong></span> <span class='ocrx_word' id='word_1_410' title='bbox 1488 3904 1627 3949; x_wconf 87' lang='lat' dir='ltr'><strong>vero</strong></span> <span class='ocrx_word' id='word_1_411' title='bbox 1674 3888 2103 3964; x_wconf 85' lang='lat' dir='ltr'><strong>coniugationis</strong></span> <span class='ocrx_word' id='word_1_412' title='bbox 2149 3896 2458 3967; x_wconf 85' lang='lat' dir='ltr'><strong>correptae</strong></span> <span class='ocrx_word' id='word_1_413' title='bbox 2506 3887 2686 3950; x_wconf 82' lang='lat' dir='ltr'><strong>verba</strong></span> <span class='ocrx_word' id='word_1_414' title='bbox 2731 3886 2810 3947; x_wconf 86' lang='lat' dir='ltr'><strong>ho</strong></span> <span class='ocrx_word' id='word_1_415' title='bbox 2875 3891 3184 3951; x_wconf 85' lang='lat' dir='ltr'><strong>terminata</strong></span> 
     </span>
     <span class='ocr_line' id='line_1_37' title="bbox 514 3988 3185 4069; baseline 0.001 -22"><span class='ocrx_word' id='word_1_416' title='bbox 514 3992 653 4052; x_wconf 69' lang='lat' dir='ltr'><strong>saxi</strong></span> <span class='ocrx_word' id='word_1_417' title='bbox 693 3991 918 4052; x_wconf 81' lang='lat' dir='ltr'><strong>faciunt</strong></span> <span class='ocrx_word' id='word_1_418' title='bbox 954 3992 1215 4069; x_wconf 87' lang='lat' dir='ltr'><strong>speciem</strong></span> <span class='ocrx_word' id='word_1_419' title='bbox 1274 3990 1627 4069; x_wconf 73' lang='lat' dir='ltr'><strong>perfectam,</strong></span> <span class='ocrx_word' id='word_1_420' title='bbox 1686 3989 1858 4050; x_wconf 81' lang='lat' dir='ltr'><strong>traho</strong></span> <span class='ocrx_word' id='word_1_421' title='bbox 1901 3990 2082 4059; x_wconf 85' lang='lat' dir='ltr'><strong>traxi,</strong></span> <span class='ocrx_word' id='word_1_422' title='bbox 2138 3989 2288 4050; x_wconf 79' lang='lat' dir='ltr'><strong>veho</strong></span> <span class='ocrx_word' id='word_1_423' title='bbox 2336 3990 2478 4049; x_wconf 81' lang='lat' dir='ltr'><strong>vexi.</strong></span> <span class='ocrx_word' id='word_1_424' title='bbox 2571 3988 2678 4051; x_wconf 84' lang='lat' dir='ltr'><strong>ko:</strong></span> <span class='ocrx_word' id='word_1_425' title='bbox 2727 4008 2858 4051; x_wconf 87' lang='lat' dir='ltr'><strong>non·</strong></span> <span class='ocrx_word' id='word_1_426' title='bbox 2891 3991 3185 4051; x_wconf 85' lang='lat' dir='ltr'><strong>invenitur</strong></span> 
     </span>
    </p>
   </div>
   <div class='ocr_carea' id='block_1_4' title="bbox 584 4114 3188 4877">
    <p class='ocr_par' dir='ltr' id='par_1_4' title="bbox 584 4114 3186 4533">
     <span class='ocr_line' id='line_1_38' title="bbox 725 4114 3186 4187; baseline 0 -18"><span class='ocrx_word' id='word_1_427' title='bbox 725 4119 761 4169; x_wconf 87' lang='lat'>4</span> <span class='ocrx_word' id='word_1_428' title='bbox 796 4114 947 4182; x_wconf 82' lang='lat' dir='ltr'><strong>redii]</strong></span> <span class='ocrx_word' id='word_1_429' title='bbox 991 4116 1099 4167; x_wconf 83' lang='lat' dir='ltr'><strong>redi</strong></span> <span class='ocrx_word' id='word_1_430' title='bbox 1134 4116 1398 4168; x_wconf 60' lang='lat' dir='ltr'><strong>Pul-eckius</strong></span> <span class='ocrx_word' id='word_1_431' title='bbox 1538 4115 1721 4183; x_wconf 86' lang='lat' dir='ltr'><strong>munii]</strong></span> <span class='ocrx_word' id='word_1_432' title='bbox 1757 4116 1897 4167; x_wconf 89' lang='lat' dir='ltr'><strong>muni</strong></span> <span class='ocrx_word' id='word_1_433' title='bbox 1935 4115 2205 4165; x_wconf 63' lang='lat' dir='ltr'><strong>Pur-celeiae</strong></span> <span class='ocrx_word' id='word_1_434' title='bbox 2341 4118 2376 4169; x_wconf 77' lang='lat'><strong>6</strong></span> <span class='ocrx_word' id='word_1_435' title='bbox 2419 4116 2569 4165; x_wconf 87' lang='lat' dir='ltr'><strong>nubsi</strong></span> <span class='ocrx_word' id='word_1_436' title='bbox 2603 4116 2654 4167; x_wconf 89' lang='lat' dir='ltr'><em>B</em></span> <span class='ocrx_word' id='word_1_437' title='bbox 2790 4118 2973 4187; x_wconf 72' lang='lat' dir='ltr'><strong>sorbeo</strong></span> <span class='ocrx_word' id='word_1_438' title='bbox 3005 4118 3186 4169; x_wconf 82' lang='lat' dir='ltr'><strong>sorbes</strong></span> 
     </span>
     <span class='ocr_line' id='line_1_39' title="bbox 588 4184 3182 4253; baseline -0.002 -12"><span class='ocrx_word' id='word_1_439' title='bbox 588 4190 673 4241; x_wconf 84' lang='lat' dir='ltr'><strong>B:</strong></span> <span class='ocrx_word' id='word_1_440' title='bbox 708 4189 893 4239; x_wconf 83' lang='lat' dir='ltr'><strong>sorbeo</strong></span> <span class='ocrx_word' id='word_1_441' title='bbox 932 4188 1015 4237; x_wconf 86' lang='lat' dir='ltr'><strong>vel</strong></span> <span class='ocrx_word' id='word_1_442' title='bbox 1050 4189 1204 4238; x_wconf 77' lang='lat' dir='ltr'><strong>etiam</strong></span> <span class='ocrx_word' id='word_1_443' title='bbox 1238 4188 1409 4253; x_wconf 82' lang='lat' dir='ltr'><strong>sorbo,</strong></span> <span class='ocrx_word' id='word_1_444' title='bbox 1446 4195 1504 4237; x_wconf 88' lang='lat' dir='ltr'><strong>ut</strong></span> <span class='ocrx_word' id='word_1_445' title='bbox 1538 4187 1701 4239; x_wconf 86' lang='lat' dir='ltr'><strong>Probo</strong></span> <span class='ocrx_word' id='word_1_446' title='bbox 1745 4186 2136 4253; x_wconf 75' lang='lat' dir='ltr'><strong>placet‚.sorpsi</strong></span> <span class='ocrx_word' id='word_1_447' title='bbox 2175 4184 2254 4235; x_wconf 87' lang='lat' dir='ltr'><strong>vel</strong></span> <span class='ocrx_word' id='word_1_448' title='bbox 2291 4186 2465 4237; x_wconf 73' lang='lat' dir='ltr'><strong>sor-bui</strong></span> <span class='ocrx_word' id='word_1_449' title='bbox 2504 4187 2804 4238; x_wconf 73' lang='lat' dir='ltr'><strong>Prisc-ianus</strong></span> <span class='ocrx_word' id='word_1_450' title='bbox 2840 4204 2894 4251; x_wconf 84' lang='lat' dir='ltr'><strong>p.</strong></span> <span class='ocrx_word' id='word_1_451' title='bbox 2933 4186 3058 4237; x_wconf 82' lang='lat'><strong>873.</strong></span> <span class='ocrx_word' id='word_1_452' title='bbox 3113 4188 3182 4249; x_wconf 77' lang='lat' dir='ltr'><strong>cs.</strong></span> 
     </span>
     <span class='ocr_line' id='line_1_40' title="bbox 584 4254 3184 4323; baseline -0.001 -15"><span class='ocrx_word' id='word_1_453' title='bbox 584 4274 641 4323; x_wconf 80' lang='lat' dir='ltr'><strong>p.</strong></span> <span class='ocrx_word' id='word_1_454' title='bbox 684 4256 818 4310; x_wconf 82' lang='lat'>1480</span> <span class='ocrx_word' id='word_1_455' title='bbox 956 4256 991 4309; x_wconf 83' lang='lat'><em>8</em></span> <span class='ocrx_word' id='word_1_456' title='bbox 1028 4254 1311 4323; x_wconf 80' lang='lat' dir='ltr'><strong>Vergilius]</strong></span> <span class='ocrx_word' id='word_1_457' title='bbox 1358 4258 1487 4307; x_wconf 82' lang='lat' dir='ltr'><strong>Aen.</strong></span> <span class='ocrx_word' id='word_1_458' title='bbox 1526 4259 1547 4307; x_wconf 88' lang='grc' dir='ltr'>Ι</span> <span class='ocrx_word' id='word_1_459' title='bbox 1582 4255 1649 4309; x_wconf 88' lang='grc'><strong>73</strong></span> <span class='ocrx_word' id='word_1_460' title='bbox 1793 4256 1855 4306; x_wconf 84' lang='grc'><strong>15</strong></span> <span class='ocrx_word' id='word_1_461' title='bbox 1897 4270 2014 4303; x_wconf 82' lang='lat' dir='ltr'><strong>nam</strong></span> <span class='ocrx_word' id='word_1_462' title='bbox 2045 4254 2202 4306; x_wconf 83' lang='lat' dir='ltr'><strong>caedo</strong></span> <span class='ocrx_word' id='word_1_463' title='bbox 2238 4254 2291 4303; x_wconf 87' lang='lat' dir='ltr'><em>B</em></span> <span class='ocrx_word' id='word_1_464' title='bbox 2430 4257 2494 4307; x_wconf 86' lang='lat'><strong>17</strong></span> <span class='ocrx_word' id='word_1_465' title='bbox 2532 4259 2675 4307; x_wconf 82' lang='lat' dir='ltr'><strong>salve</strong></span> <span class='ocrx_word' id='word_1_466' title='bbox 2707 4272 2798 4309; x_wconf 85' lang='lat' dir='ltr'><strong>om.</strong></span> <span class='ocrx_word' id='word_1_467' title='bbox 2837 4258 2887 4307; x_wconf 85' lang='lat' dir='ltr'><em>B</em></span> <span class='ocrx_word' id='word_1_468' title='bbox 3031 4256 3096 4306; x_wconf 87' lang='lat'><strong>18</strong></span> <span class='ocrx_word' id='word_1_469' title='bbox 3121 4258 3184 4305; x_wconf 84' lang='lat' dir='ltr'><strong>&#39;in</strong></span> 
     </span>
     <span class='ocr_line' id='line_1_41' title="bbox 587 4324 3182 4393; baseline -0.001 -16"><span class='ocrx_word' id='word_1_470' title='bbox 587 4324 917 4392; x_wconf 83' lang='lat' dir='ltr'><strong>Truculento]</strong></span> <span class='ocrx_word' id='word_1_471' title='bbox 959 4329 1004 4378; x_wconf 88' lang='grc' dir='ltr'><strong>Π</strong></span> <span class='ocrx_word' id='word_1_472' title='bbox 1041 4330 1093 4389; x_wconf 82' lang='grc'><strong>2,</strong></span> <span class='ocrx_word' id='word_1_473' title='bbox 1130 4330 1166 4380; x_wconf 87' lang='lat'>4</span> <span class='ocrx_word' id='word_1_474' title='bbox 1316 4328 1380 4378; x_wconf 83' lang='lat'><strong>21</strong></span> <span class='ocrx_word' id='word_1_475' title='bbox 1420 4325 1590 4393; x_wconf 84' lang='lat' dir='ltr'><strong>tergo]</strong></span> <span class='ocrx_word' id='word_1_476' title='bbox 1624 4342 1682 4390; x_wconf 85' lang='lat' dir='ltr'><strong>p.</strong></span> <span class='ocrx_word' id='word_1_477' title='bbox 1724 4324 1853 4377; x_wconf 83' lang='lat'>1481</span> <span class='ocrx_word' id='word_1_478' title='bbox 1897 4324 2150 4374; x_wconf 64' lang='lat' dir='ltr'><strong>Pri-scion.</strong></span> <span class='ocrx_word' id='word_1_479' title='bbox 2177 4338 2234 4387; x_wconf 80' lang='lat' dir='ltr'><strong>p.</strong></span> <span class='ocrx_word' id='word_1_480' title='bbox 2275 4324 2380 4375; x_wconf 87' lang='grc'><strong>870</strong></span> <span class='ocrx_word' id='word_1_481' title='bbox 2557 4327 2624 4378; x_wconf 80' lang='lat'><strong>22</strong></span> <span class='ocrx_word' id='word_1_482' title='bbox 2662 4335 2712 4376; x_wconf 90' lang='lat' dir='ltr'><strong>et</strong></span> <span class='ocrx_word' id='word_1_483' title='bbox 2745 4324 2973 4393; x_wconf 78' lang='lat' dir='ltr'><strong>spicula]</strong></span> <span class='ocrx_word' id='word_1_484' title='bbox 3019 4326 3182 4391; x_wconf 65' lang='lat' dir='ltr'><strong>Ver-q.</strong></span> 
     </span>
     <span class='ocr_line' id='line_1_42' title="bbox 588 4395 3182 4464; baseline -0.001 -18"><span class='ocrx_word' id='word_1_485' title='bbox 588 4398 722 4447; x_wconf 74' lang='lat' dir='ltr'><strong>Aen.</strong></span> <span class='ocrx_word' id='word_1_486' title='bbox 762 4398 855 4446; x_wconf 87' lang='lat' dir='ltr'><strong>Vll</strong></span> <span class='ocrx_word' id='word_1_487' title='bbox 884 4397 989 4449; x_wconf 78' lang='lat'><strong>626</strong></span> <span class='ocrx_word' id='word_1_488' title='bbox 1125 4397 1195 4450; x_wconf 81' lang='lat'><strong>23</strong></span> <span class='ocrx_word' id='word_1_489' title='bbox 1226 4406 1434 4464; x_wconf 83' lang='lat' dir='ltr'><strong>tergunt</strong></span> <span class='ocrx_word' id='word_1_490' title='bbox 1466 4405 1555 4447; x_wconf 82' lang='lat' dir='ltr'><strong>aut</strong></span> <span class='ocrx_word' id='word_1_491' title='bbox 1586 4405 1734 4461; x_wconf 80' lang='lat' dir='ltr'><strong>tergo</strong></span> <span class='ocrx_word' id='word_1_492' title='bbox 1767 4395 1928 4460; x_wconf 80' lang='lat' dir='ltr'><strong>tergis</strong></span> <span class='ocrx_word' id='word_1_493' title='bbox 1965 4401 2015 4443; x_wconf 89' lang='lat' dir='ltr'><strong>et</strong></span> <span class='ocrx_word' id='word_1_494' title='bbox 2050 4401 2248 4459; x_wconf 87' lang='lat' dir='ltr'><strong>tergent</strong></span> <span class='ocrx_word' id='word_1_495' title='bbox 2285 4410 2410 4461; x_wconf 80' lang='lat' dir='ltr'><strong>ergo</strong></span> <span class='ocrx_word' id='word_1_496' title='bbox 2447 4402 2618 4461; x_wconf 81' lang='lat' dir='ltr'><strong>terges</strong></span> <span class='ocrx_word' id='word_1_497' title='bbox 2655 4396 2707 4447; x_wconf 87' lang='lat' dir='ltr'><em>B</em></span> <span class='ocrx_word' id='word_1_498' title='bbox 2829 4396 2934 4451; x_wconf 73' lang='lat'><strong>,⁴25</strong></span> <span class='ocrx_word' id='word_1_499' title='bbox 2972 4395 3182 4457; x_wconf 76' lang='lat' dir='ltr'><strong>qnidam</strong></span> 
     </span>
     <span class='ocr_line' id='line_1_43' title="bbox 586 4462 3186 4533; baseline -0.002 -15"><span class='ocrx_word' id='word_1_500' title='bbox 586 4466 767 4533; x_wconf 82' lang='lat' dir='ltr'><strong>pepigi</strong></span> <span class='ocrx_word' id='word_1_501' title='bbox 800 4480 836 4523; x_wconf 82' lang='grc' dir='ltr'><strong><em>ς</em></strong></span> <span class='ocrx_word' id='word_1_502' title='bbox 872 4466 1084 4531; x_wconf 77' lang='lat' dir='ltr'><strong>quidam</strong></span> <span class='ocrx_word' id='word_1_503' title='bbox 1114 4470 1311 4533; x_wconf 82' lang='lat' dir='ltr'><strong>pupugi</strong></span> <span class='ocrx_word' id='word_1_504' title='bbox 1335 4468 1385 4517; x_wconf 85' lang='lat' dir='ltr'><em>B</em></span> <span class='ocrx_word' id='word_1_505' title='bbox 1492 4468 1559 4517; x_wconf 79' lang='lat'><strong>27</strong></span> <span class='ocrx_word' id='word_1_506' title='bbox 1594 4464 1778 4516; x_wconf 83' lang='lat' dir='ltr'><strong>incoho</strong></span> <span class='ocrx_word' id='word_1_507' title='bbox 1813 4463 2022 4514; x_wconf 74' lang='lat' dir='ltr'><strong>incohes</strong></span> <span class='ocrx_word' id='word_1_508' title='bbox 2057 4462 2296 4515; x_wconf 82' lang='lat' dir='ltr'><strong>incohaui</strong></span> <span class='ocrx_word' id='word_1_509' title='bbox 2324 4480 2357 4521; x_wconf 87' lang='grc' dir='ltr'>ς</span> <span class='ocrx_word' id='word_1_510' title='bbox 2395 4464 2578 4520; x_wconf 82' lang='lat' dir='ltr'><strong>inchoo</strong></span> <span class='ocrx_word' id='word_1_511' title='bbox 2617 4466 2828 4517; x_wconf 78' lang='lat' dir='ltr'><strong>inchoas</strong></span> <span class='ocrx_word' id='word_1_512' title='bbox 2865 4464 3108 4517; x_wconf 73' lang='lat' dir='ltr'><strong>inchoaui</strong></span> <span class='ocrx_word' id='word_1_513' title='bbox 3137 4463 3186 4514; x_wconf 89' lang='lat' dir='ltr'><em>B</em></span> 
     </span>
    </p>

    <p class='ocr_par' dir='ltr' id='par_1_5' title="bbox 584 4533 3188 4746">
     <span class='ocr_line' id='line_1_44' title="bbox 726 4533 3188 4600; baseline -0.001 -14"><span class='ocrx_word' id='word_1_514' title='bbox 726 4535 911 4587; x_wconf 84' lang='lat' dir='ltr'><strong>inchoo</strong></span> <span class='ocrx_word' id='word_1_515' title='bbox 946 4537 1207 4589; x_wconf 74' lang='lat' dir='ltr'><strong>Sacerdos</strong></span> <span class='ocrx_word' id='word_1_516' title='bbox 1236 4553 1291 4600; x_wconf 85' lang='lat' dir='ltr'><strong>p.</strong></span> <span class='ocrx_word' id='word_1_517' title='bbox 1328 4536 1397 4587; x_wconf 87' lang='grc'><strong>68</strong></span> <span class='ocrx_word' id='word_1_518' title='bbox 1446 4536 1685 4586; x_wconf 81' lang='lat' dir='ltr'><strong>inchoare</strong></span> <span class='ocrx_word' id='word_1_519' title='bbox 1725 4548 1775 4589; x_wconf 84' lang='grc' dir='ltr'><strong>ς.</strong></span> <span class='ocrx_word' id='word_1_520' title='bbox 1829 4535 1880 4583; x_wconf 74' lang='lat' dir='ltr'><strong>in</strong></span> <span class='ocrx_word' id='word_1_521' title='bbox 1920 4533 1967 4582; x_wconf 88' lang='lat' dir='ltr'><em>B</em></span> <span class='ocrx_word' id='word_1_522' title='bbox 2003 4533 2240 4583; x_wconf 75' lang='lat' dir='ltr'><strong>‘adesum</strong></span> <span class='ocrx_word' id='word_1_523' title='bbox 2272 4542 2351 4585; x_wconf 73' lang='lat' dir='ltr'><strong>est</strong></span> <span class='ocrx_word' id='word_1_524' title='bbox 2376 4550 2574 4600; x_wconf 78' lang='lat' dir='ltr'><strong>proque</strong></span> <span class='ocrx_word' id='word_1_525' title='bbox 2617 4551 2675 4586; x_wconf 83' lang='lat' dir='ltr'><strong>eo</strong></span> <span class='ocrx_word' id='word_1_526' title='bbox 2710 4539 2762 4587; x_wconf 78' lang='lat' dir='ltr'><strong>in</strong></span> <span class='ocrx_word' id='word_1_527' title='bbox 2789 4550 2887 4587; x_wconf 79' lang='lat' dir='ltr'><strong>ora</strong></span> <span class='ocrx_word' id='word_1_528' title='bbox 2927 4536 3188 4599; x_wconf 69' lang='lat' dir='ltr'><strong>superior-1·</strong></span> 
     </span>
     <span class='ocr_line' id='line_1_45' title="bbox 585 4604 3186 4671; baseline 0.001 -16"><span class='ocrx_word' id='word_1_529' title='bbox 585 4620 621 4655; x_wconf 78' lang='lat' dir='ltr'><strong><em>a</em></strong></span> <span class='ocrx_word' id='word_1_530' title='bbox 658 4606 932 4656; x_wconf 73' lang='lat' dir='ltr'><strong>recentiori</strong></span> <span class='ocrx_word' id='word_1_531' title='bbox 968 4620 1116 4656; x_wconf 76' lang='lat' dir='ltr'><strong>manu</strong></span> <span class='ocrx_word' id='word_1_532' title='bbox 1146 4608 1382 4670; x_wconf 73' lang='lat' dir='ltr'><strong>seriptum</strong></span> <span class='ocrx_word' id='word_1_533' title='bbox 1418 4606 1655 4657; x_wconf 84' lang='lat' dir='ltr'><strong>incohere</strong></span> <span class='ocrx_word' id='word_1_534' title='bbox 1692 4604 1794 4653; x_wconf 82' lang='lat' dir='ltr'><strong>dici</strong></span> <span class='ocrx_word' id='word_1_535' title='bbox 1814 4608 1830 4635; x_wconf 79' lang='lat'>⁹</span> <span class='ocrx_word' id='word_1_536' title='bbox 1881 4604 2258 4654; x_wconf 72' lang='lat' dir='ltr'><strong>Lindemannus</strong></span> <span class='ocrx_word' id='word_1_537' title='bbox 2427 4604 2497 4655; x_wconf 78' lang='lat'><strong>28</strong></span> <span class='ocrx_word' id='word_1_538' title='bbox 2541 4606 2676 4671; x_wconf 82' lang='lat' dir='ltr'><strong>regit</strong></span> <span class='ocrx_word' id='word_1_539' title='bbox 2721 4605 2982 4656; x_wconf 67' lang='lat' dir='ltr'><strong>Sacerdos</strong></span> <span class='ocrx_word' id='word_1_540' title='bbox 3015 4620 3074 4669; x_wconf 76' lang='lat' dir='ltr'><strong>p.</strong></span> <span class='ocrx_word' id='word_1_541' title='bbox 3115 4606 3186 4657; x_wconf 76' lang='lat'><strong>08</strong></span> 
     </span>
     <span class='ocr_line' id='line_1_46' title="bbox 584 4672 3188 4746; baseline 0 -22"><span class='ocrx_word' id='word_1_542' title='bbox 584 4680 770 4746; x_wconf 70' lang='lat' dir='ltr'><strong>regunt</strong></span> <span class='ocrx_word' id='word_1_543' title='bbox 806 4673 857 4723; x_wconf 88' lang='lat' dir='ltr'><em>B</em></span> <span class='ocrx_word' id='word_1_544' title='bbox 992 4676 1065 4727; x_wconf 76' lang='lat'><strong>29</strong></span> <span class='ocrx_word' id='word_1_545' title='bbox 1108 4674 1293 4741; x_wconf 80' lang='lat' dir='ltr'><strong>supra]</strong></span> <span class='ocrx_word' id='word_1_546' title='bbox 1336 4691 1390 4738; x_wconf 84' lang='lat' dir='ltr'><strong>p.</strong></span> <span class='ocrx_word' id='word_1_547' title='bbox 1432 4675 1517 4737; x_wconf 89' lang='grc'><strong>10,</strong></span> <span class='ocrx_word' id='word_1_548' title='bbox 1558 4674 1623 4727; x_wconf 84' lang='grc'><strong>19</strong></span> <span class='ocrx_word' id='word_1_549' title='bbox 1761 4672 1830 4725; x_wconf 78' lang='grc'><strong>30</strong></span> <span class='ocrx_word' id='word_1_550' title='bbox 1871 4674 1920 4723; x_wconf 85' lang='lat' dir='ltr'><strong>in</strong></span> <span class='ocrx_word' id='word_1_551' title='bbox 1965 4672 2178 4723; x_wconf 77' lang='lat' dir='ltr'><strong>alteram</strong></span> <span class='ocrx_word' id='word_1_552' title='bbox 2213 4672 2508 4725; x_wconf 75' lang='lat' dir='ltr'><strong>Latinorum</strong></span> <span class='ocrx_word' id='word_1_553' title='bbox 2541 4674 2596 4724; x_wconf 91' lang='lat' dir='ltr'><em>B</em></span> <span class='ocrx_word' id='word_1_554' title='bbox 2733 4674 2798 4727; x_wconf 79' lang='lat'><strong>31</strong></span> <span class='ocrx_word' id='word_1_555' title='bbox 2849 4676 2942 4727; x_wconf 76' lang='lat' dir='ltr'><strong>sed</strong></span> <span class='ocrx_word' id='word_1_556' title='bbox 2982 4674 3098 4725; x_wconf 78' lang='lat' dir='ltr'><strong>illas</strong></span> <span class='ocrx_word' id='word_1_557' title='bbox 3135 4675 3188 4725; x_wconf 89' lang='lat' dir='ltr'><em>B</em></span> 
     </span>
    </p>

    <p class='ocr_par' dir='ltr' id='par_1_6' title="bbox 584 4741 3044 4877">
     <span class='ocr_line' id='line_1_47' title="bbox 723 4741 3044 4809; baseline 0 -15"><span class='ocrx_word' id='word_1_558' title='bbox 723 4741 791 4794; x_wconf 79' lang='lat'><strong>32</strong></span> <span class='ocrx_word' id='word_1_559' title='bbox 836 4743 1045 4795; x_wconf 76' lang='lat' dir='ltr'><strong>Plautus</strong></span> <span class='ocrx_word' id='word_1_560' title='bbox 1092 4746 1265 4809; x_wconf 77' lang='lat' dir='ltr'><strong>posuit</strong></span> <span class='ocrx_word' id='word_1_561' title='bbox 1308 4746 1463 4795; x_wconf 83' lang='lat' dir='ltr'><strong>reboo</strong></span> <span class='ocrx_word' id='word_1_562' title='bbox 1514 4758 1550 4801; x_wconf 82' lang='grc' dir='ltr'><strong><em>ς</em></strong></span> <span class='ocrx_word' id='word_1_563' title='bbox 1602 4744 1808 4809; x_wconf 75' lang='lat' dir='ltr'><strong>plautus</strong></span> <span class='ocrx_word' id='word_1_564' title='bbox 1859 4757 1926 4808; x_wconf 91' lang='lat' dir='ltr'><strong>po</strong></span> <span class='ocrx_word' id='word_1_565' title='bbox 1939 4778 2090 4793; x_wconf 91' lang='grc'><strong>.....</strong></span> <span class='ocrx_word' id='word_1_566' title='bbox 2105 4743 2201 4793; x_wconf 89' lang='lat' dir='ltr'><strong>boo</strong></span> <span class='ocrx_word' id='word_1_567' title='bbox 2255 4746 2452 4795; x_wconf 72' lang='lat' dir='ltr'><strong>attritis</strong></span> <span class='ocrx_word' id='word_1_568' title='bbox 2507 4745 2702 4809; x_wconf 73' lang='lat' dir='ltr'><strong>aliquot</strong></span> <span class='ocrx_word' id='word_1_569' title='bbox 2753 4746 2940 4795; x_wconf 71' lang='lat' dir='ltr'><strong>litteris</strong></span> <span class='ocrx_word' id='word_1_570' title='bbox 2991 4744 3044 4794; x_wconf 88' lang='lat' dir='ltr'><em>B</em></span> 
     </span>
     <span class='ocr_line' id='line_1_48' title="bbox 584 4812 2258 4877; baseline 0 -12"><span class='ocrx_word' id='word_1_571' title='bbox 584 4812 654 4865; x_wconf 76' lang='lat'><strong>33</strong></span> <span class='ocrx_word' id='word_1_572' title='bbox 688 4827 945 4876; x_wconf 73' lang='lat' dir='ltr'><strong>nunquam</strong></span> <span class='ocrx_word' id='word_1_573' title='bbox 986 4827 1020 4871; x_wconf 82' lang='grc' dir='ltr'><strong><em>ς</em></strong></span> <span class='ocrx_word' id='word_1_574' title='bbox 1059 4828 1157 4862; x_wconf 90' lang='lat' dir='ltr'><strong>non</strong></span> <span class='ocrx_word' id='word_1_575' title='bbox 1196 4814 1400 4877; x_wconf 80' lang='lat' dir='ltr'><strong>inquam</strong></span> <span class='ocrx_word' id='word_1_576' title='bbox 1436 4813 1489 4863; x_wconf 91' lang='lat' dir='ltr'><em>B</em></span> <span class='ocrx_word' id='word_1_577' title='bbox 1522 4828 1772 4877; x_wconf 77' lang='lat' dir='ltr'><strong>nusquam</strong></span> <span class='ocrx_word' id='word_1_578' title='bbox 1805 4813 2063 4864; x_wconf 78' lang='lat' dir='ltr'><strong>Sacerdos</strong></span> <span class='ocrx_word' id='word_1_579' title='bbox 2093 4828 2149 4876; x_wconf 81' lang='lat' dir='ltr'><strong>p.</strong></span> <span class='ocrx_word' id='word_1_580' title='bbox 2191 4812 2258 4865; x_wconf 82' lang='lat'><strong>68</strong></span> 
     </span>
    </p>
   </div>
   <div class='ocr_carea' id='block_1_5' title="bbox 3412 220 3420 3431">
    <p class='ocr_par' dir='ltr' id='par_1_7' title="bbox 3412 220 3420 3431">
     <span class='ocr_line' id='line_1_49' title="bbox 3412 220 3420 3431; baseline 0 0"><span class='ocrx_word' id='word_1_581' title='bbox 3412 220 3420 3431; x_wconf 95' lang='lat' dir='ltr'><strong> </strong></span> 
     </span>
    </p>
   </div>
   <div class='ocr_carea' id='block_1_6' title="bbox 3414 3816 3418 5325">
    <p class='ocr_par' dir='ltr' id='par_1_8' title="bbox 3414 3816 3418 5325">
     <span class='ocr_line' id='line_1_50' title="bbox 3414 3816 3418 5325; baseline 0 0"><span class='ocrx_word' id='word_1_582' title='bbox 3414 3816 3418 5325; x_wconf 95' lang='lat' dir='ltr'><strong> </strong></span> 
     </span>
    </p>
   </div>
  </div>
 </body>
</html>
