3434 5442
1207 387 1349 455 Ans
1393 385 1875 453 GRAMMA'I'ch
2717 387 2839 452 357

1232 575 1330 640 DE
1373 573 1835 639 PRONOMINE.

408 715 749 777 Pronomon
795 711 934 794 quid
981 714 1104 775 est?
1189 714 1332 776 Pars
1375 715 1684 786 orationis,
1733 732 1881 795 quae
1928 731 2037 793 pro
2084 713 2322 775 nomine
2367 713 2555 792 posita
2600 717 2835 774 tantun-

231 817 374 878 dem
421 836 614 898 paene
658 817 950 895 significat
993 835 1425 898 personamque
1469 817 1766 878 interdum
1816 817 2041 896 recipit.
2110 817 2456 877 Pronomini
2496 823 2639 895 quot
2682 815 2834 874 acci-

231 918 424 980 dunt?
489 921 624 981 Sex.
683 919 884 990 Quae?
938 919 1200 990 Qualitas
1245 937 1430 998 genus
1475 937 1759 980 numerus
1804 919 1989 996 figura
2037 936 2290 999 persona
2337 936 2524 978 casus.
2574 916 2835 987 Qualitas

227 1023 658 1106 pronominum
705 1021 766 1080 in
797 1040 914 1100 quo
947 1023 1072 1081 est?
1117 1023 1402 1101 Bipertita
1449 1029 1564 1082 est:
1615 1019 1715 1080 aut
1760 1021 1915 1080 enim
1964 1019 2125 1079 finita
2169 1029 2303 1080 sunt
2350 1021 2699 1099 pronomina
2733 1027 2832 1079 aut
2858 1035 2883 1075 5

229 1124 486 1183 infinita.
556 1122 717 1194 Quae
764 1130 902 1183 sunt
946 1123 1144 1182 finita?
1211 1124 1372 1195 Quae
1416 1123 1710 1202 recipiunt
1754 1139 2069 1200 personaS,
2116 1129 2181 1181 ut
2226 1139 2336 1199 ego
2382 1131 2442 1180 tu
2488 1118 2603 1180 ille.
2672 1120 2833 1191 Quae

229 1235 374 1285 sunt
421 1225 684 1283 infinita?
763 1223 925 1295 Quae
971 1243 1088 1283 non
1135 1226 1432 1304 recipiunt
1475 1243 1787 1303 personaS,
1848 1231 1911 1283 ut
1966 1223 2097 1302 quis
2141 1241 2290 1301 quae
2336 1221 2511 1301 quod.
2602 1223 2833 1282 Genera

229 1327 656 1405 pronominum
704 1342 853 1403 quae
899 1327 1070 1384 sunt?
1157 1326 1378 1386 Eadem
1425 1327 1550 1386 sere
1597 1345 1747 1405 quae
1793 1332 1851 1385 et
1909 1324 2242 1384 nominum:
2302 1322 2719 1394 masculinum,
2770 1333 2835 1383 ut

231 1429 398 1506 quis,
446 1426 823 1494 femininum,
873 1434 938 1486 ut
981 1446 1158 1506 quae,
1207 1436 1510 1498 neutrum,
1571 1434 1635 1487 ut
1679 1425 1863 1506 quod,
1926 1443 2271 1494 eommune,
2334 1433 2396 1484 ut
2439 1424 2628 1503 qualis
2681 1423 2830 1493 tatis,

231 1531 416 1590 trium
463 1545 782 1604 generum,
832 1535 894 1586 ut
939 1546 1047 1604 ego
1093 1537 1174 1588 tu.
1261 1529 1504 1590 Numeri
1549 1529 1965 1606 pronominum
2012 1537 2155 1606 quot
2198 1528 2368 1587 sunt?
2454 1527 2597 1586 Duo.
2686 1525 2831 1595 Qui?
2860 1535 2909 1577 10

134 1671 144 1681 -
233 1628 596 1708 SingulariS,
647 1636 709 1688 ut
751 1627 878 1699 hic,
927 1627 1196 1708 pluralia,
1245 1641 1307 1690 ut
1351 1630 1429 1690 hi.
1493 1630 1745 1707 Figurae
1777 1630 2193 1708 pronominum
2226 1636 2370 1707 quot
2414 1630 2585 1687 sunt?
2652 1628 2829 1687 Duae.

232 1731 438 1802 Quae?
501 1728 790 1810 Simplex,
829 1740 895 1790 ιιι
923 1732 1081 1811 quis,
1116 1733 1449 1810 conposita,
1483 1739 1545 1791 ιιι
1575 1733 1856 1810 quisquis,
1910 1732 2207 1791 Personae
2236 1731 2655 1809 pronominum
2690 1735 2833 1807 quot

232 1833 409 1893 sunt?
462 1833 630 1893 Tres,
699 1832 895 1902 Quae?
955 1833 1179 1903 Prima,
1229 1843 1294 1894 ut
1337 1852 1474 1910 ego,
1522 1832 1811 1902 secunda,
1860 1840 1924 1892 ιιι
1969 1841 2058 1902 ιιι,
2106 1833 2309 1900 tertia,
2356 1840 2419 1890 ιιι
2463 1829 2579 1890 ille.
2650 1831 2831 1890 Casus

232 1936 378 1994 item
435 1935 854 2012 pronominum
912 1943 1055 2013 quot
1108 1937 1277 1995 sunt?
1343 1937 1488 2004 Sex,
1549 1953 1725 2013 quem
1784 1933 1854 1994 ad
1916 1933 2151 1993 modum
2210 1933 2659 2000 et·nom'inum,
2721 1949 2831 2009 per

231 2053 384 2115 quos
429 2037 692 2096 omnium
738 2052 1020 2112 generum
1069 2037 1418 2115 pronomina
1464 2036 1845 2095 inflectuntur
1887 2035 2001 2095 hoc
2045 2035 2241 2095 modo.
2564 2091 2569 2096 .
2854 2045 2905 2086 ¹⁵

404 2137 529 2215 Ego
573 2155 905 2216 pronomen
948 2138 1176 2198 finitum
1225 2139 1460 2215 generis
1503 2139 1696 2197 omnis
1754 2138 1986 2197 numeri
2040 2135 2355 2214 singularis
2410 2136 2632 2213 figurae
2688 2137 2827 2194 sim-

233 2237 406 2317 plic-is
451 2256 741 2318 personae
785 2241 1013 2318 primae
1069 2259 1239 2300 casus
1285 2239 1653 2309 nominativi,
1713 2239 1868 2318 quod
1928 2237 2317 2298 declinabitur
2360 2239 2473 2297 sic:
2543 2257 2653 2315 ego
2710 2239 2829 2297 mei

233 2340 324 2400 vel
368 2341 482 2407 mis
527 2341 671 2400 mihi
717 2359 810 2400 me
856 2359 888 2400 a
934 2359 1058 2411 me,
1123 2350 1182 2400 et
1217 2340 1526 2420 pluraliter
1569 2359 1678 2400 nos
1723 2347 1989 2400 nostrum
2040 2339 2128 2399 vel
2181 2341 2367 2399 nostri
2424 2338 2595 2400 nobis
2640 2358 2747 2399 nos
2792 2358 2827 2396 o

233 2460 264 2501 a
311 2440 518 2502 nobis:
571 2459 859 2520 personae
904 2441 1198 2502 secundae
1245 2445 1479 2521 generis
1524 2444 1716 2502 omnis
1748 2443 1979 2502 numeri
2022 2439 2339 2519 singularis
2383 2449 2446 2502 ιιι
2492 2443 2572 2501 ιιιί
2620 2439 2707 2500 vel
2752 2441 2827 2500 tis

232 2542 339 2603 tibi
383 2551 443 2602 te
489 2562 525 2602 o
569 2561 602 2603 a
639 2554 723 2610 te,
772 2552 830 2603 et
873 2542 1180 2622 pluraliter
1237 2563 1336 2604 vos
1379 2551 1636 2605 vestrum
1693 2543 1786 2604 vel
1843 2546 2019 2605 vestri
2075 2542 2239 2604 vobis
2297 2562 2396 2602 vos
2448 2562 2484 2603 o
2541 2563 2574 2603 a
2629 2542 2819 2602 vobis:
2850 2564 2902 2604 ιο

230 2662 526 2722 personae
572 2646 780 2705 tertiae
825 2647 1062 2722 generis
1106 2645 1415 2707 masculini
1451 2647 1684 2706 numeri
1728 2645 2041 2724 singularis
2070 2646 2167 2707 ille
2214 2645 2368 2705 illius
2412 2635 2496 2704 illi
2540 2643 2701 2704 illum
2750 2643 2822 2703 ab

231 2746 360 2817 illo,
411 2757 470 2806 et
513 2745 821 2826 pluraliter
865 2746 946 2806 illi
993 2745 1225 2807 illorum
1287 2746 1402 2807 illis
1457 2746 1588 2808 illos
1642 2747 1716 2807 ab
1777 2747 1918 2816 illis;
1978 2750 2213 2824 generis
2269 2747 2533 2806 seminini
2591 2746 2823 2804 numeri

230 2847 547 2926 singularis
589 2846 688 2908 illa
733 2845 888 2908 illius
932 2847 1016 2908 illi
1063 2848 1218 2908 illam
1265 2848 1338 2909 ab
1383 2848 1506 2915 illa,
1566 2858 1624 2909 et
1683 2847 1992 2928 pluraliter
2047 2848 2180 2910 illae
2240 2847 2475 2908 illarum
2532 2845 2647 2907 illis
2691 2845 2821 2906 illas

230 2949 304 3010 ab
350 2949 498 3017 illis;
545 2949 782 3026 generis
827 2952 1023 3010 neutri
1071 2951 1301 3010 numeri
1345 2951 1660 3028 singularis
1716 2949 1862 3010 illud
1920 2949 2074 3011 illius
2128 2949 2211 3009 illi
2256 2949 2400 3008 illud
2444 2948 2518 3008 ab
2561 2947 2695 3017 illo,
2762 2955 2861 3036 et·

227 3049 540 3130 pluraliter
585 3048 681 3110 illa
726 3048 962 3111 illorum
1008 3050 1122 3110 illis
1166 3050 1262 3111 illa
1309 3051 1382 3112 ab
1428 3051 1557 3111 illis.
1615 3055 1809 3112 miuus
1853 3055 2029 3132 quam
2088 3053 2248 3111 finita
2306 3052 2541 3128 generis
2584 3068 2816 3110 mascu-
2842 3071 2895 3110 25

229 3152 331 3212 lini
393 3152 627 3212 numeri
680 3150 994 3229 singularis
1050 3155 1176 3232 ipse
1233 3154 1416 3233 ipsius
1472 3154 1585 3232 ipsi
1640 3156 1833 3233 ipsum
1891 3153 1963 3212 ab
2021 3154 2176 3230 ipso,
2236 3160 2294 3211 et
2347 3149 2653 3231 pluraliter
2708 3152 2819 3228 ipsi

227 3255 496 3330 Ipsorum
541 3252 684 3330 ipsis
741 3253 899 3330 ipsos
945 3253 1017 3313 ab
1063 3255 1233 3333 ipsis;
1281 3257 1514 3333 generis
1546 3255 1814 3314 seminini
1845 3256 2074 3315 numeri
2107 3252 2422 3331 singularis
2466 3253 2589 3330 ipsa
2635 3253 2819 3330 ipsius

227 3357 340 3433 ipsi
386 3357 576 3434 ipsam
624 3351 698 3412 ab
743 3354 894 3432 ipsa,
943 3364 1001 3415 et
1032 3355 1336 3432 pluraliter
1373 3359 1534 3436 ipsae
1577 3359 1839 3436 ipsarum
1872 3357 2013 3435 ipsis
2057 3356 2211 3434 ipsas
2256 3354 2330 3414 ab
2360 3355 2533 3433 ipsis;
2583 3354 2818 3430 generis

229 3457 428 3516 neutri
481 3457 716 3515 numeri
771 3456 1086 3532 singularis
1142 3458 1332 3536 ipsum
1389 3459 1572 3535 ipsius
1626 3459 1741 3536 ipsi
1797 3460 1987 3535 ipsum
2046 3457 2117 3516 ab
2174 3459 2331 3536 ipso,
2401 3465 2461 3515 et
2514 3453 2818 3535 pluraliter

227 3560 352 3637 ipsa
401 3559 666 3638 ipsorum
714 3557 855 3636 ipsis
901 3560 1023 3638 ipsa
1071 3557 1142 3618 ab
1189 3561 1349 3636 ipsis,
1417 3561 1557 3620 item
1592 3561 1786 3620 minus
1816 3579 1988 3639 quam
2036 3559 2195 3619 finita
2244 3559 2480 3636 generis
2510 3555 2815 3616 masculini
2843 3579 2895 3619 ao

229 3660 466 3718 numeri
510 3656 827 3735 singularis
870 3660 982 3719 iste
1027 3661 1194 3720 istius
1238 3661 1334 3720 isti
1379 3662 1553 3721 istum
1611 3661 1683 3722 ab
1740 3662 1883 3730 isto,
1942 3671 2002 3722 et
2054 3659 2361 3740 pluraliter
2417 3660 2513 3734 isti
2569 3659 2817 3717 istorum

223 3762 354 3821 istis
401 3761 546 3820 istos
590 3758 662 3820 ab
707 3760 864 3828 istis;
922 3764 1160 3839 generis
1203 3761 1471 3822 seminini
1517 3765 1749 3824 numeri
1790 3762 2102 3840 singularis
2146 3763 2257 3823 ista
2298 3762 2465 3821 istius
2510 3760 2604 3820 isti
2646 3760 2818 3819 istam

229 3862 302 3922 ab
347 3863 489 3930 ista,
539 3867 598 3920 et
642 3859 945 3938 pluraliter
990 3864 1133 3923 istae
1179 3865 1425 3924 istarum
1457 3865 1582 3923 istis
1614 3865 1753 3924 istas
1784 3865 1857 3924 ab
1888 3866 2045 3932 istis3
2094 3865 2329 3942 generis
2362 3863 2556 3922 neutri
2590 3861 2820 3921 numeri

227 3960 544 4040 singularis
587 3961 739 4022 istud
785 3964 954 4023 istius
997 3965 1090 4025 isti
1135 3965 1288 4024 istud
1335 3965 1407 4025 ab
1451 3967 1592 4035 isto,
1643 3975 1701 4024 et
1745 3963 2051 4045 pluraliter
2094 3967 2206 4025 ista
2249 3966 2495 4024 istorum
2542 3964 2667 4022 istis
2710 3963 2819 4022 ista

229 4063 300 4126 ab
345 4065 492 4123 istis,
557 4065 701 4128 item
745 4064 1058 4126 articulare
1102 4067 1558 4145 praepositivum
1605 4066 1696 4126 vel
1742 4066 2263 4127 demonstrativum
2310 4066 2544 4142 generis
2588 4081 2818 4123 mascu-
2846 4085 2897 4126 35

233 4165 334 4225 lini
381 4165 614 4224 numeri
659 4165 973 4241 singularis
1018 4167 1114 4227 hic
1158 4168 1330 4227 huius
1377 4167 1512 4227 huic
1555 4166 1717 4227 hunc
1763 4186 1798 4227 o
1842 4167 1913 4228 ab
1960 4168 2107 4236 hoc,
2157 4175 2216 4226 et
2258 4165 2563 4245 pluraliter
2608 4164 2669 4223 hi
2714 4165 2818 4223 ho-

232 4286 360 4328 rum
407 4267 500 4327 his
547 4266 656 4326 hos
700 4287 735 4325 o
771 4266 843 4326 ab
875 4269 996 4338 his;
1043 4271 1278 4347 generis
1323 4269 1592 4328 seminini
1637 4272 1873 4331 numeri
1916 4267 2228 4347 singularis
2274 4268 2419 4329 haec
2465 4267 2637 4327 liuius
2682 4266 2857 4326 huic.

363 4445 399 4496 8
436 4459 570 4508 quae
605 4443 744 4510 suut]
787 4453 910 4508 quot
945 4457 1064 4497 sunt
1102 4447 1160 4496 M
1199 4473 1208 4482 ·
1283 4447 1346 4498 14
1384 4455 1434 4496 et
1468 4461 1558 4501 om.
1604 4448 1674 4508 L,
1713 4449 1835 4498 add.
1878 4449 1937 4498 M
2056 4447 2119 4498 15
2156 4447 2378 4496 omnium
2418 4460 2663 4512 generum
2702 4459 2821 4510 pro-

235 4529 410 4564 nomen
466 4515 742 4564 inssectitur
797 4515 894 4564 hoc
951 4517 1102 4565 modo
1137 4518 1185 4566 L
1237 4518 1461 4565 omnium
1500 4531 1744 4582 generum
1788 4518 1993 4566 nomina
2030 4517 2327 4583 pronomina
2368 4515 2633 4582 participia
2672 4514 2817 4562 insse-

233 4593 428 4634 ctuntnr
457 4585 557 4635 hoc
585 4585 739 4634 modo
782 4584 846 4633 M
1014 4587 1075 4635 17
1114 4587 1187 4636 sic
1224 4601 1321 4652 ego
1356 4586 1417 4634 M
1453 4586 1528 4634 sic
1565 4587 1890 4637 Nominativo
1930 4603 2027 4652 ego
2074 4588 2116 4635 l,
2252 4587 2317 4636 18
2356 4601 2435 4634 me
2473 4601 2501 4634 o
2540 4601 2568 4632 a
2606 4599 2686 4633 me
2726 4585 2820 4634 M:

230 4655 321 4704 sed
352 4671 381 4705 o
415 4657 705 4706 recentiore
746 4669 894 4703 manu
936 4656 1156 4707 additum
1195 4672 1308 4707 ease
1345 4656 1543 4706 videtur
1716 4659 1787 4708 20
1824 4672 1851 4706 a
1890 4656 2059 4722 vobis]
2099 4672 2351 4722 personae
2401 4656 2576 4705 tertiae
2614 4655 2819 4719 generis

231 4727 390 4773 omnis
425 4725 623 4774 numeri
663 4725 944 4775 communis
979 4727 1058 4775 sui
1097 4726 1192 4775 sibi
1233 4741 1288 4774 se
1323 4740 1352 4773 a
1392 4740 1464 4784 se,
1497 4735 1546 4775 et
1575 4727 1840 4793 pluraliter
1874 4728 1954 4777 sni
1991 4727 2088 4776 sibi
2126 4741 2181 4775 se
2220 4741 2251 4776 a
2289 4741 2345 4776 se
2384 4725 2503 4774 add.
2533 4729 2580 4774 1.·
2616 4740 2645 4772 a
2672 4724 2819 4773 uobis

231 4792 314 4842 Sui
351 4795 450 4844 sibi
487 4811 545 4845 se
583 4809 614 4843 a
653 4809 708 4842 se
747 4807 794 4843 et
832 4795 1096 4860 pluraliter
1133 4797 1211 4845 sui
1252 4795 1348 4844 sibi
1388 4809 1444 4843 se
1476 4809 1506 4842 a
1546 4811 1602 4844 se
1643 4795 1708 4844 M
1879 4798 1940 4847 21
1985 4797 2127 4846 illum
2166 4811 2193 4846 0
2232 4796 2293 4844 ab
2340 4795 2427 4846 illo
2471 4794 2555 4844 M:
2610 4797 2726 4844 icem
2772 4795 2823 4844 in

231 4865 428 4929 reliquis
451 4864 830 4930 pronominibus
859 4866 1130 4915 vocativum
1159 4879 1324 4916 casum
1352 4863 1497 4912 addit
1525 4864 1590 4913 M
