3434 5442
869 348 966 412 DE
1011 348 1360 411 LITTERIS
1403 348 1594 411 SING.
1637 346 2157 409 FRAGMENTVM
2678 346 2805 411 269

209 560 366 599 cano.
457 542 566 599 lam
597 556 773 615 neque
821 548 1006 597 extare
1035 541 1248 597 videtur
1287 540 1456 597 codex
1500 542 1759 614 antiquus
1810 541 1866 595 in
1894 540 2079 597 ltaliae
2130 540 2575 615 septentrionalis
2626 540 2806 616 aliqua

207 626 544 685 bibliotheca
586 646 614 683 a
657 626 872 683 Kiriaco
925 626 1283 699 investigatus
1339 634 1396 681 et
1435 626 1608 699 ipsius
1651 625 1915 681 Kiriacani
1970 627 2198 701 exempli
2249 628 2509 683 memoria
2553 636 2806 701 superest

209 714 526 787 pertenuis:
571 728 690 768 uam
735 712 874 767 liber
901 711 1294 785 compagnonii
1340 710 1582 785 episcopi
1612 712 1939 773 AuximatiS,
1985 714 2078 783 qui
2110 714 2342 767 servavit
2382 712 2542 768 nobis
2585 713 2807 767 itinera-

209 799 350 854 rium
387 796 523 852 illud
553 798 926 859 Kiriacanum‚
962 796 1118 852 bodie
1151 804 1206 852 et
1235 798 1356 870 ipse
1385 804 1480 853 aut
1509 796 1674 869 periit
1704 804 1799 851 aut
1827 796 1961 851 latet
1992 812 2222 871 cumque
2252 812 2313 851 ex
2345 814 2409 852 eo
2444 798 2582 853 sacta
2613 797 2807 853 habea-

205 900 330 938 mus
385 890 642 955 excerpta
695 882 1016 937 Suaresiana
1070 876 1212 957 (cod.
1245 882 1359 937 Vat.
1389 884 1526 936 9130
1557 880 1593 936 Ι”.
1627 880 1939 952 282—290)
1992 888 2046 935 et
2095 882 2384 937 editionem
2432 882 2805 937 Olivierianam

205 965 448 1037 (Pisauri
482 970 616 1021 1763
647 966 794 1040 tot),
835 966 928 1022 illa
958 965 1120 1022 Probi
1162 964 1384 1022 omnino
1427 984 1536 1022 non
1579 966 1967 1027 meminerunt.
2013 965 2299 1021 Olivierius
2344 974 2522 1022 autem
2570 966 2807 1022 breviter

207 1052 591 1108 tantummodo
623 1050 894 1124 significat
918 1050 1034 1123 (p.l
1060 1068 1112 1106 n.
1140 1048 1189 1125 2)
1224 1050 1494 1125 reperisse
1519 1067 1576 1105 se
1607 1050 1749 1123 apud
1774 1050 2045 1107 Kiriacum
2077 1052 2223 1107 inter
2251 1050 2353 1107 alia
2385 1052 2544 1107 etiam
2570 1048 2589 1075 ²
2610 1050 2803 1106 Valerii

203 1136 374 1193 Probi
395 1144 558 1191 notas
583 1136 718 1191 iuris
733 1134 774 1199 ',
810 1136 905 1191 sed
935 1143 1128 1209 utpote
1148 1136 1322 1193 editas
1352 1144 1406 1191 et
1427 1136 1681 1207 vulgares
1713 1134 1979 1190 omisisse.
2026 1136 2297 1192 Reicimur
2327 1136 2509 1209 itaque
2541 1137 2604 1191 ad
2634 1135 2805 1191 libros

205 1224 358 1277 tertii
396 1220 608 1276 ordinis
627 1262 639 1281 ‚
673 1223 764 1293 qui
794 1220 1047 1276 videntur
1075 1220 1334 1293 descripti
1363 1236 1426 1275 ex
1457 1220 1769 1282 Kiriacano;
1802 1236 2035 1293 quorum
2067 1220 2285 1277 adhibui
2319 1222 2399 1275 vel
2431 1202 2581 1277 cer'te
2612 1222 2807 1275 exami-

205 1308 326 1361 navi
363 1308 470 1361 bos
503 1304 704 1360 saeculi
735 1305 820 1360 XV
851 1308 1098 1360 exeuntis
1130 1305 1209 1359 vel
1242 1305 1376 1360 adeo
1409 1307 1720 1379 incipientis
1752 1304 1855 1359 xvi
1890 1321 2097 1361 omnes.

383 1389 434 1461 l)
480 1389 692 1445 Mediol.
723 1389 978 1445 AmbroS.
1010 1390 1036 1445 J
1073 1392 1168 1443 115
1202 1407 1322 1463 sup.
1351 1396 1484 1463 'post
1515 1389 1859 1445 Aristotelica
1903 1390 2163 1463 quaedam
2195 1406 2223 1446 a
2254 1388 2548 1446 Leonardo
2579 1390 2805 1446 Aretino

211 1476 406 1531 Latine
437 1476 982 1531 couversa.continet
1011 1490 1227 1529 carmen
1255 1474 1322 1529 de
1351 1475 1686 1548 ponderibus
1716 1482 1773 1529 et
1803 1474 2075 1531 mensuris
2105 1474 2132 1547 ·(
2140 1476 2401 1545 pondere
2432 1477 2695 1531 Poeoniis
2729 1506 2801 1515 —

203 1576 310 1615 nec
341 1576 462 1615 non
489 1565 546 1614 et
572 1562 696 1615 sine
725 1557 912 1631 aquis)
941 1568 996 1614 et
1028 1559 1296 1616 Valerium
1329 1560 1564 1615 Probum
1595 1560 1660 1615 de
1691 1560 1826 1615 iuris
1856 1566 2127 1615 notarum.
2178 1560 2363 1615 'Codex
2396 1578 2423 1617 a
2454 1578 2540 1615 me
2570 1558 2805 1615 collatus

205 1646 454 1701 omnium
508 1660 744 1717 quorum
789 1644 920 1699 mibi
960 1644 1117 1718 copia
1169 1645 1274 1700 suit
1325 1646 1828 1717 praestantissimus
1858 1652 1945 1699 est
1994 1652 2050 1699 et
2081 1644 2145 1699 ab
2176 1644 2595 1717 interpolatione
2643 1644 2804 1719 plane

205 1730 488 1787 immunis,
524 1760 598 1769 -
633 1727 820 1785 Notavi
851 1728 902 1783 Α
931 1729 1354 1801 varietatemque
1387 1728 1576 1784 rettuli
1607 1729 1903 1801 integram,
1935 1728 2095 1783 etiam
2130 1729 2631 1803 orthographicam.

169 1806 178 1813 ’
379 1816 432 1888 2)
465 1814 618 1869 Rom.
650 1814 890 1887 Chigian.
921 1813 960 1868 1.
994 1813 1074 1868 Vl.
1105 1816 1208 1866 204
1251 1824 1468 1887 praeter
1495 1814 1918 1887 descriptionem
1950 1813 2103 1869 urbis
2132 1814 2333 1869 Romae
2375 1816 2601 1888 eiusque
2632 1814 2806 1870 excel-

203 1899 440 1960 lentiae,
489 1898 912 1970 Signorilianam
965 1897 1300 1954 urbanorum
1342 1898 1789 1971 epigrammatum
1831 1896 2108 1971 syllogen,
2155 1899 2411 1955 chronica
2451 1901 2801 1972 carminaque

203 1985 369 2044 varia,
404 1982 658 2056 regiones
689 1983 842 2039 urbis
863 2026 876 2045 ,
909 1983 1010 2039 alia
1041 1984 1285 2038 continet
1315 1984 1442 2037 item
1477 1984 1515 2039 s.
1547 1986 1614 2036 53
1637 1986 1842 2039 v.-—-55
1874 1980 2106 2038 ‘Valerii
2137 1983 2298 2039 Probi
2327 1985 2462 2039 iuris
2492 1982 2801 2040 notarum’.

201 2068 559 2123 Praecedenti
609 2084 718 2123 nou
770 2068 944 2123 multo
995 2068 1226 2123 inferior
1267 2067 1412 2123 visus
1453 2074 1538 2123 est
1589 2075 1644 2123 et
1683 2068 1750 2124 ab
1795 2067 2313 2141 interpolationibus
2355 2068 2483 2123 item
2526 2069 2799 2129 immunis,

204 2168 536 2227 quamquam
569 2152 748 2208 minus
777 2152 1059 2208 emendate
1089 2154 1347 2225 scriptus.
1385 2184 1456 2192 —
1493 2152 1708 2208 Contuli
1741 2153 1859 2226 ipse
1890 2160 1947 2207 et
1976 2154 2159 2208 notavi
2193 2152 2250 2208 0.

379 2233 429 2311 3)
463 2238 615 2293 Rom.
637 2237 754 2292 Vat.
785 2242 922 2291 2725
953 2244 1172 2311 praeter
1199 2236 1458 2292 Prisciani
1491 2237 1668 2293 Rufini
1698 2238 1891 2293 Donati
1922 2236 2148 2292 Remmii
2180 2238 2329 2293 Marii
2355 2237 2614 2292 Victorini
2646 2236 2801 2293 libel-

203 2322 294 2378 los
323 2320 640 2394 complures
671 2321 936 2377 indicatos
967 2321 1034 2377 ab
1064 2320 1298 2377 ilenrico
1327 2322 1501 2377 Keilio
1535 2320 1693 2393 (mus.
1717 2321 1884 2377 Rhen.
1912 2338 2035 2377 nov.
2066 2318 2272 2397 5,319).
2306 2324 2434 2377 item
2470 2322 2799 2394 glossarium

201 2407 592 2461 Petronianum
623 2406 782 2479 (muS.
815 2406 906 2462 cit.
939 2409 1020 2467 16.
1051 2410 1083 2459 5
1117 2404 1222 2480 sq.)
1253 2406 1290 2461 f.
1323 2410 1390 2461 76
1421 2424 1502 2480 sq.
1537 2406 1753 2462 exhibet
1782 2406 1943 2462 Probi
1987 2406 2053 2461 de
2087 2424 2196 2480 quo
2228 2407 2439 2478 agimus
2470 2416 2799 2462 commenta·

204 2492 410 2547 riolnm
441 2491 778 2566 descriptum
811 2491 940 2546 mihi
971 2508 1001 2545 a
1026 2490 1412 2564 Freiburgero.
1467 2491 1626 2547 Liber
1653 2492 1758 2547 etsi
1792 2490 1859 2547 ab
1888 2490 2283 2565 interpolatore
2315 2491 2633 2566 quibusdam
2665 2492 2801 2547 locis

203 2584 506 2649 corruptus
549 2584 727 2631 tamen
769 2592 800 2630 a
831 2576 992 2631 nobis
1033 2575 1310 2631 adhibitus
1341 2584 1454 2636 est.
1499 2576 1673 2647 magis
1717 2584 1779 2631 ut
1820 2577 1887 2631 de
1928 2579 2301 2649 corruptionis
2342 2576 2801 2632 emendationisve

203 2659 524 2734 primordiis
563 2668 843 2717 constaret
888 2678 1048 2734 quam
1094 2668 1323 2734 propter
1352 2660 1630 2734 propriam
1662 2663 1781 2717 eius
1824 2661 1879 2716 in
1910 2661 2290 2717 constituenda
2321 2661 2553 2717 lectione
2596 2662 2803 2717 utilita-

209 2754 337 2801 tem.
373 2776 458 2785 --
488 2742 677 2803 Notavi
723 2744 786 2801 V.

377 2828 429 2905 4)
461 2830 616 2885 Rom.
645 2827 905 2887 vallicell.
937 2830 997 2885 R.
1029 2832 1096 2883 26
1127 2832 1182 2885 in
1215 2830 1474 2886 fasciculo
1506 2846 1536 2884 a
1567 2829 1877 2903 bibliopega
1921 2831 2133 2885 demum
2166 2832 2217 2885 in
2252 2831 2358 2886 hoc
2388 2831 2637 2887 volumen
2671 2848 2799 2885 con-

205 2916 348 2971 iecto
405 2916 442 2970 f.
475 2917 764 2969 347—349
806 2914 1052 2971 continet
1093 2922 1384 2970 tractatum
1428 2914 1684 2976 eundem,
1728 2931 1889 2987 quem
1932 2914 2167 2970 contulit
2208 2932 2325 2969 mea
2368 2932 2529 2971 causa
2578 2916 2799 2969 Reiffer-

207 3000 504 3055 scheidius.
562 2999 730 3055 Adest
757 3002 808 3060 5.
839 3004 907 3052 24
949 3007 1239 3071 textusque
1281 3001 1335 3055 in
1367 2999 1676 3055 universum
1709 3002 1843 3055 satis
1875 3001 2119 3054 sincerus
2150 3007 2263 3061 est.
2307 3016 2405 3054 nec
2448 3007 2621 3055 tamen
2654 3002 2799 3055 varia

205 3084 368 3140 lectio
401 3084 564 3156 digna
597 3084 698 3140 ruit
729 3099 874 3158 quae
897 3091 1266 3157 apponeretur
1297 3092 1437 3145 tota.
1485 3100 1608 3139 cum
1641 3083 1819 3139 scriba
1865 3084 2024 3139 buius
2056 3084 2178 3139 libri
2211 3083 2303 3138 ubi
2338 3084 2565 3140 discedit
2608 3085 2673 3140 ab
2706 3084 2804 3140 AG

207 3168 460 3224 traditam
491 3166 778 3224 lectionem
811 3176 905 3223 aut
935 3169 1234 3225 emendarit
1265 3185 1328 3223 ex
1359 3168 1672 3225 coniectura
1702 3175 1799 3223 aut
1830 3176 2033 3223 temere
2064 3170 2391 3241 corruperit.

373 3250 428 3318 5)
461 3253 615 3308 Rom.
650 3253 764 3308 Vat.
803 3256 940 3307 5326
979 3262 1104 3308 ante
1146 3252 1394 3327 syllogen
1449 3253 1865 3327 inscriptionum
1907 3270 2044 3307 saec.
2090 3252 2197 3307 XVl
2238 3254 2538 3308 confectam
2583 3254 2799 3309 exbibet

207 3336 444 3394 ‘Valerii
477 3337 640 3393 Probi
685 3338 821 3393 iuris
851 3346 1102 3393 notarum
1146 3336 1402 3400 librum'‚
1446 3337 1751 3412 profectum
1794 3354 1904 3393 non
1934 3354 1997 3393 ex
2026 3336 2370 3399 Marcanova,
2416 3345 2478 3392 ut
2509 3338 2587 3393 vel
2621 3354 2681 3392 ex
2716 3339 2797 3394 in-

207 3422 508 3497 scriptione
556 3421 644 3477 illa
687 3430 863 3495 patet.
918 3422 1012 3478 sed
1065 3430 1169 3477 tam
1213 3424 1570 3495 neglegenter
1611 3425 1874 3496 scriptum
1926 3429 1982 3476 et
2028 3430 2229 3477 temere
2270 3422 2689 3495 interpolatum,
2736 3430 2799 3478 ut

209 3508 469 3580 indignus
500 3514 663 3567 esset,
696 3507 852 3563 cuius
880 3510 1081 3564 variam
1113 3506 1402 3563 lectionem
1433 3507 1712 3563 referrem.

373 3591 430 3661 6)
465 3591 608 3647 Flor.
640 3590 838 3647 Maruc.
868 3594 930 3647 A.
963 3594 1090 3646 76.1
1127 3600 1254 3665 post
1285 3592 1535 3665 syllogen
1565 3592 1988 3666 inscriptionum
2020 3591 2345 3647 urbanarum
2380 3609 2519 3648 saec.
2552 3592 2639 3647 XV
2667 3611 2799 3649 con-

207 3678 404 3733 sectam
436 3676 474 3731 f.
507 3680 724 3730 86—88
753 3676 989 3732 Probum
1022 3674 1236 3732 exhibet
1267 3694 1374 3732 non
1407 3676 1789 3751 depromptum
1823 3694 1885 3732 ex
1918 3693 2008 3740 ea,
2052 3677 2118 3732 de
2149 3694 2253 3750 qua
2287 3678 2469 3733 statim
2501 3678 2797 3734 videbimus

205 3762 590 3818 Marcanovana
621 3761 938 3817 recensione
971 3770 1026 3817 et
1057 3760 1190 3817 satis
1223 3762 1588 3825 emendatum:
1631 3762 1896 3835 praefatio
1930 3770 2106 3817 tamen
2140 3763 2339 3817 omissa
2370 3771 2453 3817 est
2496 3762 2796 3819 substituto

203 3847 438 3903 barbaro
471 3844 691 3902 exordio
722 3848 854 3903 hoc:
897 3848 1210 3903 notandum
1255 3852 1340 3902 est
1367 3850 1534 3902 etiam
1566 3864 1677 3917 quo
1716 3854 1892 3918 pacto
1922 3848 2192 3902 nonnulle
2221 3849 2404 3902 littere
2442 3850 2800 3919 principales

203 3934 668 4003 interpretantur
698 3946 808 4002 que
859 3938 925 3987 ut
945 3933 1260 4002 plurimum
1291 3934 1348 3986 in
1377 3935 1754 3987 monumentis
1804 3938 1858 3986 et
1886 3934 1943 3985 in
1973 3931 2369 4002 hystoriarum
2397 3934 2555 3987 libris
2582 3937 2793 3988 sacris-

206 4032 312 4088 que
339 4017 584 4088 publicis
613 4019 1003 4087 reperiuntur‚
1035 4023 1100 4071 ut
1119 4016 1354 4087 patebit.
1413 4015 1646 4077 Contuli,
1681 4016 1776 4071 sed
1806 4015 2013 4089 protuli
2044 4014 2169 4071 iude
2200 4016 2396 4071 selecta
2430 4025 2655 4072 tantum.

373 4117 428 4189 Ἰ)
473 4118 678 4173 Monac.
721 4117 838 4173 Lat.
879 4120 982 4171 716
1033 4120 1270 4192 scriptus
1321 4136 1369 4173 a.
1413 4122 1546 4171 1504
1592 4116 1658 4173 ab
1709 4117 2039 4173 Hartmanno
2085 4115 2310 4172 Schedel
2354 4116 2793 4189 Norimbergensi

209 4203 244 4256 s.
276 4207 392 4256 102.
427 4204 528 4257 103
557 4202 721 4258 simili
752 4202 924 4259 forma
955 4202 1114 4259 Probi
1159 4202 1608 4259 commentarium
1641 4200 1885 4257 exhibet:
1936 4200 2143 4257 scilicet
2182 4218 2283 4275 pro
2316 4200 2355 4271 S
2386 4204 2411 4253 1
2448 4203 2578 4257 baec
2608 4202 2797 4275 legun-

209 4296 320 4343 tur:
375 4288 562 4343 littere
613 4289 974 4359 quorundam
1021 4290 1532 4359 interpretaciones
1582 4302 1692 4359 que
1739 4289 2051 4357 plurimum
2102 4288 2161 4341 in
2214 4290 2587 4342 monumentis
2639 4294 2694 4341 et
2738 4288 2796 4341 in

207 4372 597 4443 hystoriarum
626 4373 786 4429 libm‘s
814 4374 1114 4445 sacrisque
1137 4373 1382 4445 publicis
1411 4376 1803 4444 reperiuntur,
1836 4379 2143 4447 sequuntur
2172 4379 2335 4426 notae
2366 4370 2558 4426 ordine
2584 4380 2793 4427 mutato

211 4474 380 4531 neque
411 4460 672 4529 integrae.
731 4458 906 4514 Pauca
937 4464 1150 4515 tantum
1181 4458 1304 4513 inde
1334 4459 1540 4532 placuit
1570 4466 1810 4513 enotare.

369 4556 424 4633 8)
455 4558 722 4616 lohannes
751 4559 1066 4615 Marcanova
1113 4558 1354 4615 medicus
1393 4559 1680 4614 Patavinus
1728 4557 2143 4632 inscriptionum
2190 4556 2435 4632 syllogae
2478 4574 2634 4629 quam
2666 4576 2712 4613 c.
2746 4576 2792 4614 a.

213 4645 334 4697 1457
365 4643 664 4700 elaboravit
708 4660 770 4699 ex
811 4645 985 4718 copiis
1028 4644 1254 4699 maxime
1293 4660 1322 4697 a
1353 4643 1566 4700 Kiriaco
1611 4643 1816 4716 paratis
1860 4642 2091 4699 inseruit
2142 4643 2304 4699 etiam
2335 4641 2498 4699 Probi
2542 4643 2607 4697 de
2648 4645 2795 4699 notis

210 4726 474 4790 libellum.
523 4729 615 4801 qui
659 4728 865 4803 legitur
907 4730 962 4784 in
1007 4729 1192 4785 codice
1236 4728 1394 4785 hodie
1437 4730 1694 4785 Beruensi
1724 4728 1763 4783 B
1794 4732 1860 4780 42
1906 4728 2415 4785 Marcanovanorum
2459 4728 2696 4784 omnium
2740 4736 2797 4784 et

208 4814 578 4887 antiquissimo
610 4822 667 4870 et
696 4813 906 4889 optim'o
939 4815 977 4869 s.
1008 4816 1310 4878 160—162,
1343 4814 1398 4871 in
1429 4814 1721 4887 descriptis
1752 4812 1875 4870 inde
1905 4812 2192 4870 Mutinensi
2222 4814 2259 4870 s.
2292 4815 2543 4877 208.209,
2574 4813 2792 4885 collegii
