3434 5442
682 343 804 406 428
1665 333 1907 396 sERvn
1957 331 2261 414 [senen]

2332 441 2365 485 s.
2392 442 2502 484 1⁷⁰*
2530 442 2627 485 cod.
2656 441 2753 486 Par.
2807 455 2853 497 p.
2882 443 2993 487 1837.
3019 445 3065 486 ss
3088 445 3129 487 r.

679 525 930 589 multum
973 531 1244 604 superest
1289 522 1362 583 de
1405 523 1727 592 sententia,
1775 522 1931 602 quod
1978 529 2171 583 tamen
2219 525 2552 584 necessario
2596 529 2937 604 separatum
2978 543 3105 586 mox
3139 527 3213 587 in·

678 630 986 692 ferendum
1031 630 1131 688 sit:
1188 627 1360 688 huius
1403 631 1688 705 punctum
1736 625 1807 686 ad
1842 627 2022 686 imam
2066 624 2319 686 litteram
2366 628 2658 704 ponimuS.
2748 626 2939 687 media
2982 635 3091 697 est,
3130 628 3213 688 ubi

677 733 804 794 fere
845 736 1073 792 tantum
1118 728 1190 790 de
1235 729 1524 790 sententia
1567 734 1864 805 superest,
1911 735 2193 808 quantum
2234 729 2353 790 iam
2398 728 2677 804 diximuS,
2722 747 2859 790 cum
2906 736 3092 790 tamen
3129 748 3207 790 re-

678 835 1022 914 spirandum
1069 835 1172 895 sit:
1219 831 1392 893 huius
1436 837 1722 911 punctum
1768 829 1843 890 ad
1886 830 2141 891 mediam
2186 829 2443 893 litteram
2502 834 2795 910 ponimus.
2883 832 2945 891 in
2988 829 3209 892 lectione

625 952 650 992 5
675 944 796 998 tota
840 938 1126 998 sententia
1171 933 1488 1015 perihodos
1533 933 1765 1005 dicitur,
1813 933 1978 994 cuius
2021 941 2219 1011 partes
2264 943 2399 995 sunt
2443 933 2567 994 cola
2614 941 2672 994 et
2716 939 3021 995 commata.
3064 933 3211 995 colon

677 1040 914 1122 quidam
960 1038 1234 1100 dixerunt
1275 1036 1638 1108 membrum,
1685 1053 1919 1097 comma
1964 1053 2219 1098 caesum.

1481 1327 1578 1389 DE
1622 1327 1987 1390 PARTIBVS
2032 1326 2449 1390 ORATIONIS.

845 1469 1002 1528 Duae
1060 1474 1198 1528 sunt
1247 1462 1606 1545 principales
1659 1473 1863 1545 partes
1908 1467 2221 1530 orationis.
2280 1482 2495 1524 nomen
2542 1471 2601 1525 et
2646 1463 2923 1534 verbum,
2980 1483 3049 1526 eo
3092 1465 3223 1546 quod

675 1576 838 1652 ipsae
883 1568 1039 1632 solae
1085 1569 1309 1630 faciunt
1353 1566 1779 1639 elocutionem,
1837 1575 1903 1628 ut
1960 1567 2203 1628 ‘Cicero
2249 1569 2486 1646 scripsit
2506 1572 2543 1637 ',
2602 1565 2911 1644 ‘Virgilius
2954 1567 3139 1637 fecit’,
3180 1579 3225 1628 et

601 1687 650 1729 ιο
677 1677 806 1736 sine
848 1675 996 1752 ipsis
1039 1669 1201 1732 nulla
1245 1668 1357 1730 alia
1402 1688 1542 1748 pars
1585 1668 1772 1748 inplet
1820 1668 2232 1730 elocutionem.
2326 1687 2459 1729 nam
2506 1669 2741 1749 quando
2788 1669 3039 1730 dicimus
3083 1673 3225 1750 ‘ipse

674 1776 878 1854 legens
895 1780 930 1845 ’,
978 1777 1175 1835 minus
1220 1780 1310 1834 est
1355 1771 1602 1852 aliquid,
1649 1780 1793 1851 puta
1840 1771 2022 1831 ‘dixit
2040 1776 2079 1841 ’,
2126 1779 2189 1831 ut
2250 1773 2325 1832 sit
2372 1774 2535 1851 ‘ipse
2580 1769 2785 1849 legens
2830 1770 3033 1832 dixit’.
3116 1773 3224 1832 Ari-

677 1875 930 1938 stotelici
974 1877 1119 1938 duas
1165 1875 1371 1936 dicunt
1415 1893 1545 1936 esse
1588 1884 1788 1953 partes
1834 1877 2146 1943 orationiS,
2195 1891 2409 1933 nomen
2442 1881 2502 1934 et
2548 1873 2818 1942 verbum,
2866 1874 3051 1936 Stoici
3080 1879 3225 1956 quin-

675 1998 803 2058 que,
853 1980 1223 2057 grammatici
1267 1984 1418 2048 octo,
1464 1975 1735 2056 plerique
1781 1993 2008 2046 novem,
2042 1975 2311 2056 plerique
2357 1975 2591 2046 decem,
2639 1974 2913 2056 plerique
2957 1975 3225 2037 undecim.

673 2084 1146 2145 interiectionem
1194 2080 1404 2140 Graeci
1449 2097 1570 2139 non
1614 2081 1853 2160 penitus
1895 2097 2014 2139 non
2059 2078 2309 2145 habent.
2367 2077 2471 2139 sed
2516 2081 2673 2140 inter
2717 2087 2921 2158 partes
2965 2083 3227 2141 orationis

599 2201 650 2242 15
677 2203 795 2245 non
850 2191 1192 2264 conputant.
1281 2199 1391 2244 nos
1459 2180 1708 2244 articulo
1766 2200 1885 2242 non
1940 2183 2176 2260 penitus
2241 2199 2537 2252 caremuS,
2608 2180 2713 2242 sed
2779 2184 2841 2240 in
2902 2185 3227 2260 pronomine

673 2296 1079 2368 conputamus.
1168 2295 1292 2347 tres
1337 2293 1536 2365 partes
1581 2286 1871 2346 orationis
1928 2291 2066 2346 sunt
2112 2301 2261 2362 quae
2306 2282 2541 2344 casibus
2585 2281 2987 2355 declinantur,
3035 2302 3229 2344 nomen

673 2408 1005 2470 pronomen
1051 2391 1460 2467 participium,
1510 2395 1568 2448 et
1614 2405 1732 2448 una
1777 2404 1926 2465 quae
1969 2383 2371 2465 temporibus,
2418 2385 2478 2447 id
2522 2393 2615 2447 est
2658 2385 2940 2455 verbum;
3014 2396 3228 2448 ceterae

676 2510 882 2554 omnes
941 2500 1215 2570 quattuor
1271 2508 1388 2551 non
1444 2488 1836 2551 declinantur.
1926 2492 2257 2568 quaesitum
2316 2495 2435 2559 est,
2496 2487 2729 2566 quando
2775 2505 2915 2568 pars
2970 2492 3231 2550 orationis

673 2597 828 2656 alius
875 2597 1073 2670 partis
1123 2596 1407 2654 orationis
1462 2593 1656 2653 officio
1715 2591 2007 2670 fungitur,
2066 2599 2265 2653 utrum
2320 2594 2414 2652 ius
2469 2609 2641 2652 suum
2696 2593 2954 2652 retineat
3008 2609 3079 2651 an
3124 2593 3232 2651 eius

598 2712 650 2755 20
675 2700 944 2774 recipiat,
975 2700 1144 2757 cuius
1173 2698 1385 2776 accipit
1418 2695 1932 2774 significationem.
1964 2712 2103 2755 nam
2134 2694 2479 2772 frequenter
2506 2695 2839 2754 invenimus
2866 2689 2895 2776 ΙΙ
2928 2701 2987 2754 et
3015 2696 3231 2754 nomina

673 2819 782 2881 pro
829 2798 1122 2861 adverbiis
1177 2801 1396 2879 posita,
1455 2805 1521 2859 ut
1565 2803 1893 2859 ‘torvum
1938 2796 2267 2866 clamat',
2326 2805 2385 2858 et
2440 2794 2717 2856 adverbia
2762 2813 2871 2874 pro
2918 2794 3233 2856 nominibus

674 2905 890 2983 posita,
940 2909 1004 2963 ut
1048 2907 1287 2962 ‘mane
1334 2905 1649 2962 novum’.
1742 2918 1926 2978 quare
1972 2899 2277 2960 sciendum
2324 2905 2414 2960 est
2458 2901 2773 2977 quoniam,
2822 2901 2873 2960 si
2920 2915 3130 2958 nomeu
3170 2901 3233 2958 sit

673 3023 783 3085 pro
830 3003 1106 3066 adverbio
1153 3006 1571 3077 constitutum,
1627 3004 1838 3081 incipit
1893 3019 2013 3062 non
2056 3021 2231 3083 posse
2277 3000 2580 3062 declinari.
2656 3004 2875 3062 etenim
2924 3019 3053 3062 cum
3098 3000 3233 3060 desi-

677 3115 776 3168 nat
835 3125 964 3168 esse
1020 3105 1179 3186 quod
1234 3113 1324 3167 est
1377 3114 1436 3169 et
1491 3112 1760 3166 transeat
1812 3105 1877 3164 in
1931 3101 2301 3174 adverbium,
2357 3105 2568 3182 incipit
2620 3105 2737 3164 iam
2784 3106 2873 3164 sic
2920 3121 3035 3163 non
3076 3119 3233 3182 posse

599 3228 649 3270 2⁵
677 3209 991 3277 declinari,
1050 3226 1226 3287 quem
1285 3207 1357 3268 ad
1413 3208 1654 3268 modum
1709 3224 1821 3267 nec
1875 3203 2020 3266 illud
2086 3204 2427 3266 adverbium
2494 3204 2843 3267 naturaliter
2912 3204 3231 3267 declinatur.

672 3317 814 3374 item
873 3309 1216 3372 adverbium
1271 3313 1321 3371 si
1375 3317 1639 3372 transeat
1702 3311 1768 3369 in
1840 3308 2331 3388 significationem
2388 3311 2675 3380 nominiS‚
2746 3326 2865 3369 non
2934 3325 3233 3387 numquam

677 3413 1035 3494 declinatur,
1083 3415 1360 3492 quoniam
1408 3413 1699 3492 significat
1745 3429 1873 3471 eam
1921 3418 2150 3488 partem
2180 3412 2497 3480 orationis,
2544 3427 2693 3490 quae
2738 3413 2955 3491 recipit
2998 3409 3233 3471 declina-

673 3519 918 3578 tionem.
1007 3515 1163 3576 unde
1224 3523 1315 3576 est
1377 3513 1523 3575 illud
1591 3513 1745 3594 apud
1810 3511 2108 3583 Plautum,
2178 3517 2243 3572 ‘a
2309 3515 2553 3591 primo
2619 3515 2815 3573 mani
2882 3529 3107 3591 usque
3162 3510 3233 3572 ad

675 3624 1120 3699 vesperam’.
1183 3621 1388 3697 utique
1433 3613 1608 3677 modo
1655 3633 1827 3677 mane
1872 3631 2087 3675 nomen
2135 3622 2250 3686 est,
2298 3615 2415 3675 hoc
2444 3631 2617 3675 mane
2660 3599 2839 3675 h‘uius
2882 3619 3069 3677 manis
3110 3613 3233 3675 huic

601 3737 652 3781 ao
678 3722 838 3781 mani
880 3720 994 3781 boc
1039 3737 1210 3780 mane
1255 3719 1327 3780 ab
1372 3720 1485 3780 boc
1529 3720 1708 3778 mani.
1800 3736 1935 3778 nam
1981 3721 2032 3779 si
2077 3716 2421 3778 adverbium
2482 3725 2667 3786 esset,
2718 3735 2827 3777 nec
2872 3735 3057 3796 genus
3096 3720 3230 3778 rec-i-

677 3831 880 3903 peret,
926 3840 1036 3882 nec
1079 3822 1506 3903 praepositioni
1549 3820 2006 3897 adiungeretur,
2052 3837 2162 3881 nec
2191 3829 2395 3900 posset
2437 3821 2458 3880 i
2503 3821 2831 3881 terminari.

815 4094 850 4146 6
883 4109 1106 4146 caesum.
1144 4110 1374 4147 Expmcu·
1414 4109 1562 4146 saris
1599 4107 1783 4146 notu-n
1824 4108 2017 4145 pamas
2056 4097 2421 4147 connum-Ani&
2456 4109 2487 4144 Α
2522 4108 2701 4144 sanum
2741 4108 2939 4146 mci-uu
2990 4107 3229 4146 anisi-tn

678 4182 766 4218 1³:8¹1·
793 4167 840 4216 P
975 4167 1004 4216 7
1035 4181 1098 4216 na
1127 4180 1369 4217 PAR-rmvs
1405 4161 1690 4231 onnloms]
1737 4167 1873 4216 nvcn3
1909 4180 1976 4215 na
2013 4179 2254 4216 marmus
2292 4178 2559 4216 ona-rioms
2596 4179 2739 4213 Auris
2780 4179 2965 4216 nonni
2997 4178 3230 4216 secuntus

679 4238 727 4286 P
761 4251 925 4288 senon
965 4250 1279 4287 entium-rici
1335 4251 1388 4288 tn
1447 4249 1710 4287 saci-snam
1766 4249 1949 4285 nourr!
2004 4249 2281 4286 itm-nonan
2333 4249 2723 4287 commem-nive
2761 4249 2793 4292 ς
2970 4235 3003 4286 8
3044 4235 3227 4284 uerbum

679 4323 820 4359 Διοτι
852 4323 911 4359 eo
940 4307 1077 4371 quod
1109 4308 1158 4356 P
1294 4305 1328 4356 9
1353 4307 1688 4358 elocutionem
1729 4317 1886 4358 pacm
1924 4312 1977 4354 ut
2004 4305 2055 4354 P
2191 4305 2257 4356 10
2283 4307 2483 4370 quaudo
2522 4304 2740 4355 dicimus
2774 4305 2889 4370 ipse
2920 4307 3090 4372 legens
3116 4305 3231 4354 dixit

678 4377 989 4428 Aristotelici
1009 4389 1076 4432 ς.·
1105 4377 1307 4442 quando
1341 4379 1559 4429 dicimus
1592 4378 1704 4443 ipse
1739 4374 1921 4440 legens
1944 4374 2089 4436 dixit,
2121 4390 2213 4439 pro
2243 4377 2442 4426 nomine
2476 4374 2739 4440 ponimus.
2771 4376 3075 4425 Aristotelici
3098 4375 3229 4425 editio

677 4446 996 4499 Ascensiana
1139 4447 1200 4498 11
1238 4446 1322 4513 sit]
1363 4449 1408 4498 si
1446 4447 1496 4496 P
1637 4447 1700 4497 19
1742 4445 1872 4492 alius
1908 4445 2069 4510 partis
2105 4447 2345 4496 orationis
2378 4461 2468 4496 om.
2507 4447 2591 4501 Ρς
2764 4443 2831 4495 20
2878 4447 3079 4512 recipiat
3102 4446 3227 4495 cuius

678 4533 770 4567 om.
811 4520 886 4568 P:
929 4518 1038 4566 eius
1079 4519 1225 4568 cuius
1263 4518 1449 4583 accipit
1482 4515 1905 4582 significationem
1943 4529 1978 4571 ς
2146 4517 2209 4566 21
2246 4513 2466 4580 torvum]
2515 4517 2674 4580 Vera.
2717 4515 2845 4566 Aen.
2888 4516 2975 4564 Vll
3018 4516 3110 4568 399

680 4589 746 4638 22
783 4585 946 4652 mane]
991 4588 1148 4652 Ver-9.
1181 4603 1355 4654 geor-9.
1393 4589 1456 4637 111
1487 4587 1588 4637 325
1765 4583 1832 4633 28
1868 4584 2008 4650 apud
2040 4583 2290 4654 Plautum]
2342 4588 2563 4639 Mostell.
2602 4586 2669 4634 ΙΙΙ
2710 4591 2761 4649 2,
2800 4585 2871 4636 80
2902 4585 3026 4651 (767
3061 4585 3123 4646 Η)
3160 4583 3227 4634 sol

680 4672 880 4724 semper
910 4657 992 4706 bic
1028 4666 1105 4706 est
1135 4673 1295 4730 usqpe
1331 4674 1360 4708 a
1391 4657 1526 4706 mani
1562 4655 1626 4705 ad
1647 4670 1940 4721 vesperum,
1972 4671 2111 4721 quem
2146 4672 2337 4708 versum
2372 4658 2436 4707 de
2472 4657 2647 4707 euclem
2680 4673 2739 4706 re
2762 4657 3023 4718 disputans
3055 4655 3227 4706 adca-i-

675 4729 782 4790 psit
817 4727 1024 4778 Servius
1053 4730 1104 4777 in
1149 4727 1306 4794 Ver-9,
1337 4727 1467 4780 Aen.
1507 4727 1550 4775 V
1583 4725 1675 4776 19:
1707 4727 1779 4789 cf.
1818 4725 2038 4792 Pompei.
2080 4741 2137 4790 p.
2178 4726 2281 4779 358
2458 4743 2489 4776 a
2525 4729 2689 4792 primo
2729 4728 2865 4776 mani
2900 4727 3151 4790 Pompeius
3176 4739 3223 4787 p·

681 4795 750 4848 88
776 4811 806 4846 a
842 4799 1006 4861 primo
1041 4811 1188 4846 mane
1215 4799 1266 4847 P
1399 4797 1468 4848 29
1504 4811 1778 4861 uesperum
1813 4810 1847 4852 ς
1986 4794 2053 4848 30
2086 4798 2149 4847 ab
2187 4796 2285 4849 hoo
2318 4813 2466 4848 mane
2494 4813 2527 4854 ς
2689 4797 2754 4849 31
2790 4811 2883 4847 nec
2918 4813 3084 4868 posse.
3120 4810 3152 4848 1.
3185 4809 3223 4846 a.

679 4868 941 4916 terminari
977 4868 1026 4916 P
1056 4881 1150 4915 nec
1181 4874 1358 4931 posset
1391 4865 1650 4916 terminari
1675 4879 1710 4920 ς
