3434 5442
686 347 766 409 78
1869 345 2098 408 ΡΒΟΒΙ

786 476 834 518 p.
860 463 951 506 iao.
968 463 1021 504 oo
1050 463 1101 506 n.
2859 475 2904 514 p.
2932 461 3024 503 ποτ.
3046 461 3099 502 es
3121 459 3173 506 v.

685 541 857 595 reant
900 533 971 594 ad
1016 553 1191 614 quam
1238 534 1489 595 formam
1546 534 1847 614 pertinere
1892 535 2285 612 reperiantur.
2375 541 2637 595 ceterum
2685 531 2933 596 ablativo
2978 551 3116 595 casu
3163 551 3271 593 nu·

686 637 835 698 meri
875 636 1189 713 singularis
1250 635 1321 697 ad
1369 635 1619 696 formam
1666 635 1944 698 Catilinae
1989 653 2101 697 nec
2147 654 2263 697 non
2309 643 2369 697 et
2409 635 2698 697 Anchisae
2754 635 3157 705 declinantur,
3218 641 3275 696 et

686 737 818 799 ideo
852 737 1089 798 eosdem
1123 755 1310 808 casus,
1357 737 1572 818 quibus
1610 737 1890 815 indigent,
1933 738 2276 808 subicimuS,
2325 744 2390 799 ut
2427 743 2753 816 appareant
2787 755 2896 816 per
2925 755 3076 819 quos
3106 754 3273 797 casus

686 840 758 901 ad
804 857 980 921 quam
1038 841 1289 902 formam
1346 841 1645 920 pertinere
1702 841 2098 918 reperiantur.
2188 858 2373 921 quare
2429 857 2838 921 quaecumque
2882 840 3122 901 nomina
3176 855 3273 916 ge·

634 965 661 1006 a
688 943 845 1003 neris
888 941 1193 1002 masculini
1250 943 1517 1019 genetivo
1562 942 1653 1003 vel
1696 941 1890 1003 dativo
1943 961 2084 1004 casu
2139 942 2372 1003 numeri
2412 940 2726 1018 singularis
2768 961 2838 1002 ae
2882 939 3092 1002 litteris
3143 947 3275 1018 post

686 1037 1106 1106 consonantem
1169 1044 1559 1114 definiuntur,
1616 1045 1667 1103 si
1723 1045 2144 1106 nominativum
2193 1051 2294 1104 aut
2348 1045 2740 1104 accusativum
2787 1060 2988 1104 casum
3043 1043 3276 1103 numeri

686 1143 999 1222 singularis
1042 1144 1130 1206 vel
1172 1146 1351 1206 alium
1394 1145 1718 1226 quemlibet
1753 1165 1954 1207 casum
1999 1147 2234 1209 numeri
2284 1144 2530 1226 pluralis
2585 1145 2657 1206 ad
2702 1145 2954 1206 sormam
2997 1143 3277 1205 Catilinae

685 1247 883 1309 facere
929 1249 1324 1325 reperiuntur,
1373 1254 1513 1308 tunc
1560 1248 1706 1333 haec
1747 1266 1856 1328 per
1909 1256 2140 1310 ceteros
2185 1264 2357 1309 casus
2401 1247 2473 1308 ad
2519 1265 2730 1308 sonum
2777 1246 3055 1308 Catilinae
3098 1244 3274 1306 decli·

686 1356 923 1410 nantur.
1014 1367 1421 1429 quaecumque
1466 1357 1662 1412 autern
1708 1351 1946 1410 nomina
2000 1351 2234 1428 generis
2287 1349 2594 1410 masculini
2640 1351 2908 1428 genetivo
2939 1347 3042 1410 ·vel
3085 1348 3276 1408 dativo

611 1471 662 1513 πο
691 1469 831 1513 casu
871 1452 1105 1512 numeri
1150 1452 1466 1530 singularis
1505 1469 1573 1513 ae
1616 1451 1825 1512 litteris
1869 1451 2247 1522 definiuntur,
2293 1453 2342 1512 si
2389 1451 2809 1512 nominativum
2855 1450 2943 1512 vel
2993 1449 3278 1510 accusati-

686 1571 825 1615 vum
874 1571 1071 1614 casum
1110 1553 1342 1614 numeri
1384 1553 1699 1632 singularis
1744 1553 1814 1614 ad
1861 1553 2112 1616 formam
2157 1555 2388 1615 Aeneae
2435 1553 2630 1613 facere
2674 1555 3091 1631 reperiuntur,
3135 1558 3277 1611 tunc

690 1655 835 1717 haec
894 1673 1001 1734 per
1045 1663 1275 1717 ceteros
1322 1673 1492 1718 casus
1542 1656 1615 1716 ad
1656 1659 1868 1716 sonum
1915 1656 2145 1717 Aeneae
2203 1654 2594 1717 declinantur.
2685 1673 3091 1735 quaecumque
3135 1671 3273 1712 vero

690 1759 929 1818 nomina
982 1758 1213 1836 generis
1270 1756 1575 1819 masculini
1632 1759 1900 1835 genetivo
1955 1757 2043 1819 vel
2106 1758 2296 1819 dativo
2354 1774 2494 1818 casu
2555 1759 2788 1818 numeri
2839 1755 3153 1835 singularis
3205 1773 3274 1816 ae

688 1857 899 1920 litteris
942 1866 1078 1938 post
1119 1867 1538 1921 consonantem
1597 1859 1987 1931 definiuntur,
2041 1859 2090 1919 si
2135 1860 2552 1919 nominativum
2608 1866 2709 1920 aut
2750 1860 3147 1919 accusativum
3189 1856 3278 1917 vel

615 1981 664 2022 η
690 1962 1016 2022 vocativum
1060 1979 1259 2022 casum
1306 1963 1539 2022 numeri
1580 1961 1892 2038 singularis
1949 1961 2020 2022 ad
2069 1961 2320 2022 sormam
2369 1961 2662 2022 Anchisae
2717 1961 2915 2021 facere
2964 1961 3275 2038 reperiun-

688 2069 802 2132 tur,
849 2070 989 2124 tunc
1035 2064 1181 2124 haec
1222 2082 1331 2143 per
1377 2072 1605 2125 ceteros
1650 2082 1823 2125 casus
1866 2064 1937 2124 ad
1983 2080 2192 2124 sonum
2238 2062 2526 2124 Anchisae
2568 2060 2954 2124 declinantur.

856 2165 941 2228 De
984 2167 1244 2227 vocativo
1292 2183 1428 2226 casu
1486 2167 1722 2226 numeri
1777 2165 2120 2241 singulariS,
2183 2167 2284 2244 qui
2327 2185 2359 2228 a
2417 2164 2610 2227 littera
2670 2171 2804 2242 post
2851 2171 3278 2224 consonantem

684 2269 1059 2330 terminatur.
1151 2285 1559 2348 quaecumque
1610 2269 1849 2328 nomina
1906 2269 2142 2345 generis
2187 2267 2496 2330 masculini
2543 2267 2801 2327 vocativo
2849 2283 2987 2326 casu
3043 2265 3280 2325 numeri

686 2367 1000 2447 singularis
1043 2388 1072 2428 a
1119 2367 1311 2431 littera
1358 2375 1492 2447 post
1535 2377 1957 2430 consonantem
2001 2372 2390 2432 terminantur
2435 2377 2493 2432 et
2539 2377 2734 2449 aptota
2781 2385 2910 2429 esse
2955 2385 3075 2427 non
3117 2369 3278 2427 inve-

608 2487 660 2530 20
687 2472 947 2540 niuntur,
992 2471 1139 2531 haec
1180 2471 1447 2548 indigent
1486 2469 1610 2530 aliis
1651 2470 1912 2542 casibus,
1949 2489 2058 2550 per
2099 2490 2248 2551 quos
2292 2477 2616 2552 appareant
2668 2469 2742 2532 ad
2800 2456 2976 2549 quam
3021 2469 3280 2529 formam
3369 2493 3376 2498 ·

686 2572 987 2652 pertinere
1049 2574 1442 2652 reperiantur.
1532 2580 1796 2634 ceterum
1856 2576 2126 2651 genetivo
2175 2573 2262 2635 vel
2309 2572 2558 2634 ablativo
2602 2591 2743 2634 casu
2793 2571 3028 2633 numeri
3073 2571 3280 2648 singu-

688 2673 827 2735 laris
871 2674 945 2734 ad
989 2673 1239 2736 formam
1284 2672 1564 2735 Catilinae
1600 2673 2002 2746 declinantur,
2049 2683 2107 2737 et
2150 2675 2282 2736 ideo
2329 2675 2570 2737 eosdem
2615 2693 2814 2744 casus,
2851 2672 3077 2753 ‘quibus
3121 2673 3282 2732 indi-

685 2782 853 2854 gent,
900 2775 1241 2848 subicimuS,
1289 2783 1353 2838 ut
1398 2785 1720 2855 appareant
1762 2795 1871 2856 per
1915 2797 2065 2858 quos
2111 2795 2281 2838 casus
2325 2777 2400 2838 ad
2443 2794 2618 2857 quam
2667 2777 2918 2836 sormam
2972 2775 3283 2854 pertinere

684 2879 1076 2956 reperiantur.
1106 2875 1145 2962 ΙΙ
1188 2897 1371 2958 quare
1416 2897 1822 2959 quaecumque
1885 2881 2120 2940 nomina
2181 2880 2416 2958 generis
2460 2877 2767 2940 masculini
2821 2877 3084 2938 vocativo
3131 2894 3284 2936 casu

606 2997 659 3038 25
688 2981 917 3040 numeri
956 2978 1268 3056 singularis
1298 2998 1330 3040 a
1363 2979 1557 3041 littera
1605 2982 1997 3042 terminantur
2043 2987 2101 3041 et
2133 2989 2329 3060 aptota
2365 2999 2494 3043 esse
2524 2999 2640 3041 non
2685 2981 3081 3048 inveniuntur,
3125 2977 3284 3038 haec

684 3082 731 3141 si
762 3083 1183 3143 nominativum
1214 3079 1305 3144 vel
1338 3083 1734 3144 accusativum
1779 3097 1979 3144 casnm
2027 3085 2258 3144 numeri
2291 3082 2605 3162 singularis
2632 3081 2704 3142 ad
2737 3082 2988 3143 sormam
3023 3077 3286 3161 Aefneae

684 3184 879 3245 facere
920 3186 1329 3263 reperiuntur,
1380 3191 1519 3246 tunc
1569 3203 1678 3265 per
1724 3191 1955 3246 ceteros
1999 3203 2170 3246 casus
2229 3185 2301 3246 ad
2347 3203 2556 3246 sonum
2599 3185 2830 3245 Aeneae
2881 3181 3282 3245 declinantur.

682 3303 1089 3366 quaecumque
1132 3304 1272 3348 vero
1311 3287 1548 3347 nomina
1592 3289 1828 3364 generis
1865 3286 2171 3349 masculini
2215 3289 2474 3348 vocativo
2509 3304 2646 3347 casu
2689 3285 2923 3347 numeri
2957 3281 3286 3362 SIngularis

683 3405 715 3445 a
771 3386 963 3449 littera
1014 3395 1149 3468 post
1202 3396 1625 3450 consonantem
1687 3391 2084 3450 terminantur
2142 3397 2198 3450 et
2243 3396 2439 3468 aptota
2495 3406 2623 3450 esse
2689 3403 2809 3448 nou
2866 3386 3283 3467 reperiuntur,

606 3505 657 3548 ao
686 3488 831 3550 haec
886 3490 935 3551 si
991 3491 1409 3551 nominativum
1462 3496 1521 3551 et
1578 3493 1978 3552 accusativum
2035 3508 2234 3551 casum
2294 3491 2527 3551 numeri
2581 3489 2897 3566 singularis
2945 3486 3036 3548 vel
3091 3486 3286 3547 alium

682 3581 1004 3669 quemlibet
1053 3609 1259 3652 casum
1304 3593 1533 3652 numeri
1579 3590 1824 3671 pluralis
1871 3592 1944 3652 ad
1988 3591 2238 3653 formam
2285 3592 2561 3654 Catilinae
2613 3592 2810 3651 facere
2868 3589 3286 3668 reperiuntur,

681 3698 821 3752 tunc
863 3709 973 3772 per
1016 3700 1179 3754 oeten
1181 3711 1249 3754 os
1294 3711 1465 3754 casus
1504 3694 1576 3755 ad
1622 3712 1832 3755 sonum
1879 3693 2158 3756 Catilinae
2205 3693 2592 3756 declinantur.

851 3792 935 3862 De
988 3793 1237 3855 ablativo
1293 3812 1432 3855 casu
1488 3797 1718 3857 numeri
1777 3795 2116 3874 singulariS,
2178 3797 2278 3877 qui
2332 3815 2362 3857 a
2419 3795 2608 3856 littera
2660 3802 2794 3873 post
2847 3799 3288 3855 consonantem

680 3897 1048 3958 terminatur.
1138 3915 1544 3978 quaecumque
1598 3898 1836 3958 nomina
1887 3899 2123 3978 generis
2172 3897 2483 3960 masculini
2535 3896 2785 3958 ablativo
2839 3915 2977 3958 casu
3033 3897 3294 3957 numeri

602 4013 653 4056 aa
679 3997 994 4076 singularis
1039 4017 1071 4059 a
1116 3998 1307 4060 littera
1350 4007 1485 4078 post
1528 4007 1948 4061 consonantem
1992 4001 2384 4062 terminantur
2427 4008 2484 4061 et
2527 4007 2723 4080 aptota
2771 4015 2898 4060 esse
2943 4015 3060 4058 non
3110 4000 3292 4059 inve-

678 4101 937 4170 niuntur,
983 4099 1133 4162 haec
1175 4101 1437 4179 indigent
1478 4100 1608 4162 aliis
1658 4101 1920 4171 casibuS‚
1968 4119 2076 4180 per
2122 4121 2272 4182 quos
2314 4109 2639 4182 appareant
2680 4101 2754 4162 ad
2797 4119 2972 4180 quam
3012 4099 3292 4161 formam

675 4202 974 4280 pertin-ere
1031 4205 1423 4281 reperiantur.
1516 4210 1777 4264 ceterum
1823 4206 2092 4281 genetivo
2146 4211 2204 4264 et
2246 4204 2438 4264 dativo
2491 4221 2629 4264 casu
2678 4203 2910 4264 numeri
2955 4201 3296 4282 singularis

676 4303 751 4365 ad
806 4305 1056 4365 formam
1103 4304 1379 4366 Catilinae
1446 4322 1557 4366 nec
1616 4323 1732 4365 non
1801 4310 1859 4366 et
1897 4303 2186 4366 Anchisae
2251 4303 2649 4374 declinantur,
2717 4312 2774 4367 et
2829 4304 2960 4366 ideo
3025 4305 3292 4366 eosdem

676 4424 865 4479 casua,
914 4407 1128 4487 quibus
1168 4407 1457 4486 indigent,
1503 4406 1856 4476 subicimuS,
1900 4419 1966 4468 ut
2009 4415 2330 4487 appareant
2385 4425 2490 4486 per
2547 4425 2695 4486 quos
2742 4423 2915 4468 casus
2967 4407 3294 4490 adquam

598 4519 651 4561 ιο
678 4508 927 4570 formam
969 4509 1267 4589 pertinere
1309 4509 1702 4588 reperiantur.
1794 4526 1976 4588 quare
2023 4527 2428 4588 quaecumque
2475 4509 2710 4570 nomina
2755 4511 2990 4588 generis
3034 4526 3297 4570 mascu-

675 4607 779 4670 lini
821 4607 1071 4671 ablativo
1109 4629 1247 4672 casu
1284 4610 1518 4672 numeri
1560 4610 1872 4690 singularis
1915 4629 1949 4671 a
1977 4609 2168 4672 littera
2207 4613 2597 4672 terminantur
2612 4617 2701 4720 ⁸et
2741 4615 2940 4691 aptota
2971 4627 3100 4674 esse
3149 4629 3296 4672 non

812 4823 876 4874 31
918 4821 1192 4886 quemlibet
1227 4824 1424 4874 numeri
1458 4825 1533 4874 Ro
1672 4825 2030 4891 repperiantur
2067 4823 2143 4876 Ro
2285 4825 2352 4876 37
2391 4833 2439 4875 et
2476 4825 2648 4875 dativo
2686 4841 2778 4878 om.
2818 4825 2880 4890 R,
2916 4825 3043 4876 add.
3083 4825 3136 4876 B
