3434 5442
646 340 770 401 244
1800 338 2087 421 [enom]

752 468 792 507 μ.
825 453 1023 495 κιο-ιε
1052 454 1100 493 Ρ.
2844 472 2891 511 p.
2922 459 2989 499 τε.
3012 459 3063 498 τις
3092 459 3140 499 1..

645 543 900 604 persona
943 525 1129 585 futuri
1173 526 1458 603 temporis
1500 526 1561 584 in
1603 526 1793 602 prima
1838 528 2247 605 coniugatione
2300 534 2599 604 ppstrema
2642 527 2859 608 syllaba
2918 528 3088 590 brevi
3142 548 3242 591 ex-

647 627 918 707 plicatur,
967 624 1327 706 paenultima
1355 635 1551 688 autem
1599 628 1895 688 interdum
1925 628 2215 707 positione
2253 628 2447 705 longa,
2496 636 2562 688 ut
2590 628 2811 689 utinam
2848 630 3241 707 contempler.

646 727 960 807 aliquando
1020 726 1212 799 brevi,
1269 736 1334 790 ut
1389 731 1614 789 utinam
1675 747 1869 799 amer,
1918 729 2212 790 interdum
2255 728 2463 809 longa,
2512 736 2579 790 ut
2635 731 2855 791 utinam
2916 732 3239 793 exclamet.

644 831 902 892 secunda
949 830 1034 891 vel
1084 831 1251 892 tertia
1289 848 1544 911 persona
1582 830 1900 907 singularis
1956 832 2017 890 in
2062 830 2339 893 omnibus
2384 832 2899 911 coniugationibus
2946 832 3241 911 paenulti-

592 960 616 997 5
646 952 800 993 mam
833 928 860 1015 ss
889 931 1170 1012 syllabam
1219 950 1457 1012 semper
1507 932 1740 1011 longam
1792 934 2118 1011 recipiunt,
2172 935 2295 995 sive
2346 952 2378 994 a
2424 934 2543 995 sive
2591 952 2624 994 e
2668 932 2899 994 vocales
2960 934 3239 995 habeant.

643 1038 833 1115 prima
891 1036 1223 1113 coniugatio
1281 1054 1313 1096 e
1367 1034 1618 1096 litteram
1679 1035 2025 1114 productam
2084 1034 2355 1104 habebit,
2415 1044 2479 1096 ut
2534 1036 2756 1096 utinam
2814 1035 3243 1113 contempleris

645 1136 1112 1215 contempletur;
1159 1145 1394 1198 ceterae
1439 1154 1578 1197 vero
1618 1154 1651 1197 a
1679 1135 1934 1198 litteram
1981 1138 2329 1214 productam
2365 1136 2603 1206 habent,
2640 1145 2707 1197 ut
2739 1138 2967 1197 utinam
2998 1156 3240 1198 monea-

642 1241 756 1310 ris,
815 1240 1038 1300 utinam
1093 1238 1378 1309 audiaris,
1437 1240 1657 1299 utinam
1713 1238 1947 1315 legaris
2042 1238 2115 1299 de
2164 1249 2459 1316 postrema
2528 1246 2723 1298 autem
2780 1240 3055 1299 omnium
3124 1257 3239 1298 non

645 1339 1019 1410 dubitaveriS,
1065 1342 1207 1419 quin
1252 1338 1448 1401 brevis
1493 1342 1566 1400 sit
1605 1339 1831 1401 eadem.
1894 1340 2122 1401 litterae
2169 1338 2397 1401 vocales
2442 1360 2475 1401 a
2508 1348 2567 1401 et
2603 1358 2636 1400 e
2680 1342 2793 1400 vim
2840 1356 3012 1400 suam
3064 1343 3239 1401 etiam

569 1464 615 1505 ιο
644 1460 892 1503 numero
923 1439 1138 1522 plurali
1182 1440 1536 1512 custodiunt,
1583 1449 1647 1501 ut
1681 1444 1904 1503 utinam
1950 1440 2418 1519 contemplemur
2456 1440 2959 1521 contemplemini,
3012 1444 3237 1503 utinam

642 1544 962 1607 doceamur
1003 1542 1363 1611 doceamini,
1413 1544 1632 1605 utinam
1677 1541 1985 1605 audiamur
2028 1543 2375 1613 audiamini,
2435 1546 2659 1604 utinam
2704 1543 3044 1604 scribamur
3092 1545 3239 1604 scri·

641 1646 883 1709 bamini.
972 1645 1266 1707 secundae
1309 1663 1602 1724 personae
1645 1644 2006 1724 paenultima
2050 1644 2243 1705 brevis
2280 1651 2368 1706 est
2412 1651 2471 1705 et
2514 1644 2716 1705 ultima
2758 1644 2952 1723 longa.

809 1747 1190 1809 Adiunctivus
1244 1745 1458 1808 modus
1524 1755 1797 1826 tempore
1856 1749 2153 1825 praesenti
2216 1748 2457 1826 optativi
2512 1746 2671 1809 modi
2720 1747 2923 1807 futuro
2976 1748 3237 1825 tempori

641 1852 921 1930 conpetit.
1011 1851 1394 1929 praeteritum
1447 1849 1860 1927 imperfectum
1908 1856 2140 1927 tempus
2184 1850 2482 1928 praesenti
2536 1850 2787 1927 tempori
2840 1849 2999 1908 modi
3060 1866 3237 1927 supe-

565 1974 613 2014 15
641 1953 817 2014 rioris
864 1952 1153 2030 congruit.
1243 1952 1628 2030 praeteritum
1671 1959 1865 2011 autem
1904 1951 2233 2030 perfectum
2279 1956 2337 2011 et
2371 1949 3017 2029 plusquamperfectum
3059 1967 3237 2027 supe·

639 2056 865 2115 riorum
919 2052 1231 2113 modorum
1275 2051 1645 2131 temporibus
1699 2053 1761 2113 in
1805 2070 1911 2115 sua
1952 2054 2151 2132 specie
2198 2053 2592 2114 consentiunt.
2684 2052 2948 2112 futurum
2996 2059 3239 2130 tempus

638 2158 899 2236 primum
943 2154 1186 2215 huiusce
1229 2153 1388 2214 modi
1435 2170 1544 2231 pro
1591 2154 1712 2216 suis
1760 2152 2271 2233 coniugationibus
2324 2155 2579 2232 tempori
2620 2151 2821 2214 futuro
2870 2152 3033 2213 modi
3094 2172 3237 2232 pro-

637 2257 942 2318 nuntiativi
981 2252 992 2339 Ι
1032 2257 1334 2334 congruit,
1395 2264 1460 2316 ut
1511 2274 1646 2317 cum
1703 2254 2175 2335 contemplabor,
2236 2273 2369 2316 cum
2428 2254 2748 2323 monebor,
2806 2272 2942 2315 cum
3000 2254 3238 2321 audiat,

638 2378 772 2420 cum
813 2357 994 2437 legar.
1085 2356 1242 2417 aliud
1287 2366 1481 2419 autem
1527 2356 1791 2420 futurum
1848 2356 1937 2420 vel
1982 2357 2231 2420 ulterius
2284 2358 2621 2437 praeteritis
2676 2356 3049 2437 temporibus
3092 2374 3238 2436 per-

559 2479 609 2521 ω
639 2460 805 2521 fectis
845 2460 1150 2519 consentit.

807 2559 1130 2623 lnfinitivus
1174 2560 1404 2631 modus,
1450 2579 1626 2640 quem
1673 2569 1733 2621 et
1775 2568 2129 2640 perpetuum
2176 2560 2417 2639 quidam
2460 2569 2695 2629 vocant,
2743 2568 3013 2639 tempore
3054 2578 3235 2638 prae.-

637 2667 787 2726 senti
830 2662 1346 2741 coniugationibus
1397 2661 1614 2733 tribnS‚
1678 2682 1824 2743 quas
1868 2663 2186 2742 productas
2240 2680 2475 2741 semper
2518 2680 2645 2723 esse
2702 2662 2986 2731 diximuS,
3049 2680 3237 2739 paen-

637 2766 836 2828 ultima
881 2772 1298 2845 postremaquc
1344 2764 1533 2840 longis
1573 2762 1812 2844 syllabis
1854 2764 2198 2843 explicatur,
2242 2772 2306 2824 ut
2342 2764 2585 2825 clamari
2626 2763 2828 2825 doceri
2867 2766 3121 2832 moneri,
3166 2774 3237 2825 ut

635 2874 764 2930 ‘ne
810 2885 1089 2948 quaere
1133 2867 1426 2928 doceri’
1500 2876 1558 2927 et
1624 2868 2027 2927 ‘mutarive
2081 2873 2297 2944 putas
2341 2863 2659 2926 bellum’
2724 2875 2783 2926 et
2840 2866 3055 2925 ‘hinc
3104 2884 3234 2926 ex-

555 2992 606 3031 25
637 2971 936 3032 audiri'.
1028 2971 1197 3030 tertia
1255 2975 1448 3029 autem
1502 2969 1915 3045 coniugatione
1959 2976 2235 3046 correpta
2290 2976 2557 3046 tempore
2599 2967 2739 3027 item
2790 2970 3121 3045 praesenti,
3178 2970 3231 3026 si

477 3054 482 3059 ⁶
633 3071 988 3151 paenultima
1046 3070 1266 3150 syllaba
1333 3068 1551 3147 ubique
1604 3070 1895 3147 producta
1942 3070 2117 3130 fuerit
2182 3077 2242 3129 et
2293 3072 2354 3129 in
2400 3070 2591 3148 capite
2631 3067 2796 3129 verbi
2850 3069 3059 3137 fuerit,
3130 3070 3233 3129 hic

633 3192 872 3254 quoque
916 3172 1296 3251 producenda
1342 3179 1448 3241 est,
1496 3177 1558 3233 ut

937 3276 1377 3355 progeniem
1423 3273 1550 3333 sed
1593 3274 1785 3333 euim
1834 3272 2165 3333 Troiano
2210 3292 2242 3333 a
2288 3276 2661 3347 sanquine
2705 3275 2902 3333 duci.

633 3386 691 3438 at
733 3379 784 3437 si
828 3376 1050 3457 ubique
1091 3378 1439 3453 corripitur,
1487 3374 1893 3453 corripienda,
1936 3381 2001 3435 ut
2044 3375 2105 3434 in
2152 3374 2389 3435 Lucano
2430 3374 2788 3436 ‘Romano
2828 3383 3229 3454 spectante

554 3500 605 3540 30
632 3481 851 3557 rapi'.
944 3479 1242 3538 interdum
1279 3485 1472 3538 autem
1522 3486 1583 3539 et
1619 3477 1911 3556 positione
1952 3476 2125 3555 longa
2172 3484 2277 3545 est,
2328 3483 2389 3536 ut

937 3586 1247 3639 tantane
1293 3586 1428 3639 tam
1475 3580 1786 3656 patiens
1830 3576 2035 3639 nullo
2078 3579 2493 3639 certamine
2537 3576 2731 3639 tolli.

632 3686 926 3757 postrema
971 3688 1164 3740 autem
1207 3678 1428 3759 syllaba
1471 3682 1530 3740 in
1574 3679 1852 3741 omnibus
1892 3682 2020 3741 sine
2058 3680 2439 3757 ambiguitate
2484 3678 2658 3759 longa
2698 3692 2805 3741 est.
2894 3681 3225 3757 praeterito

629 3789 898 3859 tempore
943 3782 1130 3859 prima
1178 3790 1235 3841 et
1283 3782 1449 3841 tertia
1491 3783 1824 3860 coniugatio
1880 3782 2167 3861 producta
2222 3780 2645 3861 paenultimam
2688 3781 2925 3861 longam
2974 3789 3033 3841 et
3088 3782 3225 3842 ulti-

630 3900 786 3943 mam
832 3882 1072 3944 brevem
1117 3900 1353 3961 semper
1383 3880 1412 3967 [l
1441 3885 1764 3961 recipiunt,
1823 3890 1888 3944 ut
1931 3882 2317 3944 reclamatum
2364 3900 2520 3954 esse,
2584 3883 2845 3944 auditum
2894 3902 3054 3945 esse:
3126 3904 3227 3945 se·-

552 4004 602 4044 35
629 3984 820 4045 cunda
865 3986 1200 4061 coniugatio
1258 3984 1677 4063 paenultimam
1726 3982 2005 4065 syllabam
2049 3985 2345 4046 interdum
2389 3984 2633 4047 brevem
2689 3987 2927 4064 recipit,
2986 3993 3049 4046 ut
3090 4004 3221 4047 mo-

631 4088 819 4147 nitum
879 4104 1035 4155 esse,
1104 4087 1399 4148 interdum
1455 4088 1744 4166 positione
1798 4086 2066 4165 longam,
2136 4094 2199 4147 ut
2258 4088 2495 4149 doctum
2554 4104 2711 4149 esse:
2793 4089 2965 4148 tertia
3020 4095 3221 4149 autem

631 4190 966 4265 coniugatio
1012 4196 1284 4266 correpta
1340 4206 1576 4268 semper
1619 4190 1908 4266 positione
1960 4188 2193 4267 longam
2242 4190 2448 4259 efficit,
2508 4199 2573 4251 ut
2620 4190 2861 4250 ductum
2908 4208 3067 4260 esse,
3132 4192 3221 4251 di-

626 4300 864 4370 reptum
909 4309 1053 4351 esse.
1143 4292 1407 4351 futurum
1453 4290 1779 4351 secundum
1824 4292 2113 4352 rationem
2157 4292 2642 4369 coniugationum
2702 4292 2761 4351 in
2800 4293 2989 4369 prima
3036 4294 3221 4370 parti·

764 4538 796 4587 3
834 4553 974 4587 amer
1003 4538 1255 4589 interdum
1295 4550 1476 4590 natura
1517 4539 1668 4605 longa
1701 4554 1737 4597 ς
1930 4540 1965 4593 9
2002 4556 2031 4589 a
2060 4550 2109 4590 et
2138 4558 2163 4591 a
2200 4537 2249 4592 Β
2461 4539 2524 4593 18
2562 4549 2614 4590 ut
2650 4538 3039 4607 contemplabor
3076 4558 3221 4593 com-

626 4608 868 4655 monebor
897 4607 950 4655 B
1123 4610 1192 4659 20
1227 4612 1546 4660 consentiunt
1584 4608 1634 4659 B
1808 4612 1873 4661 24
1912 4608 1993 4675 ue]
2045 4613 2200 4677 ἴση).
2238 4612 2371 4661 Aen.
2414 4612 2475 4661 Vl
2510 4610 2611 4661 (514
2754 4622 2810 4661 nt
2845 4614 3103 4663 mutan-ine
3142 4614 3224 4663 B.-

633 4676 787 4739 Very.
833 4676 962 4725 Aen.
1001 4675 1046 4725 X
1082 4676 1184 4729 627
1325 4678 1464 4744 hinc]
1510 4681 1668 4745 γει-9.
1688 4679 1820 4729 Aen.
1864 4682 1953 4729 llll
1990 4682 2094 4731 460
2250 4682 2320 4731 28
2360 4679 2677 4747 progeniem]
2727 4684 2885 4747 Ver-9.
2918 4683 3055 4733 Aen.
3094 4685 3117 4732 1
3162 4684 3223 4732 19

763 4747 958 4794 troiano
995 4761 1024 4794 a
1060 4764 1103 4795 s.
1143 4746 1254 4795 adsi
1293 4750 1482 4811 ubique
1521 4750 1570 4798 B
1780 4748 1849 4799 2‘.)
1881 4752 1931 4799 in
1970 4747 2197 4813 Lucano]
2240 4750 2479 4804 Phar-sal.
2516 4754 2533 4801 l
2573 4751 2675 4800 484
2886 4752 2951 4803 31
2988 4753 3221 4819 tantane]

629 4814 786 4879 Very.
827 4815 956 4864 Aen.
998 4816 1040 4863 'V
1076 4814 1180 4865 390
