3434 5442
1297 315 1718 380 PRAEFATIO
2610 326 2807 375 xnvn

224 499 458 566 Bebelii
491 509 642 567 arte
687 501 1126 568 versificandi.
1184 503 1619 588 antiquiorem
1661 499 1814 565 libri
1858 498 2132 564 formam
2175 499 2421 585 primus
2465 499 2807 562 restituere

229 602 462 668 studuit
505 603 868 670 Putschius
921 605 1386 690 Bongarsianis
1432 605 1618 669 libris
1663 601 1960 683 adiutus,
2005 611 2081 666 ut
2123 601 2313 682 dicit,
2362 607 2501 665 ‘ars
2546 601 2627 664 de
2662 622 2807 665 cen·

230 715 346 770 tum
395 707 631 770 metris
696 729 784 772 ex
837 707 1022 772 libris
1065 708 1414 794 Bongarsii
1468 705 1769 792 plurimis
1826 703 1984 769 locis
2039 713 2231 769 aucta
2284 711 2350 767 et
2405 703 2803 768 emendata'.

229 807 398 894 plura
451 807 836 873 emendavit
875 808 1272 876 Laurentius
1318 809 1694 888 Santenius,
1752 807 1863 892 qui
1906 805 2240 871 codicibus
2293 827 2493 870 manu
2546 806 2807 890 scriptis

233 921 288 974 et
331 911 666 976 veteribus
729 911 1124 976 editionibus
1189 911 1506 976 adhibitis
1571 908 1985 974 emendatum
2048 906 2197 974 libri
2264 916 2515 973 textum
2581 907 2807 993 paucis

232 1013 604 1077 coniecturis
647 1013 718 1077 in
756 1013 1050 1098 margine
1103 1014 1342 1079 additis
1397 1012 1605 1078 edidit
1648 1032 1708 1076 a.
1758 1017 1945 1081 1788.
1963 1011 2028 1097 *)
2116 1030 2509 1098 quamquam
2547 1011 2605 1075 is
2651 1031 2805 1096 quo—

233 1135 344 1200 que
383 1135 507 1180 nec
549 1114 815 1202 optimis
859 1137 1016 1180 usus
1061 1125 1162 1181 est
1201 1116 1537 1181 codicibus
1584 1123 1652 1178 et
1693 1113 1965 1179 nimium
2022 1114 2253 1178 tribuit
2295 1113 2627 1178 veteribus
2675 1111 2808 1177 edi-

233 1216 534 1299 tionibus,
581 1239 860 1302 quarum
899 1216 1081 1282 nulla
1123 1219 1474 1283 auctoritas
1521 1226 1642 1282 est.
1729 1224 1879 1302 post
1931 1215 2103 1280 hunc
2154 1214 2317 1280 nihil
2369 1214 2523 1279 novi
2588 1211 2810 1278 attulit

237 1319 552 1384 Francisci
582 1317 837 1384 Nicolai
865 1319 1111 1384 Kleinii
1156 1318 1354 1384 editio
1394 1321 1466 1383 in
1509 1319 1862 1405 scriptione
1893 1316 2281 1383 scholastica
2309 1315 2804 1381 Confluentibus

237 1444 289 1485 a.
330 1427 494 1490 1824
538 1421 854 1503 exhibita,
902 1429 921 1458 ‘
940 1421 1155 1486 Mauri
1200 1422 1413 1487 Servii
1457 1420 1869 1506 grammatici
1917 1441 2022 1483 ars
2072 1418 2155 1483 de
2198 1429 2459 1484 centum
2501 1419 2725 1483 metris
2771 1439 2808 1481 e

237 1523 444 1588 codice
486 1532 710 1588 vetere
751 1533 1099 1590 correcta’.
1157 1546 1310 1588 nam
1337 1544 1731 1611 quamquam
1758 1521 2275 1586 Darmstadiensi
2318 1521 2571 1602 codice,
2615 1541 2809 1606 quem

239 1647 420 1711 supra
468 1625 790 1708 indicavi,
841 1649 1002 1692 usus
1055 1636 1184 1708 est,
1241 1635 1460 1690 tamen
1516 1647 1729 1712 neque
1785 1623 1993 1690 codex
2047 1623 2547 1710 interpolatione
2590 1632 2803 1702 vacat,

237 1729 392 1794 sicut
440 1726 540 1792 illi
595 1729 810 1794 visum
865 1738 994 1810 est,
1057 1749 1270 1815 neque
1313 1729 1456 1814 ipse
1499 1727 1584 1792 ad
1629 1728 1767 1792 eius
1812 1727 2268 1792 auctoritatem
2306 1725 2549 1791 librum
2594 1723 2807 1791 Servii

237 1831 472 1914 exegit,
540 1830 660 1896 sed
715 1830 1008 1895 Santenii
1063 1830 1508 1895 recensionem
1563 1837 1823 1895 secutus
1880 1827 2385 1916 discrepantiam
2438 1826 2681 1893 codicis
2736 1835 2803 1891 et

235 1933 578 2018 scripturas
624 1942 918 1998 veterum
959 1933 1312 1999 editionum
1339 1933 1411 1996 in
1439 1932 1856 1997 adnotatione
1884 1931 2191 2013 subiecit,
2237 1953 2442 2018 eaque
2468 1932 2564 1996 ita
2592 1929 2809 2016 dispo-

231 2034 382 2115 suit,
436 2045 514 2100 ut
572 2055 767 2121 saepe
819 2035 1111 2120 intellegi
1153 2043 1466 2122 nequeat,
1521 2033 1678 2120 quid
1720 2035 1791 2098 in
1833 2033 2054 2099 codice
2098 2036 2413 2121 scriptum
2456 2035 2561 2098 sit.
2650 2033 2807 2098 San-

231 2135 382 2201 tenii
437 2137 882 2202 recensionem
932 2137 1196 2224 repetiit
1249 2137 1447 2202 etiam
1491 2135 1907 2201 Graisfordius
1950 2137 2019 2200 iu
2077 2134 2503 2222 scriptoribus
2544 2134 2805 2199 Latinis

229 2240 318 2302 rei
368 2239 678 2320 metricae
733 2239 976 2305 Oxonii
1031 2261 1090 2304 a.
1139 2248 1301 2310 1837
1359 2237 1601 2304 additis
1659 2237 1859 2304 variis
1917 2239 2257 2324 scripturis
2312 2260 2461 2304 cum
2513 2247 2809 2303 veterum

231 2339 582 2407 editionum
624 2352 765 2406 tum
808 2340 1082 2406 duorum
1125 2342 1422 2408 codicum
1463 2340 1987 2406 Bodleianorum.

391 2443 470 2508 In
511 2451 700 2508 tanta
739 2441 944 2528 igitur
999 2442 1312 2508 librorum
1365 2465 1561 2507 manu
1616 2444 2006 2529 scriptorum
2050 2451 2117 2508 et
2158 2443 2313 2509 olim
2364 2443 2809 2530 inpressorum

231 2544 600 2610 diversitate
653 2545 916 2610 facilius
972 2545 1101 2610 fuit
1155 2547 1507 2631 genuinam
1550 2545 2152 2632 antiquissimorum
2194 2545 2491 2611 codicum
2535 2544 2809 2632 scriptu-

229 2669 363 2711 ram
406 2649 785 2730 restituere,
842 2669 1036 2735 quam
1079 2647 1236 2734 quid
1288 2655 1521 2735 postea
1563 2647 2064 2734 interpolatione
2105 2649 2673 2734 grammaticorum
2716 2647 2808 2713 in-

229 2759 482 2814 vectum
526 2749 615 2813 sit
657 2759 810 2815 ante
853 2751 1074 2815 oculos
1115 2771 1378 2836 ponere.
1436 2771 1588 2814 nam
1625 2749 2094 2836 Neapolitanus
2138 2752 2347 2817 codex
2388 2750 2484 2816 ita
2524 2751 2809 2836 reliquos

236 2873 452 2917 omnes
479 2851 777 2917 bonitate
807 2851 1168 2938 scripturae
1212 2851 1558 2933 antecellit,
1603 2862 1706 2934 ut,
1754 2852 1870 2918 ubi
1914 2853 2053 2918 eius
2090 2855 2477 2920 auctoritate
2504 2854 2603 2918 uti
2633 2853 2809 2934 licet,

227 2975 392 3018 unus
431 2954 576 3019 fere
618 2954 706 3019 ad
745 2976 973 3020 veram
1016 2953 1398 3041 scripturam
1438 2955 1958 3020 constituendam
2002 2955 2310 3022 sufficiat.
2370 2955 2436 3020 in
2466 2957 2547 3021 iis
2593 2963 2810 3020 autem

229 3078 393 3141 quae
433 3056 506 3120 in
546 3055 660 3120 illo
705 3057 1067 3142 perierunt,
1109 3054 1220 3120 vel
1263 3055 1584 3142 siquando
1629 3056 1933 3122 librarius
1978 3058 2305 3144 peccavit,
2352 3060 2509 3122 satis
2552 3057 2807 3122 firmum

229 3157 626 3243 praesidium
663 3169 964 3244 paratum
1007 3166 1110 3224 est
1150 3157 1449 3223 Parisino
1505 3170 1570 3222 et
1613 3156 2008 3223 Santeniano
2052 3159 2307 3242 codice,
2362 3182 2573 3246 neque
2627 3159 2811 3246 quid-

231 3281 420 3344 quam
461 3261 642 3346 quod
681 3259 814 3324 fide
855 3259 1124 3346 dignum
1168 3261 1254 3326 sit
1294 3281 1378 3324 ex
1419 3259 1689 3346 reliquis
1736 3260 2007 3327 accedit.
2069 3261 2186 3326 sed
2229 3272 2496 3349 propter
2523 3271 2810 3327 veterem

233 3362 679 3426 auctoritatem
741 3361 1280 3448 interpolatorum
1339 3362 1808 3450 exemplarium
1823 3411 1841 3444 ,
1908 3363 2145 3450 quibus
2213 3362 2366 3429 olim
2430 3385 2651 3430 omnes
2705 3362 2811 3427 usi

235 3474 408 3545 sunt,
475 3485 560 3528 ne
614 3465 846 3528 horum
899 3464 1162 3550 quidem
1217 3465 1540 3551 scriptura
1593 3487 1861 3553 prorsus
1916 3465 2265 3533 videbatur
2319 3466 2529 3532 omitti
2592 3487 2808 3553 posse.

237 3587 428 3648 quare
469 3575 732 3652 praeter
774 3565 1372 3653 antiquissimorum
1412 3567 1710 3632 codicum
1754 3567 2288 3654 discrepantiam,
2348 3591 2513 3656 quae
2555 3569 2814 3655 integra

239 3667 522 3732 exhibita
577 3677 710 3750 est,
775 3677 1070 3734 veterum
1135 3669 1492 3734 editionum
1563 3669 1983 3755 scripturam,
2052 3671 2169 3735 ubi
2225 3694 2387 3758 opus
2441 3670 2810 3753 videbatur,

240 3767 548 3851 indicavi,
605 3779 682 3834 ut
730 3769 1250 3854 intellegeretur,
1307 3793 1434 3857 quo
1488 3770 1680 3837 modo
1735 3770 1898 3837 haec
1956 3772 2111 3837 olim
2170 3776 2413 3861 scripta
2454 3774 2846 3857 ferrentur31

243 3891 436 3954 pauca
477 3873 675 3938 etiam
719 3894 804 3938 ex
833 3871 1360 3938 Darmstadiensi
1403 3874 1627 3938 codice
1672 3881 1739 3938 et
1768 3895 1851 3938 ex
1883 3874 2321 3940 Laurentiano
2354 3887 2454 3958 47,
2502 3885 2540 3948 8
2584 3877 2811 3964 quinto

243 3971 474 4038 decimo
517 3973 782 4038 saeculo
827 3973 1100 4061 scripto,
1147 3998 1274 4062 quo
1303 3997 1542 4061 genere
1571 3974 1888 4041 librorum
1916 3977 2355 4063 antiquissimi
2398 3978 2680 4044 editores
2708 3977 2813 4042 usi

244 4083 406 4157 sunt,
448 4075 796 4163 adscripsi.

387 4180 592 4246 Libro
623 4179 706 4244 de
735 4188 996 4244 eentum
1023 4179 1249 4244 metris
1278 4180 1526 4246 subieci
1555 4181 1847 4246 libellum
1890 4182 1983 4248 de
2024 4183 2303 4248 metris
2332 4182 2811 4249 Horatianis

245 4280 438 4365 ipsum
479 4303 740 4369 quoque
772 4281 988 4347 Servii
1030 4282 1288 4346 nomine
1328 4283 1746 4369 inscriptum,
1791 4284 1905 4371 qui
1950 4307 2035 4349 ex
2064 4285 2288 4350 codice
2318 4285 2612 4350 Parisino
2644 4293 2811 4356 7530

247 4381 286 4446 f.
323 4393 568 4456 35-38
622 4407 801 4451 nunc
863 4385 1146 4471 primum
1199 4383 1413 4450 editus
1471 4394 1589 4450 est.
1673 4407 1888 4473 neque
1940 4386 2079 4452 ulla
2122 4386 2262 4454 eius
2308 4386 2457 4453 libri
2492 4388 2815 4453 memoria

363 4559 412 4624 ²³¹)
434 4558 604 4612 Marii
629 4557 817 4610 Servii
833 4557 1110 4611 Honorati
1136 4543 1518 4610 centimetrum
1544 4575 1614 4610 ex
1635 4561 2027 4612 vetustissimis
2054 4561 2460 4627 exemplaribus
2484 4567 2811 4613 correctum.

253 4641 476 4710 Lugduni
515 4647 870 4697 Batavorum
916 4641 1062 4710 apud
1106 4643 1161 4695 S.
1201 4647 1257 4695 et
1289 4643 1354 4694 L.
1393 4644 1733 4696 Luchtmans
1779 4645 2435 4703 CIOIOCCLXXXVHI.
2473 4663 2507 4698 a
2544 4647 2812 4698 Santenio

257 4735 466 4791 paratam
513 4746 640 4782 esse
689 4729 995 4780 editionem
1039 4729 1274 4796 adparet
1319 4745 1386 4780 cx
1429 4732 1576 4781 notis
1613 4730 1869 4781 Santenii
1913 4737 1970 4783 ct
2004 4731 2278 4798 Lennepii
2324 4733 2379 4782 in
2416 4731 2811 4784 Terentianum

256 4809 464 4868 Maurum
499 4833 556 4884 p.
595 4817 702 4868 28⁷
739 4819 802 4865 et
834 4815 960 4867 488.
