3434 5442
1071 323 1170 390 DE
1212 323 1696 389 mmMA'rmvs
1743 321 2101 388 GENERVM
2751 327 2867 394 581

457 567 674 660 Quae
727 565 934 668 apud
971 563 1294 641 Latinos
1339 564 1727 661 feminina,
1778 563 1987 665 apud
2032 563 2377 642 Graecos
2420 573 2689 640 neutra

273 725 422 787 haec
466 741 616 805 aqua
659 715 736 784 τὸ
776 717 964 804 ὕδωρ
1600 719 1749 782 haec
1794 719 1961 781 frons
2004 714 2081 780 τὸ
2123 715 2431 800 μέτωπον

272 826 454 888 arbor
495 819 571 887 τὸ
615 820 905 907 δένδρον
1597 824 1786 902 figura
1831 820 2049 902 σχῆμα

273 930 434 991 auris
478 926 738 991 auricula
779 921 858 989 τὸ
899 910 1018 998 οὖς
1595 923 1716 986 falx
1761 916 1837 984 τὸ
1880 919 2223 1002 δρέπανον

219 1047 244 1086 ⁵
273 1038 467 1094 aestas
508 1026 584 1093 τὸ
624 1027 828 1111 θέρος
1594 1027 1741 1088 ficus
1785 1021 1999 1088 σῦκον

270 1132 500 1213 armilla
543 1127 620 1194 τὸ
661 1128 898 1206 ψέλιον
940 1127 1223 1191 κλανίον
1597 1129 1723 1191 sera
1764 1128 2016 1210 θηρίον
2894 1147 2943 1188 45

271 1237 498 1300 amfora
541 1228 618 1295 τὸ
661 1225 988 1315 κεράμιον
1593 1230 1793 1294 fabula
1837 1228 2063 1312 δρᾶμα

271 1336 394 1400 ales
435 1331 694 1417 πτηνόν
1593 1332 1787 1397 facula
1832 1327 1905 1395 τὰ
1952 1329 2337 1413 λαμπάδιον

269 1447 547 1502 antemna
593 1433 791 1519 κέρας
835 1435 1078 1499 πλοίου
1591 1435 1813 1517 frigida
1858 1428 1937 1496 τό
1978 1429 2245 1516 ψυχρόν

191 1554 242 1596 1⁰
269 1541 529 1604 avellana
575 1531 919 1602 Ποντικόν
1595 1538 1779 1601 falcra
1826 1534 2277 1619 ίπποκόσμιον

267 1645 423 1705 ascia
469 1638 854 1722 σκέπαρνον
1591 1642 1728 1703 finis
1772 1637 1958 1713 τέλος
2888 1656 2941 1696 50

269 1745 436 1826 adips
481 1739 680 1825 στέαρ
1591 1743 1782 1806 farina
1829 1735 2085 1824 ἄλευρα

267 1848 390 1910 avis
429 1839 670 1927 ὄρνεον
1595 1847 1833 1908 fortuna
1876 1838 2269 1926 ὑπάρχοντα

266 1948 399 2029 alga
441 1941 519 2009 τὸ
558 1942 777 2029 βρύον
1588 1950 1740 2011 haec
1781 1967 1927 2029 gens
1970 1947 2047 2008 τὸ
2090 1945 2293 2020 ἔθνος

188 2065 238 2108 15
265 2052 415 2114 haec
457 2049 594 2111 beta
636 2041 714 2111 τὸ
753 2047 1039 2110 σεῦτλον
1588 2053 1858 2132 gingivae
1902 2035 2073 2111 οὖλα

264 2154 412 2216 haec
457 2170 595 2214 caro
639 2144 715 2213 τὸ
753 2145 952 2229 κρέας
1589 2153 1861 2235 gloriatio
1906 2146 2215 2232 καύχημα
2885 2168 2938 2208 5⁵

265 2273 413 2317 cena
457 2247 857 2314 τόδετπνον
1032 2316 1042 2326 ,
1589 2257 1739 2319 haec
1782 2255 1949 2317 hasta
1994 2249 2072 2314 τὸ
2115 2247 2286 2334 δόρυ
3064 2235 3067 2240 ’

263 2357 466 2419 cloaca
506 2349 584 2417 τὸ
626 2349 1084 2436 ἀποχυτήριον
1589 2358 1776 2420 herba
1820 2356 2027 2418 sabina
2072 2355 2319 2437 σαβίνα
2362 2351 2595 2436 βράθν

262 2461 414 2522 cutis
455 2451 532 2519 τὸ
575 2453 786 2538 δέρμα
829 2457 951 2519 τοῦ
994 2449 1368 2540 ἀνθρώπου
1588 2461 1737 2521 haec
1780 2458 2078 2520 inlecebra
2123 2451 2197 2518 τό
2242 2455 2481 2536 δέλεαρ

185 2587 240 2628 20
265 2579 411 2642 cepa
456 2555 760 2642 κρόμυον
1127 2627 1132 2634 ,
1587 2560 1735 2624 haec
1780 2559 2025 2622 lacrima
2069 2554 2146 2622 τὸ
2190 2555 2494 2642 δάκρυον

263 2662 496 2726 culinae
540 2656 622 2724 τὰ
667 2657 865 2722 κοινά
1588 2663 1683 2726 lux
1729 2657 1807 2724 τὸ
1852 2658 1996 2743 φῶς
2882 2677 2935 2718 oo

261 2765 430 2828 calda
473 2757 550 2825 τὸ
587 2756 850 2844 θερμόν
1583 2765 1727 2828 lima
1770 2757 1849 2827 τὸ
1894 2760 2116 2845 ρινίον

261 2865 414 2929 calta
455 2859 533 2927 τὸ
573 2860 1028 2947 βούφθαλμον
1582 2867 1720 2930 lanx
1765 2865 2087 2948 λαγκλίον

261 2971 452 3032 cicuta
495 2963 784 3029 κώνειον
1581 2969 1765 3032 lutina
1808 2965 2094 3050 πήλωμα

186 3097 234 3140 25
261 3089 498 3152 campsa
541 3066 917 3153 κάμπτριον
1581 3071 1776 3135 littera
1820 3064 1897 3132 τὸ
1939 3067 2212 3152 γράμμα

260 3173 639 3236 combustura
683 3166 1083 3253 κατάπαυμα
1579 3173 1761 3254 ligula
1805 3172 2135 3254 μυστρίον
2879 3205 2929 3245 55

260 3275 390 3338 calx
434 3268 764 3356 λάκτισμα
1582 3276 1714 3339 lana
1762 3275 1948 3358 ἔριον

259 3397 446 3441 cunae
488 3371 821 3460 βαβάλιον
1583 3379 1731 3441 haec
1778 3378 1951 3442 molis
1994 3372 2072 3440 τὸ
2113 3375 2399 3460 μέγεθος

259 3482 523 3546 cucumis
567 3473 877 3541 σικύδιον
1582 3481 1925 3562 magnitudo
1956 3481 2114 3564 quod
2146 3501 2323 3562 supra

183 3607 234 3649 ao
261 3582 410 3646 calix
455 3576 780 3664 ποτήριον
1581 3603 1752 3646 merx
1780 3578 1857 3646 τὸ
1886 3583 2174 3666 φορτίον

258 3685 530 3764 contagio
575 3679 888 3764 μόλυσμα
932 3753 936 3758 ,
1581 3695 1819 3749 moneta
1862 3679 1939 3749 τὸ
1982 3679 2274 3767 νόμισμα
2876 3723 2926 3764 ⁷⁰

257 3787 678 3849 contaminatio
720 3785 975 3867 μίασμα
1581 3787 1852 3851 mandela
1897 3786 2198 3868 μαππίον

257 3887 499 3950 cratella
543 3885 1083 3971 ξυλοκανθήλιον
1579 3901 1780 3954 menta
1820 3883 2165 3972 ἡδύοσμον

259 3990 598 4054 confectura
645 3989 981 4065 τελείωσις
1579 4011 1861 4056 mensura
1903 3990 2147 4074 μέτρον

183 4120 232 4162 :35
260 4095 467 4173 copiae
510 4091 817 4174 pluraliter
861 4094 1122 4176 πλῆθος
1577 4097 1731 4157 mica
1777 4094 2003 4176 ψιχίον

257 4194 576 4259 cumulatio
624 4189 1050 4278 ἐπισώρευμα
1575 4197 1782 4260 merda
1840 4191 1916 4259 τὸ
1974 4189 2327 4279 ἅφόδενμα
2380 4197 2505 4259 τοῦ
2569 4192 2846 4279 ἀνθρώ-
2873 4233 2922 4275 ⁷5

255 4299 407 4362 haec
450 4298 808 4379 dispensatio
852 4293 1174 4380 ἀνάλωμα
1661 4317 1797 4361 που

256 4401 510 4480 dignitas
553 4393 808 4480 ἀξίωμα
1578 4402 1888 4466 manubiae
1934 4395 2248 4483 λα’φυρον

256 4504 405 4566 haec
451 4503 712 4582 erogatio
755 4496 832 4563 τὸ
875 4496 1198 4586 ἀνάλωμα
1576 4524 1789 4587 mappa
1830 4499 2314 4587 χειρόμακτρον

181 4631 230 4673 ιο
259 4591 499 4694 exuviae
543 4601 856 4686 λάφυρον
1101 4625 1104 4630 ·
1576 4609 1723 4670 haec
1768 4626 1887 4669 nux
1931 4600 2008 4669 τὸ
2051 4602 2313 4687 κάρυον

281 4825 302 4832 ..
397 4751 466 4830 20
499 4791 752 4831 nouoiou
791 4777 845 4829 N
1013 4778 1080 4830 38
1117 4777 1340 4845 dignitas
1374 4774 1491 4840 αξια
1516 4777 1566 4826 Ν
1701 4778 1771 4830 43
1807 4775 1941 4844 falx]
1980 4778 2069 4830 fax
2104 4780 2154 4829 N
2206 4793 2217 4802 ·
2328 4779 2393 4829 57
2432 4793 2621 4832 camna
2658 4763 2711 4828 N'

257 4848 324 4900 65
361 4849 533 4915 ligura
568 4862 850 4900 Auc'rmou
887 4847 934 4896 Ν
1106 4847 1174 4899 79
1210 4860 1490 4899 τοιανοιοιε
1529 4849 1579 4898 N
