<?xml version="1.0" encoding="UTF-8"?>
<!DOCTYPE html PUBLIC "-//W3C//DTD XHTML 1.0 Transitional//EN"
    "http://www.w3.org/TR/xhtml1/DTD/xhtml1-transitional.dtd">
<html xmlns="http://www.w3.org/1999/xhtml" xml:lang="en" lang="en">
 <head>
  <title>
</title>
<meta http-equiv="Content-Type" content="text/html;charset=utf-8" />
  <meta name='ocr-system' content='tesseract 3.04.00' />
  <meta name='ocr-capabilities' content='ocr_page ocr_carea ocr_par ocr_line ocrx_word'/>
</head>
<body>
  <div class='ocr_page' id='page_1' title='image "./grammaticilatin01unkngoog_0364.png"; bbox 0 0 3434 5442; ppageno 0'>
   <div class='ocr_carea' id='block_1_1' title="bbox 1066 369 2724 434">
    <p class='ocr_par' dir='ltr' id='par_1_1' title="bbox 1066 369 2724 434">
     <span class='ocr_line' id='line_1_1' title="bbox 1066 369 2724 434; baseline -0.001 -1"><span class='ocrx_word' id='word_1_1' title='bbox 1066 369 1319 433; x_wconf 77' lang='lat' dir='ltr'><strong>NOTAE</strong></span> <span class='ocrx_word' id='word_1_2' title='bbox 1363 369 1788 432; x_wconf 78' lang='lat' dir='ltr'>VATICANAE</span> <span class='ocrx_word' id='word_1_3' title='bbox 2601 371 2724 434; x_wconf 87' lang='grc'>303</span> 
     </span>
    </p>
   </div>
   <div class='ocr_carea' id='block_1_2' title="bbox 86 560 2733 3611">
    <p class='ocr_par' dir='ltr' id='par_1_2' title="bbox 165 560 2730 1056">
     <span class='ocr_line' id='line_1_2' title="bbox 172 560 2730 638; baseline -0.002 -15"><span class='ocrx_word' id='word_1_4' title='bbox 172 568 251 623; x_wconf 85' lang='lat' dir='ltr'>hoc</span> <span class='ocrx_word' id='word_1_5' title='bbox 284 564 395 620; x_wconf 89' lang='lat' dir='ltr'>loco</span> <span class='ocrx_word' id='word_1_6' title='bbox 436 565 925 638; x_wconf 85' lang='lat' dir='ltr'>praetermisimus.</span> <span class='ocrx_word' id='word_1_7' title='bbox 988 593 1063 604; x_wconf 86' lang='lat'>—-</span> <span class='ocrx_word' id='word_1_8' title='bbox 1124 561 1358 618; x_wconf 85' lang='lat' dir='ltr'>Eosdem</span> <span class='ocrx_word' id='word_1_9' title='bbox 1411 569 1523 618; x_wconf 87' lang='lat' dir='ltr'>tres</span> <span class='ocrx_word' id='word_1_10' title='bbox 1570 560 1868 618; x_wconf 88' lang='lat' dir='ltr'>laterculos</span> <span class='ocrx_word' id='word_1_11' title='bbox 1928 561 2180 619; x_wconf 90' lang='lat' dir='ltr'>similiter</span> <span class='ocrx_word' id='word_1_12' title='bbox 2219 565 2542 619; x_wconf 89' lang='lat' dir='ltr'>coniunctos</span> <span class='ocrx_word' id='word_1_13' title='bbox 2600 571 2730 636; x_wconf 88' lang='lat' dir='ltr'>post</span> 
     </span>
     <span class='ocr_line' id='line_1_3' title="bbox 172 646 2725 722; baseline -0.002 -16"><span class='ocrx_word' id='word_1_14' title='bbox 172 649 404 722; x_wconf 81' lang='lat' dir='ltr'>Fulgentii</span> <span class='ocrx_word' id='word_1_15' title='bbox 434 650 703 722; x_wconf 87' lang='lat' dir='ltr'>quosdam</span> <span class='ocrx_word' id='word_1_16' title='bbox 735 648 949 704; x_wconf 89' lang='lat' dir='ltr'>libellos</span> <span class='ocrx_word' id='word_1_17' title='bbox 982 648 1142 704; x_wconf 88' lang='lat' dir='ltr'>habet</span> <span class='ocrx_word' id='word_1_18' title='bbox 1170 647 1341 704; x_wconf 81' lang='lat' dir='ltr'>codex</span> <span class='ocrx_word' id='word_1_19' title='bbox 1372 646 1514 702; x_wconf 89' lang='lat' dir='ltr'>alter</span> <span class='ocrx_word' id='word_1_20' title='bbox 1533 646 1822 703; x_wconf 81' lang='lat' dir='ltr'><strong>Vaticanus</strong></span> <span class='ocrx_word' id='word_1_21' title='bbox 1844 647 2082 720; x_wconf 79' lang='lat' dir='ltr'>Reginae</span> <span class='ocrx_word' id='word_1_22' title='bbox 2113 651 2316 702; x_wconf 80' lang='grc' dir='ltr'><strong>ῃ.1462</strong></span> <span class='ocrx_word' id='word_1_23' title='bbox 2345 647 2546 706; x_wconf 88' lang='lat' dir='ltr'>saeculi</span> <span class='ocrx_word' id='word_1_24' title='bbox 2579 650 2725 709; x_wconf 88' lang='lat' dir='ltr'>noni,</span> 
     </span>
     <span class='ocr_line' id='line_1_4' title="bbox 168 731 2724 808; baseline -0.002 -17"><span class='ocrx_word' id='word_1_25' title='bbox 168 739 211 791; x_wconf 86' lang='lat' dir='ltr'>in</span> <span class='ocrx_word' id='word_1_26' title='bbox 234 736 324 790; x_wconf 84' lang='lat' dir='ltr'>hac</span> <span class='ocrx_word' id='word_1_27' title='bbox 349 741 501 807; x_wconf 88' lang='lat' dir='ltr'>parte</span> <span class='ocrx_word' id='word_1_28' title='bbox 530 735 737 808; x_wconf 88' lang='lat' dir='ltr'>prioris</span> <span class='ocrx_word' id='word_1_29' title='bbox 768 735 842 789; x_wconf 85' lang='lat' dir='ltr'>ita</span> <span class='ocrx_word' id='word_1_30' title='bbox 874 733 1167 807; x_wconf 86' lang='lat' dir='ltr'>gemellus,</span> <span class='ocrx_word' id='word_1_31' title='bbox 1200 739 1263 788; x_wconf 92' lang='lat' dir='ltr'>ut</span> <span class='ocrx_word' id='word_1_32' title='bbox 1292 739 1586 806; x_wconf 87' lang='lat' dir='ltr'>propterea</span> <span class='ocrx_word' id='word_1_33' title='bbox 1616 731 1878 788; x_wconf 73' lang='lat' dir='ltr'>adhibitio</span> <span class='ocrx_word' id='word_1_34' title='bbox 1910 735 2030 788; x_wconf 89' lang='lat' dir='ltr'>eius</span> <span class='ocrx_word' id='word_1_35' title='bbox 2060 748 2462 806; x_wconf 88' lang='lat' dir='ltr'>supervacanea</span> <span class='ocrx_word' id='word_1_36' title='bbox 2491 735 2602 789; x_wconf 85' lang='lat' dir='ltr'>visa</span> <span class='ocrx_word' id='word_1_37' title='bbox 2634 735 2724 787; x_wconf 91' lang='lat' dir='ltr'>sit.</span> 
     </span>
     <span class='ocr_line' id='line_1_5' title="bbox 170 817 2724 892; baseline -0.001 -19"><span class='ocrx_word' id='word_1_38' title='bbox 170 851 229 860; x_wconf 96' lang='lat'><strong>—</strong></span> <span class='ocrx_word' id='word_1_39' title='bbox 256 817 353 874; x_wconf 86' lang='lat' dir='ltr'>Nec</span> <span class='ocrx_word' id='word_1_40' title='bbox 378 818 611 874; x_wconf 87' lang='lat' dir='ltr'>multum</span> <span class='ocrx_word' id='word_1_41' title='bbox 643 819 861 876; x_wconf 75' lang='lat' dir='ltr'>differre</span> <span class='ocrx_word' id='word_1_42' title='bbox 902 826 1036 892; x_wconf 90' lang='lat' dir='ltr'>puto</span> <span class='ocrx_word' id='word_1_43' title='bbox 1067 817 1362 874; x_wconf 88' lang='lat' dir='ltr'>laterculos</span> <span class='ocrx_word' id='word_1_44' title='bbox 1393 823 1649 874; x_wconf 89' lang='lat' dir='ltr'>notarum</span> <span class='ocrx_word' id='word_1_45' title='bbox 1680 824 1932 891; x_wconf 87' lang='lat' dir='ltr'>receptos</span> <span class='ocrx_word' id='word_1_46' title='bbox 1963 819 2020 872; x_wconf 88' lang='lat' dir='ltr'>in</span> <span class='ocrx_word' id='word_1_47' title='bbox 2048 817 2241 873; x_wconf 88' lang='lat' dir='ltr'>lsidori</span> <span class='ocrx_word' id='word_1_48' title='bbox 2271 817 2724 892; x_wconf 74' lang='lat' dir='ltr'>etymologiarum</span> 
     </span>
     <span class='ocr_line' id='line_1_6' title="bbox 165 900 2729 978; baseline -0.001 -18"><span class='ocrx_word' id='word_1_49' title='bbox 165 905 349 960; x_wconf 84' lang='lat' dir='ltr'>codices</span> <span class='ocrx_word' id='word_1_50' title='bbox 376 903 661 978; x_wconf 86' lang='lat' dir='ltr'>quosdam,</span> <span class='ocrx_word' id='word_1_51' title='bbox 692 910 755 960; x_wconf 91' lang='lat' dir='ltr'>ut</span> <span class='ocrx_word' id='word_1_52' title='bbox 784 911 915 959; x_wconf 88' lang='lat' dir='ltr'>sunt</span> <span class='ocrx_word' id='word_1_53' title='bbox 944 903 1109 960; x_wconf 84' lang='lat' dir='ltr'>Vatic.</span> <span class='ocrx_word' id='word_1_54' title='bbox 1140 905 1243 958; x_wconf 84' lang='grc'>623</span> <span class='ocrx_word' id='word_1_55' title='bbox 1274 917 1415 958; x_wconf 88' lang='lat' dir='ltr'>saec.</span> <span class='ocrx_word' id='word_1_56' title='bbox 1442 901 1506 956; x_wconf 88' lang='lat' dir='ltr'>Xl</span> <span class='ocrx_word' id='word_1_57' title='bbox 1537 909 1593 957; x_wconf 90' lang='lat' dir='ltr'>et</span> <span class='ocrx_word' id='word_1_58' title='bbox 1622 900 1879 958; x_wconf 80' lang='lat' dir='ltr'>ottobon.</span> <span class='ocrx_word' id='word_1_59' title='bbox 1909 907 2028 965; x_wconf 84' lang='lat'>477,</span> <span class='ocrx_word' id='word_1_60' title='bbox 2059 902 2126 958; x_wconf 90' lang='lat' dir='ltr'>de</span> <span class='ocrx_word' id='word_1_61' title='bbox 2155 903 2356 976; x_wconf 89' lang='lat' dir='ltr'>quibus</span> <span class='ocrx_word' id='word_1_62' title='bbox 2386 903 2502 974; x_wconf 88' lang='lat' dir='ltr'>egit</span> <span class='ocrx_word' id='word_1_63' title='bbox 2529 905 2729 958; x_wconf 84' lang='lat' dir='ltr'>Areva-</span> 
     </span>
     <span class='ocr_line' id='line_1_7' title="bbox 168 987 903 1056; baseline -0.001 -12"><span class='ocrx_word' id='word_1_64' title='bbox 168 990 253 1044; x_wconf 86' lang='lat' dir='ltr'>lins</span> <span class='ocrx_word' id='word_1_65' title='bbox 278 991 331 1044; x_wconf 91' lang='lat' dir='ltr'>in</span> <span class='ocrx_word' id='word_1_66' title='bbox 360 987 671 1044; x_wconf 78' lang='lat' dir='ltr'>isidorianis</span> <span class='ocrx_word' id='word_1_67' title='bbox 700 993 751 1056; x_wconf 92' lang='grc'>2,</span> <span class='ocrx_word' id='word_1_68' title='bbox 783 991 903 1043; x_wconf 82' lang='grc'><strong>232.</strong></span> 
     </span>
    </p>

    <p class='ocr_par' dir='ltr' id='par_1_3' title="bbox 162 1071 2726 2082">
     <span class='ocr_line' id='line_1_8' title="bbox 303 1071 2726 1147; baseline 0.001 -22"><span class='ocrx_word' id='word_1_69' title='bbox 303 1073 355 1144; x_wconf 86' lang='grc'>2)</span> <span class='ocrx_word' id='word_1_70' title='bbox 392 1072 719 1130; x_wconf 86' lang='lat' dir='ltr'>Laterculus</span> <span class='ocrx_word' id='word_1_71' title='bbox 758 1088 921 1146; x_wconf 84' lang='lat' dir='ltr'>quem</span> <span class='ocrx_word' id='word_1_72' title='bbox 960 1073 1103 1128; x_wconf 81' lang='lat' dir='ltr'>infra</span> <span class='ocrx_word' id='word_1_73' title='bbox 1146 1089 1199 1127; x_wconf 92' lang='lat' dir='ltr'>n.</span> <span class='ocrx_word' id='word_1_74' title='bbox 1233 1071 1319 1127; x_wconf 78' lang='lat' dir='ltr'>Vri</span> <span class='ocrx_word' id='word_1_75' title='bbox 1363 1071 1584 1128; x_wconf 83' lang='lat' dir='ltr'><strong>edemus</strong></span> <span class='ocrx_word' id='word_1_76' title='bbox 1626 1071 1730 1128; x_wconf 93' lang='lat' dir='ltr'>sub</span> <span class='ocrx_word' id='word_1_77' title='bbox 1775 1074 1994 1128; x_wconf 90' lang='lat' dir='ltr'>nomine</span> <span class='ocrx_word' id='word_1_78' title='bbox 2035 1071 2256 1147; x_wconf 90' lang='lat' dir='ltr'>Papiani</span> <span class='ocrx_word' id='word_1_79' title='bbox 2297 1089 2406 1129; x_wconf 89' lang='lat' dir='ltr'>non</span> <span class='ocrx_word' id='word_1_80' title='bbox 2451 1074 2726 1129; x_wconf 80' lang='lat' dir='ltr'>recentior</span> 
     </span>
     <span class='ocr_line' id='line_1_9' title="bbox 164 1157 2726 1231; baseline -0.001 -17"><span class='ocrx_word' id='word_1_81' title='bbox 164 1158 349 1214; x_wconf 83' lang='lat' dir='ltr'>saeculo</span> <span class='ocrx_word' id='word_1_82' title='bbox 380 1165 573 1214; x_wconf 87' lang='lat' dir='ltr'>octavo</span> <span class='ocrx_word' id='word_1_83' title='bbox 606 1166 757 1214; x_wconf 90' lang='lat' dir='ltr'>totus</span> <span class='ocrx_word' id='word_1_84' title='bbox 784 1159 983 1214; x_wconf 90' lang='lat' dir='ltr'>nititur</span> <span class='ocrx_word' id='word_1_85' title='bbox 1011 1173 1077 1212; x_wconf 91' lang='lat' dir='ltr'>eo</span> <span class='ocrx_word' id='word_1_86' title='bbox 1108 1157 1175 1212; x_wconf 90' lang='lat' dir='ltr'>de</span> <span class='ocrx_word' id='word_1_87' title='bbox 1204 1173 1315 1231; x_wconf 88' lang='lat' dir='ltr'>quo</span> <span class='ocrx_word' id='word_1_88' title='bbox 1356 1159 1568 1230; x_wconf 79' lang='lat' dir='ltr'>agimus</span> <span class='ocrx_word' id='word_1_89' title='bbox 1609 1160 1924 1231; x_wconf 87' lang='lat' dir='ltr'>poteritque</span> <span class='ocrx_word' id='word_1_90' title='bbox 1972 1157 2038 1214; x_wconf 89' lang='lat' dir='ltr'>ad</span> <span class='ocrx_word' id='word_1_91' title='bbox 2068 1157 2448 1214; x_wconf 79' lang='lat' dir='ltr'>vaticanorum</span> <span class='ocrx_word' id='word_1_92' title='bbox 2492 1159 2726 1231; x_wconf 86' lang='lat' dir='ltr'>scriptu-</span> 
     </span>
     <span class='ocr_line' id='line_1_10' title="bbox 166 1241 2723 1316; baseline 0 -19"><span class='ocrx_word' id='word_1_93' title='bbox 166 1260 258 1298; x_wconf 82' lang='lat' dir='ltr'>ram</span> <span class='ocrx_word' id='word_1_94' title='bbox 284 1241 598 1316; x_wconf 80' lang='lat' dir='ltr'>explendam</span> <span class='ocrx_word' id='word_1_95' title='bbox 642 1252 699 1298; x_wconf 89' lang='lat' dir='ltr'>et</span> <span class='ocrx_word' id='word_1_96' title='bbox 738 1242 1123 1298; x_wconf 85' lang='lat' dir='ltr'>emendandam</span> <span class='ocrx_word' id='word_1_97' title='bbox 1164 1241 1371 1314; x_wconf 89' lang='lat' dir='ltr'>aliquid</span> <span class='ocrx_word' id='word_1_98' title='bbox 1414 1243 1683 1298; x_wconf 77' lang='lat' dir='ltr'>conferre.</span> <span class='ocrx_word' id='word_1_99' title='bbox 1747 1243 1960 1298; x_wconf 79' lang='lat' dir='ltr'>Adsunt</span> <span class='ocrx_word' id='word_1_100' title='bbox 1987 1241 2062 1298; x_wconf 91' lang='lat' dir='ltr'>ibi</span> <span class='ocrx_word' id='word_1_101' title='bbox 2102 1245 2414 1299; x_wconf 89' lang='lat' dir='ltr'>notationes</span> <span class='ocrx_word' id='word_1_102' title='bbox 2445 1242 2723 1316; x_wconf 87' lang='lat' dir='ltr'>quaedam,</span> 
     </span>
     <span class='ocr_line' id='line_1_11' title="bbox 163 1325 2726 1401; baseline -0.001 -17"><span class='ocrx_word' id='word_1_103' title='bbox 163 1345 277 1400; x_wconf 84' lang='lat' dir='ltr'>quae</span> <span class='ocrx_word' id='word_1_104' title='bbox 303 1337 393 1384; x_wconf 88' lang='lat' dir='ltr'>aut</span> <span class='ocrx_word' id='word_1_105' title='bbox 420 1345 550 1384; x_wconf 86' lang='lat' dir='ltr'>vere</span> <span class='ocrx_word' id='word_1_106' title='bbox 592 1329 873 1401; x_wconf 81' lang='lat' dir='ltr'>pertinent</span> <span class='ocrx_word' id='word_1_107' title='bbox 902 1327 970 1384; x_wconf 88' lang='lat' dir='ltr'>ad</span> <span class='ocrx_word' id='word_1_108' title='bbox 1010 1325 1334 1384; x_wconf 84' lang='lat' dir='ltr'>laterculum</span> <span class='ocrx_word' id='word_1_109' title='bbox 1366 1326 1535 1389; x_wconf 90' lang='lat' dir='ltr'>hunc,</span> <span class='ocrx_word' id='word_1_110' title='bbox 1578 1345 1701 1383; x_wconf 90' lang='lat' dir='ltr'>cum</span> <span class='ocrx_word' id='word_1_111' title='bbox 1743 1336 1962 1401; x_wconf 87' lang='lat' dir='ltr'>praeter</span> <span class='ocrx_word' id='word_1_112' title='bbox 1991 1327 2307 1384; x_wconf 83' lang='lat' dir='ltr'>Vaticanum</span> <span class='ocrx_word' id='word_1_113' title='bbox 2351 1327 2589 1400; x_wconf 87' lang='lat' dir='ltr'>priorem</span> <span class='ocrx_word' id='word_1_114' title='bbox 2635 1345 2726 1383; x_wconf 89' lang='lat' dir='ltr'>oc-</span> 
     </span>
     <span class='ocr_line' id='line_1_12' title="bbox 162 1410 2720 1485; baseline -0 -17"><span class='ocrx_word' id='word_1_115' title='bbox 162 1421 357 1468; x_wconf 82' lang='lat' dir='ltr'>currant</span> <span class='ocrx_word' id='word_1_116' title='bbox 396 1414 453 1468; x_wconf 89' lang='lat' dir='ltr'>in</span> <span class='ocrx_word' id='word_1_117' title='bbox 484 1412 739 1468; x_wconf 88' lang='lat' dir='ltr'>omnibus</span> <span class='ocrx_word' id='word_1_118' title='bbox 780 1414 947 1468; x_wconf 87' lang='lat' dir='ltr'>huius</span> <span class='ocrx_word' id='word_1_119' title='bbox 987 1413 1203 1485; x_wconf 89' lang='lat' dir='ltr'>generis</span> <span class='ocrx_word' id='word_1_120' title='bbox 1246 1410 1430 1472; x_wconf 89' lang='lat' dir='ltr'>libris,</span> <span class='ocrx_word' id='word_1_121' title='bbox 1474 1415 1637 1468; x_wconf 89' lang='lat' dir='ltr'>etiam</span> <span class='ocrx_word' id='word_1_122' title='bbox 1668 1412 2060 1484; x_wconf 84' lang='lat' dir='ltr'>Magnoniano‚</span> <span class='ocrx_word' id='word_1_123' title='bbox 2101 1421 2197 1469; x_wconf 90' lang='lat' dir='ltr'>aut</span> <span class='ocrx_word' id='word_1_124' title='bbox 2238 1421 2388 1469; x_wconf 90' lang='lat' dir='ltr'>certe</span> <span class='ocrx_word' id='word_1_125' title='bbox 2427 1421 2637 1468; x_wconf 90' lang='lat' dir='ltr'>mature</span> <span class='ocrx_word' id='word_1_126' title='bbox 2668 1414 2720 1467; x_wconf 89' lang='lat' dir='ltr'>in</span> 
     </span>
     <span class='ocr_line' id='line_1_13' title="bbox 164 1497 2726 1572; baseline 0 -20"><span class='ocrx_word' id='word_1_127' title='bbox 164 1514 337 1570; x_wconf 89' lang='lat' dir='ltr'>corpus</span> <span class='ocrx_word' id='word_1_128' title='bbox 364 1498 469 1553; x_wconf 90' lang='lat' dir='ltr'>hoc</span> <span class='ocrx_word' id='word_1_129' title='bbox 502 1513 561 1552; x_wconf 91' lang='lat' dir='ltr'>se</span> <span class='ocrx_word' id='word_1_130' title='bbox 592 1497 1029 1558; x_wconf 87' lang='lat' dir='ltr'>insinuaverunt,</span> <span class='ocrx_word' id='word_1_131' title='bbox 1076 1513 1200 1552; x_wconf 86' lang='lat' dir='ltr'>cum</span> <span class='ocrx_word' id='word_1_132' title='bbox 1232 1503 1417 1552; x_wconf 88' lang='lat' dir='ltr'>extent</span> <span class='ocrx_word' id='word_1_133' title='bbox 1460 1505 1567 1553; x_wconf 86' lang='lat' dir='ltr'>tam</span> <span class='ocrx_word' id='word_1_134' title='bbox 1612 1499 1666 1552; x_wconf 90' lang='lat' dir='ltr'>in</span> <span class='ocrx_word' id='word_1_135' title='bbox 1696 1497 1952 1554; x_wconf 86' lang='lat' dir='ltr'>Vaticano</span> <span class='ocrx_word' id='word_1_136' title='bbox 1986 1498 2224 1554; x_wconf 84' lang='lat' dir='ltr'>secundo</span> <span class='ocrx_word' id='word_1_137' title='bbox 2263 1514 2424 1571; x_wconf 90' lang='lat' dir='ltr'>quam</span> <span class='ocrx_word' id='word_1_138' title='bbox 2457 1497 2599 1572; x_wconf 87' lang='lat' dir='ltr'>apud</span> <span class='ocrx_word' id='word_1_139' title='bbox 2628 1497 2726 1552; x_wconf 88' lang='lat' dir='ltr'>Pa-</span> 
     </span>
     <span class='ocr_line' id='line_1_14' title="bbox 166 1580 2726 1655; baseline 0 -19"><span class='ocrx_word' id='word_1_140' title='bbox 166 1585 279 1654; x_wconf 84' lang='lat' dir='ltr'>piam</span> <span class='ocrx_word' id='word_1_141' title='bbox 306 1580 377 1653; x_wconf 81' lang='lat' dir='ltr'>(v.</span> <span class='ocrx_word' id='word_1_142' title='bbox 406 1583 719 1639; x_wconf 87' lang='lat' dir='ltr'>notationes</span> <span class='ocrx_word' id='word_1_143' title='bbox 750 1584 971 1638; x_wconf 77' lang='lat' dir='ltr'>amicus</span> <span class='ocrx_word' id='word_1_144' title='bbox 998 1587 1211 1643; x_wconf 75' lang='lat' dir='ltr'>noster,</span> <span class='ocrx_word' id='word_1_145' title='bbox 1240 1581 1502 1653; x_wconf 74' lang='lat' dir='ltr'>yravt‘las</span> <span class='ocrx_word' id='word_1_146' title='bbox 1532 1587 1752 1645; x_wconf 76' lang='lat' dir='ltr'>vestra,</span> <span class='ocrx_word' id='word_1_147' title='bbox 1783 1585 2102 1654; x_wconf 73' lang='lat' dir='ltr'>imperator</span> <span class='ocrx_word' id='word_1_148' title='bbox 2131 1600 2253 1638; x_wconf 90' lang='lat' dir='ltr'>cum</span> <span class='ocrx_word' id='word_1_149' title='bbox 2288 1582 2462 1638; x_wconf 89' lang='lat' dir='ltr'>tribus</span> <span class='ocrx_word' id='word_1_150' title='bbox 2495 1597 2726 1655; x_wconf 88' lang='lat' dir='ltr'>sequen-</span> 
     </span>
     <span class='ocr_line' id='line_1_15' title="bbox 166 1666 2723 1741; baseline 0 -20"><span class='ocrx_word' id='word_1_151' title='bbox 166 1667 314 1728; x_wconf 87' lang='lat' dir='ltr'>tihus,</span> <span class='ocrx_word' id='word_1_152' title='bbox 340 1669 401 1721; x_wconf 77' lang='lat' dir='ltr'>in</span> <span class='ocrx_word' id='word_1_153' title='bbox 424 1666 565 1738; x_wconf 80' lang='lat' dir='ltr'>foro</span> <span class='ocrx_word' id='word_1_154' title='bbox 592 1667 765 1735; x_wconf 77' lang='lat' dir='ltr'>Livii,</span> <span class='ocrx_word' id='word_1_155' title='bbox 796 1671 999 1729; x_wconf 77' lang='lat' dir='ltr'>maior,</span> <span class='ocrx_word' id='word_1_156' title='bbox 1028 1667 1303 1738; x_wconf 71' lang='lat' dir='ltr'>siyillum,</span> <span class='ocrx_word' id='word_1_157' title='bbox 1332 1667 1481 1728; x_wconf 81' lang='lat' dir='ltr'>sine,</span> <span class='ocrx_word' id='word_1_158' title='bbox 1506 1669 1645 1729; x_wconf 79' lang='lat' dir='ltr'>sint,</span> <span class='ocrx_word' id='word_1_159' title='bbox 1676 1667 1924 1740; x_wconf 83' lang='lat' dir='ltr'>verum);</span> <span class='ocrx_word' id='word_1_160' title='bbox 1957 1671 2084 1723; x_wconf 89' lang='lat' dir='ltr'>item</span> <span class='ocrx_word' id='word_1_161' title='bbox 2127 1667 2288 1724; x_wconf 89' lang='lat' dir='ltr'>lectio</span> <span class='ocrx_word' id='word_1_162' title='bbox 2319 1667 2554 1741; x_wconf 89' lang='lat' dir='ltr'>Papiana</span> <span class='ocrx_word' id='word_1_163' title='bbox 2597 1684 2723 1722; x_wconf 88' lang='lat' dir='ltr'>raro</span> 
     </span>
     <span class='ocr_line' id='line_1_16' title="bbox 166 1751 2726 1826; baseline 0 -20"><span class='ocrx_word' id='word_1_164' title='bbox 166 1751 367 1824; x_wconf 84' lang='lat' dir='ltr'>quidem,</span> <span class='ocrx_word' id='word_1_165' title='bbox 398 1751 493 1807; x_wconf 86' lang='lat' dir='ltr'>sed</span> <span class='ocrx_word' id='word_1_166' title='bbox 526 1759 705 1807; x_wconf 88' lang='lat' dir='ltr'>tamen</span> <span class='ocrx_word' id='word_1_167' title='bbox 734 1752 1025 1826; x_wconf 88' lang='lat' dir='ltr'>aliquando</span> <span class='ocrx_word' id='word_1_168' title='bbox 1056 1751 1395 1807; x_wconf 87' lang='lat' dir='ltr'>emendatior</span> <span class='ocrx_word' id='word_1_169' title='bbox 1422 1759 1510 1807; x_wconf 91' lang='lat' dir='ltr'>est</span> <span class='ocrx_word' id='word_1_170' title='bbox 1540 1768 1701 1826; x_wconf 89' lang='lat' dir='ltr'>quam</span> <span class='ocrx_word' id='word_1_171' title='bbox 1715 1752 1986 1810; x_wconf 88' lang='lat' dir='ltr'>Vaticana.</span> <span class='ocrx_word' id='word_1_172' title='bbox 2039 1752 2144 1807; x_wconf 87' lang='lat' dir='ltr'>Sed</span> <span class='ocrx_word' id='word_1_173' title='bbox 2174 1769 2298 1808; x_wconf 90' lang='lat' dir='ltr'>cum</span> <span class='ocrx_word' id='word_1_174' title='bbox 2335 1752 2470 1808; x_wconf 86' lang='lat' dir='ltr'>ordo</span> <span class='ocrx_word' id='word_1_175' title='bbox 2501 1752 2726 1808; x_wconf 89' lang='lat' dir='ltr'>adnota-</span> 
     </span>
     <span class='ocr_line' id='line_1_17' title="bbox 168 1835 2722 1911; baseline 0.001 -21"><span class='ocrx_word' id='word_1_176' title='bbox 168 1839 345 1892; x_wconf 85' lang='lat' dir='ltr'>tionum</span> <span class='ocrx_word' id='word_1_177' title='bbox 374 1844 619 1893; x_wconf 86' lang='lat' dir='ltr'>mutatus</span> <span class='ocrx_word' id='word_1_178' title='bbox 650 1845 820 1899; x_wconf 87' lang='lat' dir='ltr'>totus,</span> <span class='ocrx_word' id='word_1_179' title='bbox 854 1839 947 1911; x_wconf 88' lang='lat' dir='ltr'>qui</span> <span class='ocrx_word' id='word_1_180' title='bbox 978 1839 1031 1892; x_wconf 88' lang='lat' dir='ltr'>in</span> <span class='ocrx_word' id='word_1_181' title='bbox 1063 1835 1336 1892; x_wconf 86' lang='lat' dir='ltr'>Vaticanis</span> <span class='ocrx_word' id='word_1_182' title='bbox 1366 1835 1521 1892; x_wconf 88' lang='lat' dir='ltr'>libris</span> <span class='ocrx_word' id='word_1_183' title='bbox 1551 1835 1927 1910; x_wconf 86' lang='lat' dir='ltr'>alphabeticus</span> <span class='ocrx_word' id='word_1_184' title='bbox 1959 1845 2046 1892; x_wconf 87' lang='lat' dir='ltr'>est</span> <span class='ocrx_word' id='word_1_185' title='bbox 2074 1839 2245 1910; x_wconf 89' lang='lat' dir='ltr'>prima</span> <span class='ocrx_word' id='word_1_186' title='bbox 2279 1844 2489 1893; x_wconf 88' lang='lat' dir='ltr'>tantum</span> <span class='ocrx_word' id='word_1_187' title='bbox 2522 1837 2722 1898; x_wconf 88' lang='lat' dir='ltr'>littera,</span> 
     </span>
     <span class='ocr_line' id='line_1_18' title="bbox 166 1919 2722 1996; baseline 0 -21"><span class='ocrx_word' id='word_1_188' title='bbox 166 1923 209 1975; x_wconf 84' lang='lat' dir='ltr'>in</span> <span class='ocrx_word' id='word_1_189' title='bbox 232 1921 454 1995; x_wconf 82' lang='lat' dir='ltr'>Papiano</span> <span class='ocrx_word' id='word_1_190' title='bbox 484 1924 647 1978; x_wconf 91' lang='lat' dir='ltr'>etiam</span> <span class='ocrx_word' id='word_1_191' title='bbox 676 1921 940 1984; x_wconf 84' lang='lat' dir='ltr'>secunda.</span> <span class='ocrx_word' id='word_1_192' title='bbox 976 1928 1088 1977; x_wconf 91' lang='lat' dir='ltr'>tum</span> <span class='ocrx_word' id='word_1_193' title='bbox 1119 1919 1255 1976; x_wconf 89' lang='lat' dir='ltr'>aliae</span> <span class='ocrx_word' id='word_1_194' title='bbox 1284 1921 1526 1977; x_wconf 86' lang='lat' dir='ltr'>rationes</span> <span class='ocrx_word' id='word_1_195' title='bbox 1554 1923 1892 1996; x_wconf 84' lang='lat' dir='ltr'>impulerunt</span> <span class='ocrx_word' id='word_1_196' title='bbox 1922 1938 2023 1984; x_wconf 91' lang='lat' dir='ltr'>me,</span> <span class='ocrx_word' id='word_1_197' title='bbox 2055 1931 2119 1978; x_wconf 91' lang='lat' dir='ltr'>ut</span> <span class='ocrx_word' id='word_1_198' title='bbox 2147 1922 2442 1996; x_wconf 88' lang='lat' dir='ltr'>Papianum</span> <span class='ocrx_word' id='word_1_199' title='bbox 2473 1937 2722 1978; x_wconf 87' lang='lat' dir='ltr'>seorsum</span> 
     </span>
     <span class='ocr_line' id='line_1_19' title="bbox 166 2006 1581 2082; baseline 0.001 -22"><span class='ocrx_word' id='word_1_200' title='bbox 166 2006 377 2070; x_wconf 70' lang='lat' dir='ltr'>ederem</span> <span class='ocrx_word' id='word_1_201' title='bbox 406 2007 593 2080; x_wconf 88' lang='lat' dir='ltr'>itaque</span> <span class='ocrx_word' id='word_1_202' title='bbox 622 2006 731 2064; x_wconf 91' lang='lat' dir='ltr'>hoc</span> <span class='ocrx_word' id='word_1_203' title='bbox 760 2009 937 2082; x_wconf 90' lang='lat' dir='ltr'>capite</span> <span class='ocrx_word' id='word_1_204' title='bbox 967 2006 1031 2063; x_wconf 88' lang='lat' dir='ltr'>ad</span> <span class='ocrx_word' id='word_1_205' title='bbox 1062 2021 1186 2062; x_wconf 89' lang='lat' dir='ltr'>eum</span> <span class='ocrx_word' id='word_1_206' title='bbox 1216 2022 1327 2062; x_wconf 91' lang='lat' dir='ltr'>non</span> <span class='ocrx_word' id='word_1_207' title='bbox 1356 2007 1581 2062; x_wconf 87' lang='lat' dir='ltr'>attendi.</span> 
     </span>
    </p>

    <p class='ocr_par' dir='ltr' id='par_1_4' title="bbox 86 2091 2727 2590">
     <span class='ocr_line' id='line_1_20' title="bbox 307 2091 2724 2166; baseline -0 -21"><span class='ocrx_word' id='word_1_208' title='bbox 307 2091 357 2162; x_wconf 84' lang='lat'>3)</span> <span class='ocrx_word' id='word_1_209' title='bbox 404 2091 599 2165; x_wconf 74' lang='lat' dir='ltr'>Hagno</span> <span class='ocrx_word' id='word_1_210' title='bbox 644 2094 885 2166; x_wconf 88' lang='lat' dir='ltr'>scriptor</span> <span class='ocrx_word' id='word_1_211' title='bbox 928 2091 1129 2148; x_wconf 85' lang='lat' dir='ltr'>saeculi</span> <span class='ocrx_word' id='word_1_212' title='bbox 1174 2091 1349 2147; x_wconf 89' lang='lat' dir='ltr'>octavi</span> <span class='ocrx_word' id='word_1_213' title='bbox 1391 2092 1637 2148; x_wconf 87' lang='lat' dir='ltr'>exeuntis</span> <span class='ocrx_word' id='word_1_214' title='bbox 1678 2091 2033 2154; x_wconf 89' lang='lat' dir='ltr'>laterculum,</span> <span class='ocrx_word' id='word_1_215' title='bbox 2086 2093 2153 2148; x_wconf 87' lang='lat' dir='ltr'>de</span> <span class='ocrx_word' id='word_1_216' title='bbox 2184 2109 2294 2166; x_wconf 88' lang='lat' dir='ltr'>quo</span> <span class='ocrx_word' id='word_1_217' title='bbox 2343 2110 2509 2166; x_wconf 89' lang='lat' dir='ltr'>supra</span> <span class='ocrx_word' id='word_1_218' title='bbox 2537 2109 2591 2166; x_wconf 90' lang='lat' dir='ltr'>p.</span> <span class='ocrx_word' id='word_1_219' title='bbox 2623 2093 2724 2145; x_wconf 83' lang='grc'>285</span> 
     </span>
     <span class='ocr_line' id='line_1_21' title="bbox 168 2175 2726 2252; baseline 0 -20"><span class='ocrx_word' id='word_1_220' title='bbox 168 2179 437 2233; x_wconf 79' lang='lat' dir='ltr'>accuratius</span> <span class='ocrx_word' id='word_1_221' title='bbox 478 2178 739 2241; x_wconf 82' lang='lat' dir='ltr'>diximus,</span> <span class='ocrx_word' id='word_1_222' title='bbox 782 2179 1095 2252; x_wconf 87' lang='lat' dir='ltr'>composuit</span> <span class='ocrx_word' id='word_1_223' title='bbox 1136 2191 1200 2230; x_wconf 84' lang='lat' dir='ltr'>ex</span> <span class='ocrx_word' id='word_1_224' title='bbox 1245 2193 1311 2232; x_wconf 88' lang='lat' dir='ltr'>eo</span> <span class='ocrx_word' id='word_1_225' title='bbox 1352 2175 1419 2230; x_wconf 88' lang='lat' dir='ltr'>de</span> <span class='ocrx_word' id='word_1_226' title='bbox 1458 2194 1569 2250; x_wconf 92' lang='lat' dir='ltr'>quo</span> <span class='ocrx_word' id='word_1_227' title='bbox 1610 2178 1822 2250; x_wconf 87' lang='lat' dir='ltr'>agimus</span> <span class='ocrx_word' id='word_1_228' title='bbox 1863 2177 2148 2252; x_wconf 84' lang='lat' dir='ltr'>alteroque</span> <span class='ocrx_word' id='word_1_229' title='bbox 2189 2176 2421 2232; x_wconf 88' lang='lat' dir='ltr'>diverso.</span> <span class='ocrx_word' id='word_1_230' title='bbox 2481 2177 2632 2232; x_wconf 86' lang='lat' dir='ltr'>Hunc</span> <span class='ocrx_word' id='word_1_231' title='bbox 2663 2185 2726 2232; x_wconf 91' lang='lat' dir='ltr'>ut</span> 
     </span>
     <span class='ocr_line' id='line_1_22' title="bbox 86 2260 2726 2337; baseline 0.001 -22"><span class='ocrx_word' id='word_1_232' title='bbox 86 2278 95 2288; x_wconf 95' lang='lat'><strong>·</strong></span> <span class='ocrx_word' id='word_1_233' title='bbox 167 2260 263 2316; x_wconf 82' lang='lat' dir='ltr'>lieri</span> <span class='ocrx_word' id='word_1_234' title='bbox 290 2264 463 2335; x_wconf 87' lang='lat' dir='ltr'>potuit</span> <span class='ocrx_word' id='word_1_235' title='bbox 493 2279 661 2336; x_wconf 85' lang='lat' dir='ltr'>supra</span> <span class='ocrx_word' id='word_1_236' title='bbox 690 2264 1107 2337; x_wconf 80' lang='lat' dir='ltr'>proposuimus,</span> <span class='ocrx_word' id='word_1_237' title='bbox 1137 2260 1287 2316; x_wconf 89' lang='lat' dir='ltr'>illius</span> <span class='ocrx_word' id='word_1_238' title='bbox 1318 2264 1517 2317; x_wconf 84' lang='lat' dir='ltr'>variam</span> <span class='ocrx_word' id='word_1_239' title='bbox 1550 2262 1834 2319; x_wconf 89' lang='lat' dir='ltr'>lectionem</span> <span class='ocrx_word' id='word_1_240' title='bbox 1875 2263 1961 2320; x_wconf 90' lang='lat' dir='ltr'>hic</span> <span class='ocrx_word' id='word_1_241' title='bbox 1991 2263 2380 2336; x_wconf 86' lang='lat' dir='ltr'>adscripsimus</span> <span class='ocrx_word' id='word_1_242' title='bbox 2423 2262 2488 2318; x_wconf 89' lang='lat' dir='ltr'>ad</span> <span class='ocrx_word' id='word_1_243' title='bbox 2519 2261 2726 2323; x_wconf 84' lang='lat' dir='ltr'>Vatica-</span> 
     </span>
     <span class='ocr_line' id='line_1_23' title="bbox 168 2346 2725 2420; baseline 0 -20"><span class='ocrx_word' id='word_1_244' title='bbox 168 2363 278 2401; x_wconf 85' lang='lat' dir='ltr'>num</span> <span class='ocrx_word' id='word_1_245' title='bbox 301 2354 535 2402; x_wconf 86' lang='lat' dir='ltr'>notatam</span> <span class='ocrx_word' id='word_1_246' title='bbox 565 2355 699 2403; x_wconf 86' lang='lat' dir='ltr'>nota</span> <span class='ocrx_word' id='word_1_247' title='bbox 725 2347 805 2402; x_wconf 90' lang='lat' dir='ltr'>M.</span> <span class='ocrx_word' id='word_1_248' title='bbox 866 2346 1083 2402; x_wconf 88' lang='lat' dir='ltr'>Videbis</span> <span class='ocrx_word' id='word_1_249' title='bbox 1124 2353 1305 2402; x_wconf 89' lang='lat' dir='ltr'>autem</span> <span class='ocrx_word' id='word_1_250' title='bbox 1335 2362 1446 2402; x_wconf 84' lang='lat' dir='ltr'>non</span> <span class='ocrx_word' id='word_1_251' title='bbox 1478 2364 1603 2404; x_wconf 88' lang='lat' dir='ltr'>raro</span> <span class='ocrx_word' id='word_1_252' title='bbox 1646 2347 1937 2404; x_wconf 84' lang='lat' dir='ltr'>lectionem</span> <span class='ocrx_word' id='word_1_253' title='bbox 1968 2347 2274 2404; x_wconf 77' lang='lat' dir='ltr'>vaticanam</span> <span class='ocrx_word' id='word_1_254' title='bbox 2306 2347 2590 2418; x_wconf 81' lang='lat' dir='ltr'>Magnonis</span> <span class='ocrx_word' id='word_1_255' title='bbox 2619 2363 2725 2420; x_wconf 89' lang='lat' dir='ltr'>ope</span> 
     </span>
     <span class='ocr_line' id='line_1_24' title="bbox 167 2430 2727 2505; baseline 0.001 -21"><span class='ocrx_word' id='word_1_256' title='bbox 167 2431 433 2494; x_wconf 85' lang='lat' dir='ltr'>emendari;</span> <span class='ocrx_word' id='word_1_257' title='bbox 483 2447 811 2505; x_wconf 87' lang='lat' dir='ltr'>quamquam</span> <span class='ocrx_word' id='word_1_258' title='bbox 840 2439 997 2488; x_wconf 87' lang='lat' dir='ltr'>caute</span> <span class='ocrx_word' id='word_1_259' title='bbox 1026 2433 1129 2488; x_wconf 88' lang='lat' dir='ltr'>hoc</span> <span class='ocrx_word' id='word_1_260' title='bbox 1161 2430 1424 2486; x_wconf 88' lang='lat' dir='ltr'>utendum</span> <span class='ocrx_word' id='word_1_261' title='bbox 1454 2440 1565 2495; x_wconf 88' lang='lat' dir='ltr'>est,</span> <span class='ocrx_word' id='word_1_262' title='bbox 1599 2449 1723 2489; x_wconf 89' lang='lat' dir='ltr'>cum</span> <span class='ocrx_word' id='word_1_263' title='bbox 1754 2449 1878 2489; x_wconf 91' lang='lat' dir='ltr'>eum</span> <span class='ocrx_word' id='word_1_264' title='bbox 1907 2449 2020 2488; x_wconf 89' lang='lat' dir='ltr'>non</span> <span class='ocrx_word' id='word_1_265' title='bbox 2053 2432 2344 2489; x_wconf 87' lang='lat' dir='ltr'>habeamus</span> <span class='ocrx_word' id='word_1_266' title='bbox 2385 2433 2492 2487; x_wconf 85' lang='lat' dir='ltr'>uisi</span> <span class='ocrx_word' id='word_1_267' title='bbox 2521 2448 2586 2487; x_wconf 88' lang='lat' dir='ltr'>ex</span> <span class='ocrx_word' id='word_1_268' title='bbox 2617 2432 2727 2486; x_wconf 87' lang='lat' dir='ltr'>edi-</span> 
     </span>
     <span class='ocr_line' id='line_1_25' title="bbox 170 2514 2161 2590; baseline 0.002 -21"><span class='ocrx_word' id='word_1_269' title='bbox 170 2517 295 2570; x_wconf 83' lang='lat' dir='ltr'>tione</span> <span class='ocrx_word' id='word_1_270' title='bbox 318 2516 599 2572; x_wconf 84' lang='lat' dir='ltr'>Cuiaciana</span> <span class='ocrx_word' id='word_1_271' title='bbox 631 2517 867 2574; x_wconf 81' lang='lat' dir='ltr'>fortasse</span> <span class='ocrx_word' id='word_1_272' title='bbox 898 2516 1220 2590; x_wconf 84' lang='lat' dir='ltr'>quibusdam</span> <span class='ocrx_word' id='word_1_273' title='bbox 1252 2514 1391 2571; x_wconf 84' lang='lat' dir='ltr'>locis</span> <span class='ocrx_word' id='word_1_274' title='bbox 1420 2519 1699 2576; x_wconf 88' lang='lat' dir='ltr'>emendata</span> <span class='ocrx_word' id='word_1_275' title='bbox 1733 2535 1798 2574; x_wconf 87' lang='lat' dir='ltr'>ex</span> <span class='ocrx_word' id='word_1_276' title='bbox 1827 2521 2161 2574; x_wconf 87' lang='lat' dir='ltr'>coniectura.</span> 
     </span>
    </p>

    <p class='ocr_par' dir='ltr' id='par_1_5' title="bbox 168 2597 2730 3442">
     <span class='ocr_line' id='line_1_26' title="bbox 307 2597 2724 2677; baseline 0.001 -23"><span class='ocrx_word' id='word_1_277' title='bbox 307 2601 357 2672; x_wconf 82' lang='grc'>4)</span> <span class='ocrx_word' id='word_1_278' title='bbox 386 2600 563 2656; x_wconf 82' lang='lat' dir='ltr'>Codex</span> <span class='ocrx_word' id='word_1_279' title='bbox 596 2603 691 2676; x_wconf 89' lang='lat' dir='ltr'>qui</span> <span class='ocrx_word' id='word_1_280' title='bbox 722 2601 1098 2663; x_wconf 83' lang='lat' dir='ltr'>l&#39;uitVeronae‚</span> <span class='ocrx_word' id='word_1_281' title='bbox 1132 2616 1277 2657; x_wconf 88' lang='lat' dir='ltr'>nunc</span> <span class='ocrx_word' id='word_1_282' title='bbox 1307 2609 1393 2656; x_wconf 88' lang='lat' dir='ltr'>est</span> <span class='ocrx_word' id='word_1_283' title='bbox 1422 2602 1722 2660; x_wconf 71' lang='lat' dir='ltr'>Modoetiae</span> <span class='ocrx_word' id='word_1_284' title='bbox 1753 2605 1992 2677; x_wconf 87' lang='lat' dir='ltr'>scriptus</span> <span class='ocrx_word' id='word_1_285' title='bbox 2022 2621 2070 2660; x_wconf 89' lang='lat' dir='ltr'>a.</span> <span class='ocrx_word' id='word_1_286' title='bbox 2101 2597 2254 2656; x_wconf 68' lang='lat'>810*</span> <span class='ocrx_word' id='word_1_287' title='bbox 2279 2611 2504 2677; x_wconf 80' lang='lat' dir='ltr'>praeter</span> <span class='ocrx_word' id='word_1_288' title='bbox 2533 2601 2724 2658; x_wconf 87' lang='lat' dir='ltr'>Bedam</span> 
     </span>
     <span class='ocr_line' id='line_1_27' title="bbox 168 2683 2724 2762; baseline 0 -23"><span class='ocrx_word' id='word_1_289' title='bbox 168 2693 212 2739; x_wconf 85' lang='lat' dir='ltr'>et</span> <span class='ocrx_word' id='word_1_290' title='bbox 236 2685 599 2742; x_wconf 84' lang='lat' dir='ltr'>adnotationes</span> <span class='ocrx_word' id='word_1_291' title='bbox 630 2687 887 2760; x_wconf 86' lang='lat' dir='ltr'>quasdam</span> <span class='ocrx_word' id='word_1_292' title='bbox 918 2686 1213 2744; x_wconf 87' lang='lat' dir='ltr'>historicas</span> <span class='ocrx_word' id='word_1_293' title='bbox 1260 2683 1454 2757; x_wconf 84' lang='lat' dir='ltr'>(editas</span> <span class='ocrx_word' id='word_1_294' title='bbox 1485 2688 1606 2745; x_wconf 89' lang='lat' dir='ltr'>inde</span> <span class='ocrx_word' id='word_1_295' title='bbox 1638 2691 1692 2744; x_wconf 88' lang='lat' dir='ltr'>in</span> <span class='ocrx_word' id='word_1_296' title='bbox 1725 2689 1864 2744; x_wconf 82' lang='lat' dir='ltr'>Mon.</span> <span class='ocrx_word' id='word_1_297' title='bbox 1897 2688 2074 2744; x_wconf 88' lang='lat' dir='ltr'>Germ.</span> <span class='ocrx_word' id='word_1_298' title='bbox 2107 2687 2200 2742; x_wconf 93' lang='lat' dir='ltr'>SS.</span> <span class='ocrx_word' id='word_1_299' title='bbox 2230 2688 2252 2742; x_wconf 90' lang='lat' dir='ltr'>l</span> <span class='ocrx_word' id='word_1_300' title='bbox 2282 2705 2334 2762; x_wconf 88' lang='lat' dir='ltr'>p.</span> <span class='ocrx_word' id='word_1_301' title='bbox 2367 2693 2401 2740; x_wconf 86' lang='lat'>4</span> <span class='ocrx_word' id='word_1_302' title='bbox 2431 2687 2498 2742; x_wconf 80' lang='lat' dir='ltr'>cs.</span> <span class='ocrx_word' id='word_1_303' title='bbox 2531 2705 2584 2760; x_wconf 91' lang='lat' dir='ltr'>p.</span> <span class='ocrx_word' id='word_1_304' title='bbox 2617 2687 2724 2759; x_wconf 76' lang='lat'>20),</span> 
     </span>
     <span class='ocr_line' id='line_1_28' title="bbox 168 2769 2723 2848; baseline 0 -23"><span class='ocrx_word' id='word_1_305' title='bbox 168 2769 457 2828; x_wconf 79' lang='lat' dir='ltr'>laterculum</span> <span class='ocrx_word' id='word_1_306' title='bbox 498 2771 721 2828; x_wconf 80' lang='lat' dir='ltr'>exhibet</span> <span class='ocrx_word' id='word_1_307' title='bbox 760 2779 1015 2828; x_wconf 87' lang='lat' dir='ltr'>notarum</span> <span class='ocrx_word' id='word_1_308' title='bbox 1046 2773 1085 2828; x_wconf 73' lang='lat' dir='ltr'>f.</span> <span class='ocrx_word' id='word_1_309' title='bbox 1118 2775 1201 2826; x_wconf 82' lang='lat'>95.</span> <span class='ocrx_word' id='word_1_310' title='bbox 1232 2773 1329 2832; x_wconf 84' lang='grc'>96,</span> <span class='ocrx_word' id='word_1_311' title='bbox 1375 2775 1533 2830; x_wconf 88' lang='lat' dir='ltr'>ouius</span> <span class='ocrx_word' id='word_1_312' title='bbox 1574 2775 1703 2830; x_wconf 89' lang='lat' dir='ltr'>mihi</span> <span class='ocrx_word' id='word_1_313' title='bbox 1747 2774 1958 2848; x_wconf 91' lang='lat' dir='ltr'>copiam</span> <span class='ocrx_word' id='word_1_314' title='bbox 2003 2773 2131 2830; x_wconf 79' lang='lat' dir='ltr'>fecit</span> <span class='ocrx_word' id='word_1_315' title='bbox 2179 2771 2342 2833; x_wconf 69' lang='lat' dir='ltr'>hile,</span> <span class='ocrx_word' id='word_1_316' title='bbox 2399 2773 2723 2845; x_wconf 85' lang='lat' dir='ltr'>inscriptum</span> 
     </span>
     <span class='ocr_line' id='line_1_29' title="bbox 172 2854 2727 2932; baseline 0.001 -24"><span class='ocrx_word' id='word_1_317' title='bbox 172 2854 456 2929; x_wconf 80' lang='lat' dir='ltr'>simpliciter</span> <span class='ocrx_word' id='word_1_318' title='bbox 488 2856 696 2914; x_wconf 75' lang='lat' dir='ltr'>‘notae</span> <span class='ocrx_word' id='word_1_319' title='bbox 708 2855 747 2920; x_wconf 89' lang='lat'>&#39;,</span> <span class='ocrx_word' id='word_1_320' title='bbox 794 2859 1140 2931; x_wconf 87' lang='lat' dir='ltr'>incipientem</span> <span class='ocrx_word' id='word_1_321' title='bbox 1189 2863 1240 2914; x_wconf 87' lang='lat' dir='ltr'><em>A</em></span> <span class='ocrx_word' id='word_1_322' title='bbox 1258 2860 1352 2914; x_wconf 79' lang='lat' dir='ltr'>VG</span> <span class='ocrx_word' id='word_1_323' title='bbox 1397 2865 1707 2932; x_wconf 72' lang='lat' dir='ltr'>anqustus,</span> <span class='ocrx_word' id='word_1_324' title='bbox 1760 2858 2036 2914; x_wconf 83' lang='lat' dir='ltr'>finientem</span> <span class='ocrx_word' id='word_1_325' title='bbox 2083 2856 2186 2912; x_wconf 79' lang='lat' dir='ltr'>-SD</span> <span class='ocrx_word' id='word_1_326' title='bbox 2227 2858 2568 2912; x_wconf 75' lang='lat' dir='ltr'>sententiam</span> <span class='ocrx_word' id='word_1_327' title='bbox 2609 2858 2727 2918; x_wconf 79' lang='lat' dir='ltr'>dat,</span> 
     </span>
     <span class='ocr_line' id='line_1_30' title="bbox 171 2941 2730 3018; baseline 0.002 -25"><span class='ocrx_word' id='word_1_328' title='bbox 171 2949 445 3014; x_wconf 80' lang='lat' dir='ltr'>excerptum</span> <span class='ocrx_word' id='word_1_329' title='bbox 474 2943 532 2997; x_wconf 89' lang='lat' dir='ltr'>ni</span> <span class='ocrx_word' id='word_1_330' title='bbox 564 2941 728 2998; x_wconf 77' lang='lat' dir='ltr'>fallor</span> <span class='ocrx_word' id='word_1_331' title='bbox 756 2959 821 2998; x_wconf 79' lang='lat' dir='ltr'>ex</span> <span class='ocrx_word' id='word_1_332' title='bbox 850 2959 914 2999; x_wconf 89' lang='lat' dir='ltr'>eo</span> <span class='ocrx_word' id='word_1_333' title='bbox 947 2943 1013 2998; x_wconf 89' lang='lat' dir='ltr'>de</span> <span class='ocrx_word' id='word_1_334' title='bbox 1044 2959 1152 3016; x_wconf 88' lang='lat' dir='ltr'>quo</span> <span class='ocrx_word' id='word_1_335' title='bbox 1184 2943 1426 3016; x_wconf 86' lang='lat' dir='ltr'>agimus,</span> <span class='ocrx_word' id='word_1_336' title='bbox 1459 2945 1648 3000; x_wconf 87' lang='lat' dir='ltr'>ordine</span> <span class='ocrx_word' id='word_1_337' title='bbox 1677 2942 2000 3018; x_wconf 87' lang='lat' dir='ltr'>plerumque</span> <span class='ocrx_word' id='word_1_338' title='bbox 2031 2959 2139 2999; x_wconf 89' lang='lat' dir='ltr'>non</span> <span class='ocrx_word' id='word_1_339' title='bbox 2173 2950 2412 3003; x_wconf 88' lang='lat' dir='ltr'>mutato,</span> <span class='ocrx_word' id='word_1_340' title='bbox 2446 2941 2542 2997; x_wconf 91' lang='lat' dir='ltr'>sed</span> <span class='ocrx_word' id='word_1_341' title='bbox 2572 2958 2730 3015; x_wconf 87' lang='lat' dir='ltr'>prae-</span> 
     </span>
     <span class='ocr_line' id='line_1_31' title="bbox 174 3025 2726 3101; baseline 0.001 -24"><span class='ocrx_word' id='word_1_342' title='bbox 174 3026 405 3082; x_wconf 83' lang='lat' dir='ltr'>termissis</span> <span class='ocrx_word' id='word_1_343' title='bbox 455 3027 763 3100; x_wconf 90' lang='lat' dir='ltr'>permultis.</span> <span class='ocrx_word' id='word_1_344' title='bbox 823 3025 1142 3084; x_wconf 86' lang='lat' dir='ltr'>Notationes</span> <span class='ocrx_word' id='word_1_345' title='bbox 1196 3030 1253 3084; x_wconf 92' lang='lat' dir='ltr'>in</span> <span class='ocrx_word' id='word_1_346' title='bbox 1304 3030 1449 3085; x_wconf 90' lang='lat' dir='ltr'>hunc</span> <span class='ocrx_word' id='word_1_347' title='bbox 1500 3027 1782 3085; x_wconf 87' lang='lat' dir='ltr'>elenchum</span> <span class='ocrx_word' id='word_1_348' title='bbox 1835 3036 2086 3101; x_wconf 88' lang='lat' dir='ltr'>receptas</span> <span class='ocrx_word' id='word_1_349' title='bbox 2138 3026 2358 3082; x_wconf 82' lang='lat' dir='ltr'>distinxi</span> <span class='ocrx_word' id='word_1_350' title='bbox 2410 3028 2726 3100; x_wconf 88' lang='lat' dir='ltr'>praeposito</span> 
     </span>
     <span class='ocr_line' id='line_1_32' title="bbox 172 3110 2728 3188; baseline 0.002 -26"><span class='ocrx_word' id='word_1_351' title='bbox 172 3112 395 3167; x_wconf 80' lang='lat' dir='ltr'>asterisco</span> <span class='ocrx_word' id='word_1_352' title='bbox 436 3119 493 3166; x_wconf 89' lang='lat' dir='ltr'>et</span> <span class='ocrx_word' id='word_1_353' title='bbox 525 3115 727 3168; x_wconf 87' lang='lat' dir='ltr'>variam</span> <span class='ocrx_word' id='word_1_354' title='bbox 756 3111 1044 3169; x_wconf 89' lang='lat' dir='ltr'>lectionem</span> <span class='ocrx_word' id='word_1_355' title='bbox 1074 3112 1355 3175; x_wconf 88' lang='lat' dir='ltr'>adnotavi,</span> <span class='ocrx_word' id='word_1_356' title='bbox 1387 3130 1711 3188; x_wconf 88' lang='lat' dir='ltr'>quamquam</span> <span class='ocrx_word' id='word_1_357' title='bbox 1741 3129 1934 3187; x_wconf 90' lang='lat' dir='ltr'>parum</span> <span class='ocrx_word' id='word_1_358' title='bbox 1966 3113 2090 3168; x_wconf 90' lang='lat' dir='ltr'>inde</span> <span class='ocrx_word' id='word_1_359' title='bbox 2119 3111 2452 3186; x_wconf 83' lang='lat' dir='ltr'>proficimus.</span> <span class='ocrx_word' id='word_1_360' title='bbox 2512 3110 2728 3184; x_wconf 85' lang='lat' dir='ltr'>Signavi</span> 
     </span>
     <span class='ocr_line' id='line_1_33' title="bbox 185 3192 2729 3272; baseline 0.002 -26"><span class='ocrx_word' id='word_1_361' title='bbox 185 3192 231 3246; x_wconf 74' lang='lat' dir='ltr'>V.</span> <span class='ocrx_word' id='word_1_362' title='bbox 256 3225 311 3234; x_wconf 89' lang='lat'>—-</span> <span class='ocrx_word' id='word_1_363' title='bbox 336 3194 391 3250; x_wconf 92' lang='lat' dir='ltr'>ln</span> <span class='ocrx_word' id='word_1_364' title='bbox 420 3196 611 3253; x_wconf 89' lang='lat' dir='ltr'>codice</span> <span class='ocrx_word' id='word_1_365' title='bbox 642 3197 843 3253; x_wconf 88' lang='lat' dir='ltr'>saeculi</span> <span class='ocrx_word' id='word_1_366' title='bbox 873 3196 1061 3254; x_wconf 88' lang='lat' dir='ltr'>decimi</span> <span class='ocrx_word' id='word_1_367' title='bbox 1090 3197 1373 3254; x_wconf 83' lang='lat' dir='ltr'>Mediolani</span> <span class='ocrx_word' id='word_1_368' title='bbox 1404 3198 1546 3272; x_wconf 86' lang='lat' dir='ltr'>apud</span> <span class='ocrx_word' id='word_1_369' title='bbox 1574 3198 1841 3255; x_wconf 86' lang='lat' dir='ltr'>Morbium</span> <span class='ocrx_word' id='word_1_370' title='bbox 1871 3203 2103 3261; x_wconf 83' lang='lat' dir='ltr'>servato,</span> <span class='ocrx_word' id='word_1_371' title='bbox 2135 3198 2200 3253; x_wconf 89' lang='lat' dir='ltr'>de</span> <span class='ocrx_word' id='word_1_372' title='bbox 2231 3215 2340 3271; x_wconf 88' lang='lat' dir='ltr'>quo</span> <span class='ocrx_word' id='word_1_373' title='bbox 2371 3197 2477 3252; x_wconf 85' lang='lat' dir='ltr'>dixi</span> <span class='ocrx_word' id='word_1_374' title='bbox 2508 3198 2562 3251; x_wconf 91' lang='lat' dir='ltr'>in</span> <span class='ocrx_word' id='word_1_375' title='bbox 2593 3198 2729 3252; x_wconf 90' lang='lat' dir='ltr'>actis</span> 
     </span>
     <span class='ocr_line' id='line_1_34' title="bbox 174 3279 2728 3357; baseline 0.001 -25"><span class='ocrx_word' id='word_1_376' title='bbox 174 3279 293 3336; x_wconf 79' lang='lat' dir='ltr'>acad.</span> <span class='ocrx_word' id='word_1_377' title='bbox 318 3280 491 3338; x_wconf 86' lang='lat' dir='ltr'>Berol.</span> <span class='ocrx_word' id='word_1_378' title='bbox 522 3301 570 3338; x_wconf 89' lang='lat' dir='ltr'>a.</span> <span class='ocrx_word' id='word_1_379' title='bbox 610 3285 733 3336; x_wconf 83' lang='lat'><em>1861</em></span> <span class='ocrx_word' id='word_1_380' title='bbox 768 3301 821 3357; x_wconf 89' lang='lat' dir='ltr'>p.</span> <span class='ocrx_word' id='word_1_381' title='bbox 858 3286 1018 3344; x_wconf 85' lang='lat'>1014,</span> <span class='ocrx_word' id='word_1_382' title='bbox 1060 3291 1190 3356; x_wconf 89' lang='lat' dir='ltr'>post</span> <span class='ocrx_word' id='word_1_383' title='bbox 1220 3283 1411 3348; x_wconf 80' lang='lat' dir='ltr'>Isidori</span> <span class='ocrx_word' id='word_1_384' title='bbox 1442 3283 1681 3356; x_wconf 80' lang='lat' dir='ltr'>origines</span> <span class='ocrx_word' id='word_1_385' title='bbox 1711 3285 1749 3339; x_wconf 70' lang='grc' dir='ltr'>Γ.</span> <span class='ocrx_word' id='word_1_386' title='bbox 1781 3285 1899 3336; x_wconf 79' lang='grc'><strong>241.</strong></span> <span class='ocrx_word' id='word_1_387' title='bbox 1931 3287 2032 3335; x_wconf 76' lang='grc'>242</span> <span class='ocrx_word' id='word_1_388' title='bbox 2084 3283 2178 3356; x_wconf 90' lang='lat' dir='ltr'>qui</span> <span class='ocrx_word' id='word_1_389' title='bbox 2220 3281 2423 3354; x_wconf 85' lang='lat' dir='ltr'>legitur</span> <span class='ocrx_word' id='word_1_390' title='bbox 2474 3289 2728 3338; x_wconf 90' lang='lat' dir='ltr'>notarum</span> 
     </span>
     <span class='ocr_line' id='line_1_35' title="bbox 176 3363 1546 3442; baseline 0.004 -25"><span class='ocrx_word' id='word_1_391' title='bbox 176 3363 303 3420; x_wconf 79' lang='lat' dir='ltr'>index</span> <span class='ocrx_word' id='word_1_392' title='bbox 328 3382 388 3420; x_wconf 83' lang='lat' dir='ltr'>ex</span> <span class='ocrx_word' id='word_1_393' title='bbox 416 3366 779 3423; x_wconf 68' lang='lat' dir='ltr'>modoetiensi</span> <span class='ocrx_word' id='word_1_394' title='bbox 807 3367 903 3424; x_wconf 90' lang='lat' dir='ltr'>illo</span> <span class='ocrx_word' id='word_1_395' title='bbox 932 3366 1075 3423; x_wconf 88' lang='lat' dir='ltr'>libro</span> <span class='ocrx_word' id='word_1_396' title='bbox 1106 3368 1415 3442; x_wconf 86' lang='lat' dir='ltr'>descriptus</span> <span class='ocrx_word' id='word_1_397' title='bbox 1445 3377 1546 3424; x_wconf 89' lang='lat' dir='ltr'>est.</span> 
     </span>
    </p>

    <p class='ocr_par' dir='ltr' id='par_1_6' title="bbox 174 3450 2733 3611">
     <span class='ocr_line' id='line_1_36' title="bbox 309 3450 2728 3527; baseline 0.001 -23"><span class='ocrx_word' id='word_1_398' title='bbox 309 3451 357 3521; x_wconf 86' lang='lat'>5)</span> <span class='ocrx_word' id='word_1_399' title='bbox 385 3451 565 3507; x_wconf 86' lang='lat' dir='ltr'>Codex</span> <span class='ocrx_word' id='word_1_400' title='bbox 585 3451 879 3525; x_wconf 78' lang='lat' dir='ltr'>chigianus</span> <span class='ocrx_word' id='word_1_401' title='bbox 910 3451 950 3508; x_wconf 93' lang='lat'>1.</span> <span class='ocrx_word' id='word_1_402' title='bbox 973 3452 1054 3507; x_wconf 91' lang='lat' dir='ltr'>Vl.</span> <span class='ocrx_word' id='word_1_403' title='bbox 1072 3455 1176 3506; x_wconf 85' lang='lat'>204</span> <span class='ocrx_word' id='word_1_404' title='bbox 1205 3469 1345 3509; x_wconf 89' lang='lat' dir='ltr'>saec.</span> <span class='ocrx_word' id='word_1_405' title='bbox 1372 3453 1459 3507; x_wconf 85' lang='lat' dir='ltr'>XV</span> <span class='ocrx_word' id='word_1_406' title='bbox 1490 3453 1628 3508; x_wconf 90' lang='lat' dir='ltr'>idem</span> <span class='ocrx_word' id='word_1_407' title='bbox 1661 3454 1753 3527; x_wconf 91' lang='lat' dir='ltr'>qui</span> <span class='ocrx_word' id='word_1_408' title='bbox 1785 3451 1947 3509; x_wconf 88' lang='lat' dir='ltr'>habet</span> <span class='ocrx_word' id='word_1_409' title='bbox 1975 3451 2136 3508; x_wconf 87' lang='lat' dir='ltr'>Probi</span> <span class='ocrx_word' id='word_1_410' title='bbox 2169 3452 2392 3524; x_wconf 87' lang='lat' dir='ltr'>genuini</span> <span class='ocrx_word' id='word_1_411' title='bbox 2423 3450 2728 3526; x_wconf 87' lang='lat' dir='ltr'>exemplum</span> 
     </span>
     <span class='ocr_line' id='line_1_37' title="bbox 174 3533 2733 3611; baseline 0.001 -23"><span class='ocrx_word' id='word_1_412' title='bbox 174 3533 435 3604; x_wconf 77' lang='lat' dir='ltr'>perbonam</span> <span class='ocrx_word' id='word_1_413' title='bbox 468 3535 661 3610; x_wconf 86' lang='lat' dir='ltr'>(supra</span> <span class='ocrx_word' id='word_1_414' title='bbox 692 3555 745 3611; x_wconf 91' lang='lat' dir='ltr'>p.</span> <span class='ocrx_word' id='word_1_415' title='bbox 778 3535 931 3609; x_wconf 87' lang='grc'><strong>269),</strong></span> <span class='ocrx_word' id='word_1_416' title='bbox 980 3539 1163 3594; x_wconf 85' lang='lat' dir='ltr'>statim</span> <span class='ocrx_word' id='word_1_417' title='bbox 1197 3537 1476 3610; x_wconf 88' lang='lat' dir='ltr'>subiungit</span> <span class='ocrx_word' id='word_1_418' title='bbox 1518 3540 1568 3594; x_wconf 89' lang='lat' dir='ltr'>ei</span> <span class='ocrx_word' id='word_1_419' title='bbox 1600 3537 1701 3594; x_wconf 91' lang='lat' dir='ltr'>sub</span> <span class='ocrx_word' id='word_1_420' title='bbox 1730 3537 2088 3611; x_wconf 88' lang='lat' dir='ltr'>inscriptione</span> <span class='ocrx_word' id='word_1_421' title='bbox 2119 3535 2324 3593; x_wconf 74' lang='lat' dir='ltr'>‘notas</span> <span class='ocrx_word' id='word_1_422' title='bbox 2351 3535 2536 3593; x_wconf 77' lang='lat' dir='ltr'>iuris&#39;</span> <span class='ocrx_word' id='word_1_423' title='bbox 2569 3537 2733 3593; x_wconf 86' lang='lat' dir='ltr'>later-</span> 
     </span>
    </p>
   </div>
   <div class='ocr_carea' id='block_1_3' title="bbox 1190 2847 1365 2856">
    <p class='ocr_par' dir='ltr' id='par_1_7' title="bbox 1190 2847 1365 2856">
     <span class='ocr_line' id='line_1_38' title="bbox 1190 2847 1365 2856; baseline 0 2586"><span class='ocrx_word' id='word_1_424' title='bbox 1190 2847 1365 2856; x_wconf 95' lang='lat' dir='ltr'> </span> 
     </span>
    </p>
   </div>
   <div class='ocr_carea' id='block_1_4' title="bbox 77 3617 2732 3697">
    <p class='ocr_par' dir='ltr' id='par_1_8' title="bbox 77 3617 2732 3697">
     <span class='ocr_line' id='line_1_39' title="bbox 77 3617 2732 3697; baseline 0.002 -25"><span class='ocrx_word' id='word_1_425' title='bbox 77 3617 79 3628; x_wconf 92' lang='lat'>&#39;</span> <span class='ocrx_word' id='word_1_426' title='bbox 175 3619 323 3674; x_wconf 79' lang='lat' dir='ltr'>ctilum</span> <span class='ocrx_word' id='word_1_427' title='bbox 350 3621 413 3676; x_wconf 91' lang='lat' dir='ltr'>de</span> <span class='ocrx_word' id='word_1_428' title='bbox 444 3638 557 3695; x_wconf 89' lang='lat' dir='ltr'>quo</span> <span class='ocrx_word' id='word_1_429' title='bbox 588 3623 830 3693; x_wconf 83' lang='lat' dir='ltr'>agimus,</span> <span class='ocrx_word' id='word_1_430' title='bbox 875 3621 968 3678; x_wconf 86' lang='lat' dir='ltr'>sed</span> <span class='ocrx_word' id='word_1_431' title='bbox 1008 3622 1343 3696; x_wconf 89' lang='lat' dir='ltr'>descriptum</span> <span class='ocrx_word' id='word_1_432' title='bbox 1388 3641 1451 3678; x_wconf 89' lang='lat' dir='ltr'>ex</span> <span class='ocrx_word' id='word_1_433' title='bbox 1482 3623 1726 3697; x_wconf 81' lang='lat' dir='ltr'>exemplo</span> <span class='ocrx_word' id='word_1_434' title='bbox 1770 3623 1982 3684; x_wconf 88' lang='lat' dir='ltr'>lacero,</span> <span class='ocrx_word' id='word_1_435' title='bbox 2032 3622 2231 3679; x_wconf 89' lang='lat' dir='ltr'>desinit</span> <span class='ocrx_word' id='word_1_436' title='bbox 2275 3625 2418 3678; x_wconf 89' lang='lat' dir='ltr'>enim</span> <span class='ocrx_word' id='word_1_437' title='bbox 2462 3625 2514 3677; x_wconf 91' lang='lat' dir='ltr'>in</span> <span class='ocrx_word' id='word_1_438' title='bbox 2558 3622 2732 3678; x_wconf 88' lang='lat' dir='ltr'>media</span> 
     </span>
    </p>
   </div>
   <div class='ocr_carea' id='block_1_5' title="bbox 176 3705 2734 4633">
    <p class='ocr_par' dir='ltr' id='par_1_9' title="bbox 176 3705 2731 4206">
     <span class='ocr_line' id='line_1_40' title="bbox 176 3705 2731 3778; baseline 0.002 -21"><span class='ocrx_word' id='word_1_439' title='bbox 176 3705 335 3774; x_wconf 80' lang='lat' dir='ltr'>pagina</span> <span class='ocrx_word' id='word_1_440' title='bbox 372 3708 425 3761; x_wconf 88' lang='lat' dir='ltr'>in</span> <span class='ocrx_word' id='word_1_441' title='bbox 468 3705 670 3762; x_wconf 70' lang='lat' dir='ltr'>LEM</span> <span class='ocrx_word' id='word_1_442' title='bbox 700 3708 863 3764; x_wconf 82' lang='lat' dir='ltr'>locus</span> <span class='ocrx_word' id='word_1_443' title='bbox 902 3715 1101 3762; x_wconf 61' lang='lat' dir='ltr'>emtus</span> <span class='ocrx_word' id='word_1_444' title='bbox 1162 3707 1373 3766; x_wconf 90' lang='lat' dir='ltr'>Variam</span> <span class='ocrx_word' id='word_1_445' title='bbox 1404 3709 1693 3765; x_wconf 90' lang='lat' dir='ltr'>lectionem</span> <span class='ocrx_word' id='word_1_446' title='bbox 1737 3709 1864 3765; x_wconf 88' lang='lat' dir='ltr'>inde</span> <span class='ocrx_word' id='word_1_447' title='bbox 1891 3708 2014 3764; x_wconf 88' lang='lat' dir='ltr'>dedi</span> <span class='ocrx_word' id='word_1_448' title='bbox 2059 3716 2304 3765; x_wconf 87' lang='lat' dir='ltr'>notatam</span> <span class='ocrx_word' id='word_1_449' title='bbox 2343 3715 2474 3764; x_wconf 89' lang='lat' dir='ltr'>nota</span> <span class='ocrx_word' id='word_1_450' title='bbox 2505 3705 2578 3778; x_wconf 82' lang='lat'>0,</span> <span class='ocrx_word' id='word_1_451' title='bbox 2620 3723 2731 3762; x_wconf 89' lang='lat' dir='ltr'>nou</span> 
     </span>
     <span class='ocr_line' id='line_1_41' title="bbox 178 3791 2728 3868; baseline 0.002 -28"><span class='ocrx_word' id='word_1_452' title='bbox 178 3795 261 3842; x_wconf 79' lang='lat' dir='ltr'>tam</span> <span class='ocrx_word' id='word_1_453' title='bbox 286 3792 425 3864; x_wconf 89' lang='lat' dir='ltr'>quod</span> <span class='ocrx_word' id='word_1_454' title='bbox 452 3793 685 3865; x_wconf 85' lang='lat' dir='ltr'>propria</span> <span class='ocrx_word' id='word_1_455' title='bbox 712 3791 958 3849; x_wconf 90' lang='lat' dir='ltr'>bonitate</span> <span class='ocrx_word' id='word_1_456' title='bbox 986 3793 1279 3864; x_wconf 79' lang='lat' dir='ltr'>chigianus</span> <span class='ocrx_word' id='word_1_457' title='bbox 1309 3792 1447 3850; x_wconf 88' lang='lat' dir='ltr'>liber</span> <span class='ocrx_word' id='word_1_458' title='bbox 1477 3794 1906 3856; x_wconf 86' lang='lat' dir='ltr'>commendatur,</span> <span class='ocrx_word' id='word_1_459' title='bbox 1939 3811 2103 3868; x_wconf 88' lang='lat' dir='ltr'>quam</span> <span class='ocrx_word' id='word_1_460' title='bbox 2133 3794 2280 3868; x_wconf 90' lang='lat' dir='ltr'>quod</span> <span class='ocrx_word' id='word_1_461' title='bbox 2313 3791 2616 3867; x_wconf 85' lang='lat' dir='ltr'>exemplum</span> <span class='ocrx_word' id='word_1_462' title='bbox 2648 3791 2728 3846; x_wconf 90' lang='lat' dir='ltr'>vel</span> 
     </span>
     <span class='ocr_line' id='line_1_42' title="bbox 176 3871 2731 3953; baseline 0.003 -28"><span class='ocrx_word' id='word_1_463' title='bbox 176 3871 281 3928; x_wconf 83' lang='lat' dir='ltr'>illud</span> <span class='ocrx_word' id='word_1_464' title='bbox 306 3877 481 3949; x_wconf 83' lang='lat' dir='ltr'>ipsum</span> <span class='ocrx_word' id='word_1_465' title='bbox 514 3876 599 3932; x_wconf 87' lang='lat' dir='ltr'>vel</span> <span class='ocrx_word' id='word_1_466' title='bbox 632 3877 919 3950; x_wconf 89' lang='lat' dir='ltr'>gemellum</span> <span class='ocrx_word' id='word_1_467' title='bbox 952 3893 1073 3934; x_wconf 91' lang='lat' dir='ltr'>cum</span> <span class='ocrx_word' id='word_1_468' title='bbox 1106 3878 1173 3933; x_wconf 90' lang='lat' dir='ltr'>ad</span> <span class='ocrx_word' id='word_1_469' title='bbox 1202 3879 1567 3936; x_wconf 84' lang='lat' dir='ltr'>Marcanovam</span> <span class='ocrx_word' id='word_1_470' title='bbox 1599 3881 1956 3953; x_wconf 87' lang='lat' dir='ltr'>pervenisset,</span> <span class='ocrx_word' id='word_1_471' title='bbox 1988 3895 2051 3934; x_wconf 83' lang='lat' dir='ltr'>ex</span> <span class='ocrx_word' id='word_1_472' title='bbox 2082 3895 2146 3936; x_wconf 92' lang='lat' dir='ltr'>eo</span> <span class='ocrx_word' id='word_1_473' title='bbox 2177 3881 2527 3952; x_wconf 86' lang='lat' dir='ltr'>genuinoque</span> <span class='ocrx_word' id='word_1_474' title='bbox 2550 3876 2731 3934; x_wconf 89' lang='lat' dir='ltr'>Probo</span> 
     </span>
     <span class='ocr_line' id='line_1_43' title="bbox 176 3957 2731 4036; baseline 0.002 -26"><span class='ocrx_word' id='word_1_475' title='bbox 176 3957 287 4013; x_wconf 87' lang='lat' dir='ltr'>inter</span> <span class='ocrx_word' id='word_1_476' title='bbox 310 3975 367 4016; x_wconf 84' lang='lat' dir='ltr'>se</span> <span class='ocrx_word' id='word_1_477' title='bbox 396 3962 709 4018; x_wconf 88' lang='lat' dir='ltr'>coniunctis</span> <span class='ocrx_word' id='word_1_478' title='bbox 739 3972 794 4017; x_wconf 90' lang='lat' dir='ltr'>et</span> <span class='ocrx_word' id='word_1_479' title='bbox 824 3961 1164 4036; x_wconf 88' lang='lat' dir='ltr'>alphabetico</span> <span class='ocrx_word' id='word_1_480' title='bbox 1197 3963 1387 4019; x_wconf 87' lang='lat' dir='ltr'>ordine</span> <span class='ocrx_word' id='word_1_481' title='bbox 1416 3964 1642 4036; x_wconf 87' lang='lat' dir='ltr'>digestis</span> <span class='ocrx_word' id='word_1_482' title='bbox 1685 3963 1984 4021; x_wconf 86' lang='lat' dir='ltr'>laterculus</span> <span class='ocrx_word' id='word_1_483' title='bbox 2027 3963 2232 4036; x_wconf 89' lang='lat' dir='ltr'>prodiit</span> <span class='ocrx_word' id='word_1_484' title='bbox 2272 3965 2518 4019; x_wconf 88' lang='lat' dir='ltr'>novicius</span> <span class='ocrx_word' id='word_1_485' title='bbox 2558 3965 2606 4018; x_wconf 89' lang='lat' dir='ltr'>is</span> <span class='ocrx_word' id='word_1_486' title='bbox 2637 3963 2731 4036; x_wconf 87' lang='lat' dir='ltr'>qui</span> 
     </span>
     <span class='ocr_line' id='line_1_44' title="bbox 176 4045 2730 4122; baseline 0 -21"><span class='ocrx_word' id='word_1_487' title='bbox 176 4057 251 4112; x_wconf 79' lang='lat' dir='ltr'>per</span> <span class='ocrx_word' id='word_1_488' title='bbox 272 4045 701 4119; x_wconf 83' lang='lat' dir='ltr'>quadringentos</span> <span class='ocrx_word' id='word_1_489' title='bbox 740 4046 971 4122; x_wconf 89' lang='lat' dir='ltr'>amplius</span> <span class='ocrx_word' id='word_1_490' title='bbox 1001 4065 1173 4104; x_wconf 90' lang='lat' dir='ltr'>annos</span> <span class='ocrx_word' id='word_1_491' title='bbox 1216 4048 1317 4105; x_wconf 87' lang='lat' dir='ltr'>sub</span> <span class='ocrx_word' id='word_1_492' title='bbox 1348 4048 1486 4106; x_wconf 78' lang='lat' dir='ltr'>salso</span> <span class='ocrx_word' id='word_1_493' title='bbox 1516 4049 1679 4106; x_wconf 90' lang='lat' dir='ltr'>Probi</span> <span class='ocrx_word' id='word_1_494' title='bbox 1724 4051 1942 4106; x_wconf 89' lang='lat' dir='ltr'>nomine</span> <span class='ocrx_word' id='word_1_495' title='bbox 1984 4048 2336 4105; x_wconf 89' lang='lat' dir='ltr'>circumlatus</span> <span class='ocrx_word' id='word_1_496' title='bbox 2367 4056 2481 4110; x_wconf 91' lang='lat' dir='ltr'>est,</span> <span class='ocrx_word' id='word_1_497' title='bbox 2525 4047 2590 4103; x_wconf 89' lang='lat' dir='ltr'>de</span> <span class='ocrx_word' id='word_1_498' title='bbox 2621 4063 2730 4120; x_wconf 91' lang='lat' dir='ltr'>quo</span> 
     </span>
     <span class='ocr_line' id='line_1_45' title="bbox 176 4130 1189 4206; baseline 0.003 -22"><span class='ocrx_word' id='word_1_499' title='bbox 176 4131 445 4186; x_wconf 76' lang='lat' dir='ltr'>accuratius</span> <span class='ocrx_word' id='word_1_500' title='bbox 476 4130 621 4189; x_wconf 78' lang='lat' dir='ltr'>infra</span> <span class='ocrx_word' id='word_1_501' title='bbox 650 4133 757 4188; x_wconf 90' lang='lat' dir='ltr'>erit</span> <span class='ocrx_word' id='word_1_502' title='bbox 784 4132 1189 4206; x_wconf 87' lang='lat' dir='ltr'>disputandum.</span> 
     </span>
    </p>

    <p class='ocr_par' dir='ltr' id='par_1_10' title="bbox 178 4214 2734 4633">
     <span class='ocr_line' id='line_1_46' title="bbox 308 4214 2730 4293; baseline 0.001 -23"><span class='ocrx_word' id='word_1_503' title='bbox 308 4214 459 4288; x_wconf 84' lang='lat' dir='ltr'>lpsae</span> <span class='ocrx_word' id='word_1_504' title='bbox 504 4225 691 4272; x_wconf 86' lang='lat' dir='ltr'>autem</span> <span class='ocrx_word' id='word_1_505' title='bbox 728 4225 893 4275; x_wconf 87' lang='lat' dir='ltr'>notae</span> <span class='ocrx_word' id='word_1_506' title='bbox 936 4220 1205 4292; x_wconf 87' lang='lat' dir='ltr'>pessimae</span> <span class='ocrx_word' id='word_1_507' title='bbox 1248 4227 1379 4274; x_wconf 89' lang='lat' dir='ltr'>sunt</span> <span class='ocrx_word' id='word_1_508' title='bbox 1421 4226 1477 4274; x_wconf 89' lang='lat' dir='ltr'>et</span> <span class='ocrx_word' id='word_1_509' title='bbox 1516 4219 1689 4293; x_wconf 88' lang='lat' dir='ltr'>magis</span> <span class='ocrx_word' id='word_1_510' title='bbox 1735 4227 1798 4275; x_wconf 91' lang='lat' dir='ltr'>ut</span> <span class='ocrx_word' id='word_1_511' title='bbox 1839 4217 1904 4274; x_wconf 89' lang='lat' dir='ltr'>ab</span> <span class='ocrx_word' id='word_1_512' title='bbox 1947 4219 2016 4274; x_wconf 89' lang='lat' dir='ltr'>iis</span> <span class='ocrx_word' id='word_1_513' title='bbox 2057 4233 2340 4275; x_wconf 83' lang='lat' dir='ltr'>caveamus</span> <span class='ocrx_word' id='word_1_514' title='bbox 2384 4217 2730 4278; x_wconf 86' lang='lat' dir='ltr'>adhibendae,</span> 
     </span>
     <span class='ocr_line' id='line_1_47' title="bbox 178 4302 2731 4378; baseline 0.003 -28"><span class='ocrx_word' id='word_1_515' title='bbox 178 4312 303 4369; x_wconf 78' lang='lat' dir='ltr'>quam</span> <span class='ocrx_word' id='word_1_516' title='bbox 340 4309 403 4356; x_wconf 89' lang='lat' dir='ltr'>ut</span> <span class='ocrx_word' id='word_1_517' title='bbox 445 4303 517 4357; x_wconf 89' lang='lat' dir='ltr'>iis</span> <span class='ocrx_word' id='word_1_518' title='bbox 558 4309 798 4360; x_wconf 89' lang='lat' dir='ltr'>utamur.</span> <span class='ocrx_word' id='word_1_519' title='bbox 858 4302 1057 4360; x_wconf 87' lang='lat' dir='ltr'>Habuit</span> <span class='ocrx_word' id='word_1_520' title='bbox 1096 4303 1313 4377; x_wconf 86' lang='lat' dir='ltr'>quidem</span> <span class='ocrx_word' id='word_1_521' title='bbox 1356 4305 1449 4378; x_wconf 89' lang='lat' dir='ltr'>qui</span> <span class='ocrx_word' id='word_1_522' title='bbox 1490 4319 1581 4360; x_wconf 89' lang='lat' dir='ltr'>eas</span> <span class='ocrx_word' id='word_1_523' title='bbox 1624 4304 1848 4376; x_wconf 86' lang='lat' dir='ltr'>collegit</span> <span class='ocrx_word' id='word_1_524' title='bbox 1896 4302 2220 4359; x_wconf 83' lang='lat' dir='ltr'>laterculum</span> <span class='ocrx_word' id='word_1_525' title='bbox 2263 4302 2499 4376; x_wconf 88' lang='lat' dir='ltr'>aliquem</span> <span class='ocrx_word' id='word_1_526' title='bbox 2543 4317 2731 4358; x_wconf 88' lang='lat' dir='ltr'>eorum</span> 
     </span>
     <span class='ocr_line' id='line_1_48' title="bbox 180 4386 2732 4462; baseline 0.002 -26"><span class='ocrx_word' id='word_1_527' title='bbox 180 4397 288 4453; x_wconf 86' lang='lat' dir='ltr'>quos</span> <span class='ocrx_word' id='word_1_528' title='bbox 313 4386 469 4442; x_wconf 87' lang='lat' dir='ltr'>modo</span> <span class='ocrx_word' id='word_1_529' title='bbox 502 4386 846 4444; x_wconf 81' lang='lat' dir='ltr'>exhibuimus</span> <span class='ocrx_word' id='word_1_530' title='bbox 876 4386 979 4444; x_wconf 88' lang='lat' dir='ltr'>sub</span> <span class='ocrx_word' id='word_1_531' title='bbox 1006 4405 1060 4443; x_wconf 89' lang='lat' dir='ltr'>n.</span> <span class='ocrx_word' id='word_1_532' title='bbox 1092 4387 1171 4443; x_wconf 85' lang='lat'>111.</span> <span class='ocrx_word' id='word_1_533' title='bbox 1204 4387 1309 4443; x_wconf 88' lang='lat' dir='ltr'>llll.</span> <span class='ocrx_word' id='word_1_534' title='bbox 1334 4387 1393 4444; x_wconf 91' lang='lat' dir='ltr'>V.</span> <span class='ocrx_word' id='word_1_535' title='bbox 1426 4389 1654 4444; x_wconf 89' lang='lat' dir='ltr'>similem</span> <span class='ocrx_word' id='word_1_536' title='bbox 1684 4390 2027 4462; x_wconf 88' lang='lat' dir='ltr'>sumpsitque</span> <span class='ocrx_word' id='word_1_537' title='bbox 2058 4387 2180 4443; x_wconf 88' lang='lat' dir='ltr'>inde</span> <span class='ocrx_word' id='word_1_538' title='bbox 2207 4394 2463 4444; x_wconf 88' lang='lat' dir='ltr'>notarum</span> <span class='ocrx_word' id='word_1_539' title='bbox 2492 4389 2547 4443; x_wconf 90' lang='lat' dir='ltr'>in</span> <span class='ocrx_word' id='word_1_540' title='bbox 2577 4386 2732 4443; x_wconf 88' lang='lat' dir='ltr'>libris</span> 
     </span>
     <span class='ocr_line' id='line_1_49' title="bbox 180 4467 2731 4549; baseline 0.002 -27"><span class='ocrx_word' id='word_1_541' title='bbox 180 4467 283 4522; x_wconf 79' lang='lat' dir='ltr'>iuris</span> <span class='ocrx_word' id='word_1_542' title='bbox 328 4473 895 4547; x_wconf 88' lang='lat' dir='ltr'>constitutionumque</span> <span class='ocrx_word' id='word_1_543' title='bbox 942 4471 1245 4546; x_wconf 79' lang='lat' dir='ltr'>vulgarium</span> <span class='ocrx_word' id='word_1_544' title='bbox 1295 4477 1778 4549; x_wconf 87' lang='lat' dir='ltr'>interpretationes</span> <span class='ocrx_word' id='word_1_545' title='bbox 1821 4489 2001 4537; x_wconf 88' lang='lat' dir='ltr'>veras;</span> <span class='ocrx_word' id='word_1_546' title='bbox 2062 4490 2164 4528; x_wconf 90' lang='lat' dir='ltr'>nec</span> <span class='ocrx_word' id='word_1_547' title='bbox 2206 4480 2382 4528; x_wconf 90' lang='lat' dir='ltr'>tamen</span> <span class='ocrx_word' id='word_1_548' title='bbox 2437 4471 2731 4546; x_wconf 88' lang='lat' dir='ltr'>quidquam</span> 
     </span>
     <span class='ocr_line' id='line_1_50' title="bbox 182 4556 2734 4633; baseline 0.002 -27"><span class='ocrx_word' id='word_1_549' title='bbox 182 4558 397 4626; x_wconf 81' lang='lat' dir='ltr'>proponit</span> <span class='ocrx_word' id='word_1_550' title='bbox 424 4557 479 4612; x_wconf 90' lang='lat' dir='ltr'>in</span> <span class='ocrx_word' id='word_1_551' title='bbox 512 4557 619 4614; x_wconf 91' lang='lat' dir='ltr'>hoc</span> <span class='ocrx_word' id='word_1_552' title='bbox 649 4573 851 4632; x_wconf 87' lang='lat' dir='ltr'>genere</span> <span class='ocrx_word' id='word_1_553' title='bbox 880 4557 1165 4633; x_wconf 86' lang='lat' dir='ltr'>proprium</span> <span class='ocrx_word' id='word_1_554' title='bbox 1206 4567 1265 4615; x_wconf 87' lang='lat' dir='ltr'>et</span> <span class='ocrx_word' id='word_1_555' title='bbox 1294 4560 1635 4616; x_wconf 87' lang='lat' dir='ltr'>reconditum</span> <span class='ocrx_word' id='word_1_556' title='bbox 1667 4575 1769 4617; x_wconf 87' lang='lat' dir='ltr'>nec</span> <span class='ocrx_word' id='word_1_557' title='bbox 1798 4575 1922 4615; x_wconf 85' lang='lat' dir='ltr'>raro</span> <span class='ocrx_word' id='word_1_558' title='bbox 1954 4556 2342 4633; x_wconf 80' lang='lat' dir='ltr'>explicationes</span> <span class='ocrx_word' id='word_1_559' title='bbox 2373 4556 2541 4615; x_wconf 79' lang='lat' dir='ltr'>salsas</span> <span class='ocrx_word' id='word_1_560' title='bbox 2571 4557 2734 4632; x_wconf 90' lang='lat' dir='ltr'>plane</span> 
     </span>
    </p>
   </div>
   <div class='ocr_carea' id='block_1_6' title="bbox 289 4719 2734 4790">
    <p class='ocr_par' dir='ltr' id='par_1_11' title="bbox 289 4719 2734 4790">
     <span class='ocr_line' id='line_1_51' title="bbox 289 4719 2734 4790; baseline 0.003 -20"><span class='ocrx_word' id='word_1_561' title='bbox 289 4719 315 4746; x_wconf 63' lang='lat'>¹</span> <span class='ocrx_word' id='word_1_562' title='bbox 346 4719 463 4771; x_wconf 78' lang='lat' dir='ltr'>Nam</span> <span class='ocrx_word' id='word_1_563' title='bbox 504 4722 697 4790; x_wconf 77' lang='lat' dir='ltr'>legitur</span> <span class='ocrx_word' id='word_1_564' title='bbox 728 4723 770 4774; x_wconf 74' lang='lat' dir='ltr'>f.</span> <span class='ocrx_word' id='word_1_565' title='bbox 808 4723 904 4777; x_wconf 80' lang='lat'>33:</span> <span class='ocrx_word' id='word_1_566' title='bbox 958 4723 1035 4775; x_wconf 78' lang='lat' dir='ltr'>Ee</span> <span class='ocrx_word' id='word_1_567' title='bbox 1078 4725 1196 4776; x_wconf 80' lang='lat' dir='ltr'>inde</span> <span class='ocrx_word' id='word_1_568' title='bbox 1231 4725 1439 4777; x_wconf 72' lang='lat' dir='ltr'>domnus</span> <span class='ocrx_word' id='word_1_569' title='bbox 1474 4726 1657 4776; x_wconf 73' lang='lat' dir='ltr'>Car-lus</span> <span class='ocrx_word' id='word_1_570' title='bbox 1702 4727 1841 4776; x_wconf 74' lang='lat' dir='ltr'>solus</span> <span class='ocrx_word' id='word_1_571' title='bbox 1887 4741 2088 4790; x_wconf 67' lang='lat' dir='ltr'>requam</span> <span class='ocrx_word' id='word_1_572' title='bbox 2122 4726 2342 4787; x_wconf 68' lang='lat' dir='ltr'>mscepil</span> <span class='ocrx_word' id='word_1_573' title='bbox 2381 4732 2431 4775; x_wconf 78' lang='lat' dir='ltr'>et</span> <span class='ocrx_word' id='word_1_574' title='bbox 2465 4727 2562 4776; x_wconf 82' lang='lat' dir='ltr'>deo</span> <span class='ocrx_word' id='word_1_575' title='bbox 2599 4741 2734 4790; x_wconf 84' lang='lat' dir='ltr'>pro-</span> 
     </span>
    </p>
   </div>
   <div class='ocr_carea' id='block_1_7' title="bbox 174 4792 2731 4916">
    <p class='ocr_par' dir='ltr' id='par_1_12' title="bbox 174 4792 2731 4916">
     <span class='ocr_line' id='line_1_52' title="bbox 174 4792 2731 4916; baseline -0.004 -67"><span class='ocrx_word' id='word_1_576' title='bbox 174 4792 620 4916; x_wconf 47' lang='grc' dir='ltr'>ἑθὲύεωισιιὸεέηει</span> <span class='ocrx_word' id='word_1_577' title='bbox 658 4793 783 4860; x_wconf 82' lang='lat' dir='ltr'>(sio)</span> <span class='ocrx_word' id='word_1_578' title='bbox 840 4811 997 4861; x_wconf 75' lang='lat' dir='ltr'>neque</span> <span class='ocrx_word' id='word_1_579' title='bbox 1044 4797 1097 4847; x_wconf 76' lang='lat' dir='ltr'>in</span> <span class='ocrx_word' id='word_1_580' title='bbox 1140 4804 1463 4859; x_wconf 73' lang='lat' dir='ltr'>praesentem</span> <span class='ocrx_word' id='word_1_581' title='bbox 1497 4812 1705 4860; x_wconf 76' lang='lat' dir='ltr'>annum,</span> <span class='ocrx_word' id='word_1_582' title='bbox 1755 4799 1842 4862; x_wconf 83' lang='lat' dir='ltr'>qui</span> <span class='ocrx_word' id='word_1_583' title='bbox 1875 4803 1952 4846; x_wconf 76' lang='lat' dir='ltr'>est</span> <span class='ocrx_word' id='word_1_584' title='bbox 1983 4811 2146 4846; x_wconf 81' lang='lat' dir='ltr'>annus</span> <span class='ocrx_word' id='word_1_585' title='bbox 2188 4796 2335 4861; x_wconf 70' lang='lat' dir='ltr'>regni</span> <span class='ocrx_word' id='word_1_586' title='bbox 2365 4799 2474 4846; x_wconf 81' lang='lat' dir='ltr'>eius</span> <span class='ocrx_word' id='word_1_587' title='bbox 2507 4797 2574 4845; x_wconf 84' lang='grc'>42</span> <span class='ocrx_word' id='word_1_588' title='bbox 2591 4831 2606 4861; x_wconf 85' lang='lat'>,</span> <span class='ocrx_word' id='word_1_589' title='bbox 2645 4800 2731 4848; x_wconf 70' lang='lat' dir='ltr'>im-</span> 
     </span>
     <span class='ocr_line' id='line_1_53' title="bbox 388 4878 541 4914; baseline -0.007 1"><span class='ocrx_word' id='word_1_590' title='bbox 388 4878 459 4914; x_wconf 77' lang='lat' dir='ltr'>em</span> <span class='ocrx_word' id='word_1_591' title='bbox 528 4900 541 4914; x_wconf 92' lang='lat'>.</span> 
     </span>
    </p>
   </div>
  </div>
 </body>
</html>
