3434 5442
539 326 664 375 x1v
1618 316 2038 378 PRAEFATIO

541 499 732 563 tionis
775 499 1122 564 tribuenda
1165 509 1277 564 est.
1369 500 1436 562 in
1481 520 1606 586 quo
1652 522 1889 584 genere
1933 522 2081 565 cum
2124 522 2279 565 suae
2324 504 2555 567 aetatis
2600 524 2789 567 usum
2830 505 2900 568 in
2942 512 3117 569 vete·

540 622 644 663 res
689 600 1034 687 scriptores
1089 600 1545 681 transferrent,
1603 611 1742 665 tum
1794 602 1862 665 in
1904 604 1986 667 iis
2031 604 2246 686 libris,
2302 604 2370 668 in
2422 604 2658 689 quibus
2704 605 2808 670 vel
2852 614 3118 693 propter

539 702 958 767 recentiorem
999 703 1205 788 ipsius
1252 703 1533 768 auctoris
1577 712 1857 768 aetatem
1906 704 2007 769 vel
2060 716 2325 791 propter
2378 706 2697 772 vilitatem
2754 708 3115 791 argumenti

539 804 748 869 minor
791 814 932 869 erat
971 806 1318 871 vetustatis
1361 806 1755 887 reverentia,
1797 804 1943 891 plus
1990 807 2118 873 sibi
2160 808 2512 894 sumpsisse
2554 809 2879 875 videntur.
2942 830 3115 873 nunc

539 909 846 992 quoniam
888 906 1048 972 haec
1091 906 1504 972 librariorum
1547 905 1993 993 neglegentia,
2040 918 2113 972 ut
2152 908 2398 973 nullam
2444 910 2575 974 vim
2620 910 2821 976 habet
2862 911 2945 977 ad
2986 912 3114 998 pri-

539 1010 777 1074 stinam
831 1009 1218 1095 scripturam
1271 992 1821 1091 constituendam,
1878 1012 1973 1075 ita
2029 1010 2115 1075 ad
2158 1012 2676 1095 cognoscendum
2718 1034 2960 1077 morem
3006 1034 3113 1076 ex-

537 1122 782 1175 tremae
837 1111 1068 1175 aetatis
1121 1132 1251 1175 non
1303 1110 1552 1176 inutilis
1609 1120 1737 1193 est,
1794 1132 1871 1176 ea
1927 1134 2093 1198 quae
2146 1114 2429 1178 maxime
2482 1115 2928 1180 memorabilia
2968 1115 3117 1179 visa

539 1222 694 1277 sunt
731 1213 856 1277 hoc
899 1211 1040 1277 loco
1084 1234 1447 1300 conponere
1475 1212 1739 1305 placuit,
1785 1215 2167 1299 praesertim
2204 1238 2351 1279 cum
2396 1216 2463 1280 in
2506 1238 2639 1280 non
2680 1214 2875 1281 nullis
2920 1213 3113 1281 libra·

535 1316 778 1379 riorum
828 1315 1116 1400 peccatis
1173 1315 1400 1380 eadem
1456 1316 1767 1380 sermonis
1814 1317 2135 1401 pravitas,
2192 1338 2385 1403 quam
2428 1320 2889 1403 grammaticus
2934 1328 3112 1382 nota-

537 1418 664 1498 vit,
709 1416 1042 1502 adpareat.
1129 1414 1410 1502 plurima
1454 1428 1671 1481 autem
1715 1418 1854 1481 eius
1898 1419 2154 1501 generis
2201 1419 2503 1506 exempla
2543 1421 2612 1487 in
2654 1420 2964 1486 Bobiensi
3009 1440 3111 1484 co-

539 1520 682 1583 dice
723 1520 1175 1599 inveniuntur3
1218 1520 1529 1603 pauciora
1573 1519 1769 1583 etiam
1814 1519 2169 1585 Vaticanus
2211 1522 2535 1607 praebuit.

703 1622 936 1707 Itaque
989 1630 1252 1707 propter
1306 1619 1792 1686 similitudinem
1846 1623 1986 1686 soni
2040 1644 2233 1709 saepe
2289 1645 2324 1689 ο
2364 1622 2584 1690 littera
2625 1644 2741 1711 pro
2786 1646 2827 1688 u
2870 1624 3115 1709 scripta

535 1733 636 1788 est
675 1723 745 1787 in
788 1722 875 1803 B,
918 1744 1224 1801 nomeruS,
1271 1744 1468 1788 somus
1508 1746 1630 1809 pro
1672 1745 1889 1805 sumuS,
1934 1731 2252 1803 comdant,
2300 1738 2594 1791 commoto
2636 1748 2753 1813 pro
2794 1736 3107 1803 commum,

535 1831 824 1903 torcolar,
875 1832 1126 1904 oscolor,
1175 1832 1567 1905 singolorum,
1617 1832 1961 1906 eopoIotiva
1972 1874 1993 1905 ,
2041 1834 2333 1907 costodiO,
2378 1834 2657 1907 yerondi,
2704 1848 2924 1893 corr-or
2970 1835 3109 1905 156,

537 1935 615 1997 37
629 1974 646 2008 ,
679 1932 941 1992 notritor
973 1936 1113 2009 176,
1149 1938 1204 2008 1,
1251 1933 1478 1993 doobus
1521 1935 1662 2009 122,
1693 1936 1811 2011 253
1854 1937 2080 1993 contra
2108 1952 2148 1994 u
2176 1952 2293 2015 pro
2325 1951 2379 2011 ο,
2414 1936 2815 1995 dinuscuntw
2854 1950 3106 2009 coquus·

531 2036 696 2095 citur
738 2039 804 2094 et
847 2029 1103 2107 similia,
1151 2050 1367 2094 numen
1395 2052 1514 2117 pro
1545 2050 1776 2107 nomen,
1811 2035 2233 2110 numinativuS,
2268 2036 2511 2112 lucutiO,
2546 2039 2827 2111 insulem,
2866 2036 3105 2110 fur-ma,

531 2144 734 2197 custus
777 2140 878 2213 92,
923 2140 1026 2211 20,
1069 2138 1388 2213 praeturio
1436 2140 1588 2213 120,
1635 2140 1714 2203 32
1760 2154 1935 2219 sqq.;
1989 2154 2170 2197 sonus
2223 2156 2341 2220 pro
2384 2155 2562 2199 sonos
2606 2155 2801 2220 saepe
2846 2132 3112 2199 exhibet

535 2235 610 2315 R,
654 2256 806 2301 sonu
844 2256 964 2321 pro
1006 2255 1154 2299 sono
1197 2242 1310 2316 72,
1357 2240 1469 2316 18,
1523 2254 1818 2314 cumparo
1866 2243 1985 2306 150
1998 2282 2016 2317 ‚
2062 2242 2122 2304 8.
2182 2238 2265 2299 ad
2308 2236 2581 2302 eandem
2622 2256 2886 2301 causam
2927 2256 3110 2300 revo-

533 2337 812 2403 candum
856 2346 986 2417 est,
1042 2336 1212 2423 quod
1271 2357 1306 2399 e
1351 2346 1416 2402 et
1457 2344 1484 2401 i
1531 2336 1787 2401 litterae
1842 2338 2223 2423 saepissimo
2263 2339 2333 2403 in
2375 2336 2431 2400 Β
2476 2348 2879 2425 permutatae
2922 2347 3105 2401 sunt:

533 2462 566 2503 e
604 2460 724 2527 pro
767 2447 795 2504 i
843 2440 1080 2526 posita,
1153 2445 1391 2518 accepit
1443 2444 1682 2503 aceedit
1744 2460 2031 2519 recepere
2082 2462 2201 2526 pro
2255 2446 2481 2520 accipit
2536 2446 2761 2505 accidit
2812 2446 3103 2519 recipere,

535 2548 866 2620 Cercenses,
917 2546 1154 2619 CecerO,
1207 2546 1380 2605 Certe
1420 2524 1536 2627 pro
1583 2547 1787 2605 Cirtae
1832 2551 1973 2620 155,
2006 2549 2104 2623 16,
2148 2549 2433 2621 triqenta,
2482 2549 2925 2623 quadraqenta,
2962 2562 3107 2621 per—

533 2657 752 2723 tenere,
800 2655 1093 2721 retenere,
1143 2648 1534 2721 indecativus,
1570 2649 1856 2723 indeqent
1886 2650 1985 2725 78,
2018 2652 2093 2726 33
2140 2651 2240 2724 20,
2286 2650 2499 2723 redeqi
2522 2666 2639 2730 pro
2667 2647 2870 2723 rediqt'
2897 2651 3038 2723 181,
3070 2650 3107 2709 7

529 2752 768 2812 credete
813 2755 952 2819 145,
1002 2752 1100 2823 19,
1142 2748 1400 2822 seducta
1444 2753 1584 2826 145,
1630 2752 1732 2827 22,
1778 2758 2132 2825 termenare,
2179 2766 2387 2810 memes
2434 2753 2571 2826 161,
2620 2754 2721 2826 40,
2764 2749 3111 2810 nomenibus

533 2857 633 2931 72,
681 2855 782 2927 39,
829 2860 1170 2913 mercturam
1215 2855 1356 2928 137,
1405 2854 1504 2924 12,
1545 2857 1831 2925 qenetore
1874 2854 1987 2929 83,
2034 2856 2103 2928 6,
2148 2860 2535 2912 extrem-ecus
2576 2854 2974 2924 intrenseeuS,
3020 2866 3106 2910 se-

531 2956 684 3032 nape·
723 2957 824 3033 98,
859 2958 960 3028 36,
1007 2961 1208 3016 seeeat
1254 2956 1403 3030 129,
1440 2956 1539 3017 10.
1585 2948 1759 3031 quod
1789 2950 2020 3013 vitium
2066 2951 2261 3015 etiam
2304 2950 2389 3014 ad
2433 2948 2925 3015 declinationem
2966 2970 3107 3012 ver-

531 3055 763 3118 borum
805 3054 1119 3140 pertinuit
1158 3054 1227 3117 in
1269 3052 1400 3132 his,
1439 3054 1704 3127 fuessem
1742 3053 1979 3127 suesses
2023 3066 2145 3117 etc.
2191 3051 2247 3115 B
2294 3063 2435 3132 174,
2468 3061 2525 3133 8,
2570 3070 2963 3131 rapueremus·
3004 3070 3107 3113 rau

526 3162 788 3236 pueretis
827 3156 884 3219 B
919 3163 1060 3236 172,
1095 3163 1193 3232 13,
1243 3160 1612 3218 docebemini
1648 3154 1704 3218 B
1742 3160 1881 3235 166,
1917 3164 2015 3233 10,
2060 3160 2433 3233 seripseretis
2474 3154 2533 3218 R
2565 3160 2705 3234 168,
2739 3162 2838 3222 17.
2882 3164 3109 3217 contra

529 3264 556 3321 i
595 3280 711 3343 pro
756 3279 791 3321 e
845 3258 1160 3342 scriptum
1213 3256 1412 3322 habet
1455 3254 1511 3318 Β
1555 3260 1618 3319 in
1662 3254 1922 3337 talibus,
1968 3263 2267 3335 cris-eunt,
2314 3244 2567 3334 calisco,
2608 3259 2873 3332 sacis-³0,
2912 3260 3105 3333 perti-

528 3364 928 3438 miscendum,
987 3364 1314 3438 possissiva
1328 3407 1348 3437 ,
1404 3365 1714 3437 quatinus,
1776 3362 2145 3422 Dioclitt'ane
2190 3364 2339 3438 119,
2385 3365 2497 3436 26,
2558 3362 2725 3420 docis
2764 3379 2882 3442 pro
2928 3361 3108 3419 doces

534 3470 684 3543 164,
734 3470 845 3542 14,
900 3466 1136 3525 doceris
1191 3466 1422 3524 decerit
1475 3482 1591 3545 pro
1647 3466 1897 3523 doceres
1939 3464 2182 3523 doceret
2226 3467 2379 3541 165,
2426 3466 2494 3539 9,
2543 3462 2758 3534 fui-esis
2802 3465 2954 3538 170,
3000 3468 3101 3533 11,

529 3568 862 3639 benefici-eti
915 3561 975 3625 R
1021 3568 1174 3641 146,
1229 3571 1328 3629 11.
1397 3560 1601 3625 simili
1653 3559 2104 3644 neglegentiae
2160 3560 2420 3625 videtur
2472 3560 2888 3624 tribuendum
2942 3580 3103 3640 esse,

531 3664 701 3753 quod
745 3666 813 3729 in
855 3664 1049 3729 tertia
1090 3664 1544 3747 coniugatione
1587 3661 1907 3748 producta
1948 3669 2004 3726 ie
2046 3684 2163 3749 pro
2209 3669 2235 3727 i
2282 3661 2479 3747 longa
2532 3662 2792 3747 saepius
2838 3661 3109 3746 praebet

528 3768 617 3847 B,
672 3776 746 3830 ut
797 3772 1126 3830 nutv-ierem
1177 3771 1475 3830 nutriet-es
1521 3773 1674 3844 175,
1722 3771 1833 3845 22,
1888 3786 2035 3829 raro
2080 3766 2167 3842 R,
2200 3769 2637 3865 ⁶nutriebimim'
2685 3768 3108 3827 nutriebantur

529 3890 646 3953 pro
699 3871 1080 3933 nutribimini
1129 3872 1516 3932 uuir-ibuntur
1575 3873 1723 3947 176,
1770 3873 1871 3934 24.
1950 3889 2062 3931 uus
2114 3888 2231 3954 pro
2276 3889 2345 3931 us
2389 3868 2584 3951 longa
2625 3866 2693 3929 in
2736 3865 3105 3930 nominibus

529 3980 800 4058 quartae
855 3968 1304 4035 declinationis
1357 3972 1637 4033 maxime
1692 3970 1764 4031 in
1806 3968 2043 4053 plurali
2085 3990 2351 4033 numero
2399 3992 2460 4032 v.
2504 3988 2685 4033 casus
2728 3968 3106 4052 saepissime

529 4074 796 4139 exhibet
850 4072 940 4153 R,
997 4082 1222 4136 contra
1277 4092 1390 4150 qus
1441 4091 1558 4157 pro
1611 4092 1765 4150 quus
1818 4069 1926 4134 vel
1976 4072 2044 4134 in
2098 4076 2155 4134 R
2210 4070 2315 4134 vel
2360 4071 2425 4133 in
2471 4070 2527 4132 B
2568 4069 2675 4135 vel
2717 4070 2787 4133 in
2830 4078 3107 4155 utroque

529 4196 724 4261 saepe
767 4174 1082 4259 scriptum
1125 4184 1248 4254 est,
1295 4182 1368 4236 ut
1409 4194 1555 4253 equs
1598 4178 1740 4253 108,
1772 4178 1873 4240 24.
1918 4170 2195 4258 denique
2236 4171 2559 4237 interdum
2599 4170 2892 4251 vocales,
2937 4192 3105 4257 quae

529 4276 727 4363 vulgo
779 4278 913 4341 iam
965 4277 1176 4340 minus
1230 4276 1691 4355 audiebantur,
1751 4273 2025 4337 omissae
2082 4282 2262 4355 sunt,
2318 4284 2393 4339 ut
2444 4281 2601 4339 stine
2653 4294 2771 4360 pro
2826 4278 3002 4337 istinc
3044 4273 3105 4337 R

531 4387 684 4461 152,
729 4386 842 4461 323
891 4386 1044 4460 154,
1091 4386 1201 4459 21,
1247 4384 1428 4457 vaplo
1471 4398 1586 4463 pro
1631 4383 1854 4457 vapulo
1896 4377 1953 4440 B
2002 4384 2153 4457 156,
2200 4384 2312 4459 37,
2370 4384 2572 4442 numri
2610 4399 2725 4463 pro
2770 4381 3008 4441 numeri
3046 4374 3103 4437 B

528 4488 630 4563 80,
661 4488 723 4550 3.
765 4482 836 4544 in
864 4482 1366 4545 consonantibus
1411 4480 1795 4565 permutatio
1840 4479 2201 4543 litterarum
2242 4484 2280 4543 b
2310 4488 2375 4544 et
2418 4502 2452 4544 v
2480 4480 2548 4544 in
2577 4489 2851 4564 utroque
2881 4476 3103 4542 codice

524 4594 662 4648 tam
704 4582 836 4649 late
877 4593 1089 4669 patet,
1134 4591 1208 4646 ut
1250 4582 1316 4645 in
1359 4581 1582 4645 multis
1611 4581 1949 4646 vocabulis
1977 4579 2157 4645 nullo
2202 4580 2573 4646 discrimine
2615 4578 2803 4644 modo
2850 4576 3105 4643 mollior

409 4764 421 4779 ,
525 4686 719 4751 modo
774 4686 995 4752 durior
1049 4684 1488 4770 pronuntiatio
1548 4706 1586 4747 a
1641 4681 1924 4747 librariis
1980 4705 2293 4769 expressa
2358 4686 2468 4765 sit,
2534 4692 2606 4747 ut
2672 4688 3097 4758 declinavitur,

527 4795 922 4857 tractavimus
965 4809 1082 4876 pro
1127 4792 1542 4873 tractabimuS,
1585 4790 1879 4868 exkiveri,
1930 4792 2192 4869 (Iunium,
2241 4792 2515 4867 nuvium,
2564 4789 2893 4863 immovilis,
2936 4788 3105 4863 plevi
