3434 5442
917 343 1331 406 EXPLANAT.
1376 344 1853 414 INDONATVM
1898 345 2037 410 LlB.
2084 347 2107 406 l
2682 351 2803 415 525

335 450 368 492 r.
395 451 474 492 se·
501 453 597 492 eoa.
623 449 727 492 μιν.
2379 466 2425 506 p.
2452 455 2541 496 ⁵25.
2568 455 2618 495 π
2649 453 2702 494 ν.

231 538 350 603 est,
400 539 464 592 ut
505 529 666 610 leges
710 531 883 593 salus.
973 536 1148 596 etiam
1205 536 1258 595 si
1312 532 1519 594 ambae
1573 532 1783 593 breves
1836 534 1979 600 sint,
2036 541 2282 594 acuetur
2324 536 2507 612 prior,
2556 545 2620 594 ut
2662 533 2807 594 deus

231 631 432 696 homo.
518 634 582 694 in
636 632 950 713 trisyllabis
1003 644 1062 697 et
1115 634 1502 716 tetrasyllabis
1559 641 1620 695 et
1673 634 1953 713 deinceps
1995 633 2255 715 plurium
2298 634 2653 714 syllabarum
2700 654 2806 696 no-

230 734 492 796 minibus
533 735 790 796 secunda
836 735 910 796 ab
955 736 1159 798 ultima
1201 741 1258 799 si
1319 737 1512 798 brevis
1567 736 1776 808 l'uerit,
1831 739 2064 799 tertiam
2108 735 2181 797 ab
2226 735 2432 798 ultima
2486 746 2687 807 acuet,
2742 744 2809 799 ut

233 837 488 900 Rutilius
550 836 932 908 Hortensius;
997 839 1048 900 si
1113 841 1406 920 positione
1471 836 1677 916 longa,
1744 841 1869 920 ipsa
1924 848 2169 900 acuetur
2232 845 2291 898 et
2354 838 2807 918 praecedentem

232 958 472 1019 gravem
514 940 682 1010 facit,
728 948 793 1001 ut
836 939 1095 1002 Catullus
1139 940 1438 1011 Metellus:
1494 941 1546 1001 si
1600 948 1809 1003 natura
1864 938 2039 1019 longa
2100 940 2279 1002 l'uerit
2322 949 2381 1000 et
2422 939 2625 1002 ultima
2672 940 2805 1002 bre·
2834 961 2858 1000 ⁵

229 1045 344 1113 viS,
413 1041 669 1104 secunda
742 1041 814 1104 ab
881 1041 1084 1104 ultima
1142 1043 1490 1114 inflectitur,
1547 1050 1614 1103 ut
1663 1043 1980 1104 Murranus
2035 1041 2327 1121 Cethegus
2381 1043 2709 1114 Romanum
2756 1044 2806 1102 si

232 1150 428 1205 autem
473 1143 649 1223 longa
695 1146 807 1205 erit
848 1143 1081 1217 ultima,
1127 1144 1521 1225 paenultimae
1565 1152 1803 1206 acutum
1844 1143 2113 1206 dabimus
2158 1153 2461 1208 accentum
2478 1193 2493 1216 ,
2540 1155 2605 1206 ut
2630 1145 2806 1207 Athe-

235 1265 348 1307 nae
377 1246 659 1309 Fidenae.
722 1245 946 1309 Graeca
991 1248 1232 1309 nomina
1273 1249 1324 1310 si
1366 1247 1552 1308 isdem
1595 1245 1809 1308 litteris
1850 1246 2251 1326 proteruntur,
2300 1247 2555 1308 Graecos
2599 1265 2808 1308 accen-

233 1355 328 1409 tus
371 1347 694 1411 habebunt.
781 1367 918 1410 nam
973 1358 1033 1410 et
1088 1367 1222 1410 cum
1266 1350 1514 1412 dicimus
1557 1349 1754 1428 Thyas
1796 1347 1935 1409 Nais
1957 1394 1973 1418 ‚
2034 1357 2267 1410 acutum
2312 1347 2571 1414 habelbit
2613 1357 2809 1430 poste-

231 1452 358 1512 rior
423 1457 760 1523 accentum,
827 1459 888 1512 et
941 1469 1076 1514 cum
1138 1451 1441 1512 Themisto
1496 1450 1758 1522 Callisto,
1814 1449 2021 1511 ultima
2048 1509 2053 1514 ,
2079 1450 2592 1520 circumflectitur;
2650 1450 2807 1531 quod
2836 1471 2883 1512 10

232 1560 552 1634 utrumque
605 1553 850 1616 Latinus
903 1571 1101 1614 sermo
1148 1570 1266 1614 non
1309 1555 1554 1634 patitur,
1601 1555 1716 1617 nisi
1758 1571 1926 1623 raro,
1988 1561 2053 1614 ut
2094 1552 2217 1614 sola
2261 1554 2522 1614 occurrit
2564 1555 2809 1614 coniun-

233 1657 350 1716 ctio
406 1673 578 1735 ergo,
634 1657 698 1716 in
751 1674 863 1736 qua
922 1656 1222 1735 posterior
1267 1655 1638 1717 circumflexa
1683 1656 2009 1725 invenitur;
2064 1657 2205 1715 item
2250 1654 2588 1716 adverbium
2634 1673 2808 1736 pone,

233 1776 308 1819 ne
352 1759 432 1818 sit
475 1757 739 1820 verbum.
828 1765 920 1818 est
972 1765 1169 1819 autem
1229 1757 1418 1818 l'orma
1475 1757 1630 1819 acuti
1684 1765 1965 1818 accentus
2008 1781 2047 1816 ο
2113 1756 2387 1838 [verbum
2443 1757 2541 1818 hic
2585 1776 2703 1818 non
2748 1757 2806 1819 id

229 1857 724 1938 intellegendum,
784 1860 880 1922 cui
935 1861 1176 1940 proprie
1233 1860 1600 1938 grammatici
1643 1867 1877 1937 tempus
1934 1877 2067 1921 cum
2110 1877 2364 1939 persona
2408 1858 2613 1921 dicunt
2656 1861 2807 1920 acci·

231 1962 406 2032 dere,
475 1960 578 2022 sed
634 1959 1042 2041 accipiendum
1100 1959 1453 2041 generaliter
1496 1979 1606 2039 pro
1650 1961 1911 2042 qualibet
1950 1968 2119 2040 parte
2162 1963 2486 2032 sermoniS‚
2533 1970 2599 2021 ut
2642 1968 2732 2022 est
2776 1980 2805 2021 a
2837 1981 2884 2021 ιτ»

231 2063 491 2142 Vergilio
537 2063 756 2124 dictum
803 2063 918 2125 ‘ea
963 2062 1188 2126 verba
1228 2063 1583 2146 locutus',
1633 2071 1691 2124 et
1736 2063 1907 2125 nobis
1949 2081 2079 2124 mos
2123 2071 2212 2124 est
2254 2063 2453 2125 dicere
2497 2062 2671 2124 verba
2703 2062 2805 2124 ali-

229 2184 410 2246 quem
455 2165 690 2237 fecisse,
737 2183 872 2227 cum
917 2183 1156 2227 omnem
1199 2167 1526 2227 orationem
1568 2163 1837 2226 volumus
1879 2164 2192 2246 intellegi}

402 2369 471 2430 In
514 2379 760 2432 accentu
802 2373 1050 2456 materia
1093 2368 1258 2432 locus
1302 2377 1362 2430 et
1405 2378 1614 2431 natura
1657 2369 1970 2450 prosodiae
2014 2369 2357 2431 brevissime
2401 2371 2808 2451 conprehensa

227 2483 388 2538 sunt.
479 2490 616 2534 nam
661 2475 906 2536 materia
951 2491 1078 2534 esse
1124 2471 1451 2553 ostenditur
1495 2491 1639 2548 vox,
1684 2481 1743 2532 et
1788 2490 1855 2533 ea
1900 2471 2137 2552 quidem
2183 2489 2299 2550 qua
2342 2472 2520 2534 verba
2562 2481 2813 2553 possunt

225 2593 474 2646 sonare,
519 2574 580 2635 id
627 2583 715 2635 est
757 2574 1064 2655 scriptilis;
1111 2573 1277 2637 locus
1321 2581 1516 2634 autem
1563 2572 1803 2653 syllaba,
1850 2575 2126 2654 quoniam
2172 2573 2319 2635 haec
2361 2577 2602 2654 propria
2648 2575 2808 2636 verbi
2834 2597 2886 2637 20

227 2695 371 2757 pars
417 2683 536 2748 est,
597 2695 748 2757 quae
801 2678 1012 2758 recipit
1055 2685 1382 2738 accentum.
1471 2683 1680 2738 natura
1724 2694 1867 2736 vero
1909 2676 2221 2755 prosodiae
2263 2678 2328 2737 in
2372 2694 2442 2736 eo
2488 2686 2605 2748 est,
2651 2676 2807 2757 quod

227 2786 332 2841 aut
387 2797 620 2841 sursum
679 2788 770 2841 est
823 2786 923 2840 aut
978 2779 1282 2842 deorsum:
1343 2796 1478 2840 nam
1537 2780 1600 2839 in
1643 2779 1803 2839 vocis
1858 2776 2161 2839 altitudine
2204 2779 2445 2840 omnino
2490 2787 2806 2857 spectatur.

229 2881 382 2944 adeo
423 2889 517 2953 ut,
575 2882 626 2943 si
679 2897 886 2942 omnes
940 2880 1194 2961 syllabae
1248 2883 1379 2959 pari
1433 2881 1667 2960 fastigio
1720 2881 1883 2942 vocis
1937 2882 2342 2951 enuntientur,
2404 2880 2679 2958 prosodia
2734 2882 2812 2941 sit

229 2983 412 3046 nulla.
474 2985 628 3045 scire
672 2991 867 3045 autem
898 2991 1133 3064 oportet
1173 3001 1407 3053 vocem,
1455 2985 1605 3044 sicut
1648 2999 1823 3043 omne
1868 3000 2115 3062 corpus,
2160 2992 2283 3043 tres
2327 2981 2547 3043 habere
2591 2982 2810 3044 distan-

231 3088 360 3156 tias,
391 3087 819 3162 lonqitudinem
862 3084 1225 3147 altitudinem
1273 3084 1741 3146 crassitudinem.
1800 3081 2225 3162 longitudinem
2270 3091 2539 3164 tempore
2583 3103 2653 3146 ac
2694 3084 2809 3165 syl·
2834 3110 2885 3151 25

228 3188 384 3250 labis
439 3190 742 3250 metimur:
803 3207 942 3249 nam
1001 3196 1060 3248 et
1114 3196 1398 3265 quantum
1457 3189 1739 3267 temporis
1784 3187 2159 3248 enuntiandis
2202 3186 2397 3247 verbis
2452 3196 2705 3259 teratur,
2754 3196 2812 3248 et

231 3295 454 3370 quanto
499 3308 748 3352 numero
793 3290 1084 3368 modoque
1129 3288 1484 3368 syllabarum
1515 3307 1698 3349 unum
1732 3289 2004 3370 quodque
2046 3291 2123 3350 sit
2163 3289 2443 3358 verbum,
2488 3288 2809 3370 plurimum

231 3393 438 3454 refert.
527 3391 892 3454 altitudinem
950 3393 1233 3453 discernit
1293 3399 1596 3461 accentuS,
1657 3410 1793 3452 cum
1852 3409 1993 3472 pars
2038 3391 2201 3454 uerbi
2243 3399 2342 3454 aut
2382 3393 2444 3451 in
2490 3410 2665 3470 grave
2710 3392 2811 3453 de-

382 3721 407 3771 l
446 3720 596 3770 etiam
634 3719 678 3768 si
713 3720 816 3769 iam
855 3720 1035 3768 breues
1070 3717 1268 3783 (breuis
1297 3716 1360 3782 O)
1396 3719 1498 3766 sint
1524 3717 1618 3767 LO
1654 3726 1704 3767 et
1732 3717 1778 3767 si
1814 3719 1992 3767 ambae
2028 3717 2207 3767 breves
2242 3717 2525 3767 Victorinus
2630 3719 2661 3767 2
2695 3718 2810 3784 plu—

230 3791 368 3840 rium
407 3789 480 3841 Ov
514 3790 786 3856 plurimum
827 3789 874 3837 L
1015 3788 1048 3839 3
1085 3789 1308 3838 secunda
1345 3788 1512 3837 brebis
1552 3788 1616 3837 ab
1653 3787 1835 3836 ulti-ma
1877 3788 2029 3837 suerit
2070 3786 2191 3837 LO.-
2228 3787 2274 3837 si
2313 3786 2537 3836 secunda
2572 3787 2743 3838 brevis
2784 3806 2813 3838 υ

376 3862 408 3911 5
447 3860 644 3911 catulus
684 3857 772 3910 Lo
880 3857 1111 3908 metellus
1137 3857 1201 3907 10
1237 3857 1474 3906 metellus
1509 3857 1558 3906 L
1661 3857 1696 3907 6
1728 3858 1995 3908 Muri-anus
2029 3875 2057 3907 v
2083 3871 2353 3908 musranus
2380 3855 2508 3907 LO:
2544 3859 2613 3922 cl'.
2651 3860 2807 3924 Vero.

229 3930 368 3983 Aen.
405 3929 500 3979 xl!
529 3929 651 3981 529.
693 3928 828 3982 639.
933 3927 968 3978 9
1001 3928 1175 3992 Thyas
1223 3929 1513 3978 Victorinus
1549 3926 1680 3975 hilas
1713 3925 1811 3976 LO
1984 3927 2049 3977 10
2085 3929 2287 3978 temisto
2318 3925 2410 3977 LO
2589 3928 2649 3978 12
2690 3943 2813 3995 ergo

231 4017 326 4054 om.
371 4003 432 4060 L,
467 4001 589 4055 add.
632 3998 702 4048 Ου
732 4007 786 4049 et
827 4000 1117 4049 Victorinus
1221 3998 1340 4047 item
1377 3996 1676 4046 adverbium
1712 4011 1847 4062 pone
1883 3997 2163 4065 posteriore
2194 4007 2395 4047 acutum
2429 3997 2607 4061 recipit
2638 4013 2813 4047 accen-

233 4079 358 4133 tum,
398 4087 461 4119 ne
497 4071 562 4120 sit
596 4069 803 4119 verbum
847 4069 1138 4120 Victorinus
1283 4065 1343 4116 13
1374 4073 1614 4116 accentus
1652 4065 1712 4115 lO
1758 4077 2017 4117 accentum
2056 4069 2123 4118 L.
2162 4071 2363 4130 lacuna,
2400 4083 2544 4133 quam
2578 4068 2811 4132 indicavi,

232 4141 536 4191 exciderunt
565 4156 630 4190 ea
663 4154 792 4204 quae
829 4140 892 4190 de
932 4139 1114 4202 formis
1153 4144 1436 4187 accentuum
1469 4145 1588 4187 παπ
1625 4138 1767 4202 apud
1808 4138 1961 4192 Maae.
2010 4140 2319 4189 Victorinum
2361 4151 2413 4200 p.
2455 4136 2591 4188 1943
2624 4153 2701 4202 sq.
2750 4152 2814 4187 ea

232 4221 399 4262 autem
433 4227 562 4276 quae
597 4211 660 4259 de
694 4209 844 4259 verbo
878 4209 1103 4260 subiecta
1127 4217 1242 4258 sunt
1260 4223 1328 4257 eoe
1353 4208 1677 4260 adnotatione
1705 4209 1877 4274 aliqua
1911 4211 1963 4258 in
1994 4210 2333 4271 explicatione
2354 4215 2587 4256 accentus
2602 4207 2813 4271 hyphen,

233 4298 332 4348 quo
367 4283 522 4334 verba
556 4281 936 4345 cordunymtur,
973 4281 1086 4329 olim
1116 4279 1382 4340 adscripta
1414 4277 1509 4327 huc
1543 4279 1708 4328 inlata
1740 4293 1852 4329 esse
1882 4280 2126 4332 videntur.
2167 4293 2454 4344 quamquam
2481 4278 2559 4326 vel
2592 4293 2656 4327 ea
2685 4293 2829 4342 quae,

229 4354 466 4418 pro-‘nime
499 4357 734 4402 secuntur
762 4352 855 4401 tali
887 4349 1202 4400 adnotationi
1224 4351 1379 4398 locum
1409 4348 1664 4411 praebere
1694 4356 1980 4411 potuerunt.
2041 4351 2135 4410 sed
2170 4357 2445 4412 praeterea
2488 4349 2536 4396 in
2565 4349 2815 4410 principio

231 4423 446 4474 secundi
477 4429 727 4472 tractatus
759 4421 1004 4487 quaedam
1038 4437 1072 4468 a
1102 4421 1427 4484 yrammatico
1461 4419 1695 4470 videntur
1726 4423 1905 4470 omissa
1951 4435 2061 4470 esse
2203 4421 2267 4470 14
2306 4419 2546 4468 accedere
2582 4416 2675 4468 LO

237 4492 304 4544 15
341 4493 696 4556 accipiendum
731 4493 780 4542 L
814 4491 1163 4555 accipiendam
1197 4488 1258 4539 ΖΟ
1433 4506 1464 4539 a
1501 4487 1751 4556 Vergilio]
1794 4490 1927 4540 Aen.
1964 4491 2079 4541 Vlll
2114 4491 2217 4542 404
2396 4490 2460 4540 17
2494 4488 2735 4554 intelligis
2772 4486 2813 4537 0

381 4561 448 4616 18
489 4571 672 4612 natura
707 4568 785 4611 est
818 4561 1060 4626 prosodie
1096 4558 1188 4608 LO
1335 4559 1427 4638 ‘19
1457 4575 1558 4624 qua
1594 4560 1751 4610 verba
1787 4577 1817 4610 v
1854 4576 1984 4624 quae
2018 4563 2177 4610 uerba
2210 4560 2301 4610 LO
2476 4557 2545 4609 20
2577 4559 2813 4622 quoniam

235 4651 446 4718 proprie
483 4649 610 4700 haec
631 4647 703 4700 0.·
738 4648 942 4714 probrie
978 4647 1028 4696 L
1135 4647 1204 4697 22
1224 4661 1372 4698 omno
1407 4655 1664 4712 spectatur
1690 4648 1771 4696 L:
1793 4649 1999 4697 omuino
2027 4656 2221 4714 spectat
2258 4646 2298 4696 O
2406 4644 2473 4697 23
2509 4645 2713 4710 fastigio
2752 4644 2815 4696 10

236 4721 452 4787 fastigia
487 4719 537 4769 L
677 4721 744 4771 24
770 4719 863 4769 tris
892 4717 942 4766 L
1077 4717 1148 4768 25
1192 4717 1560 4784 longitudinem
1593 4719 1771 4780 priore
1806 4720 1917 4770 loco
1953 4733 2045 4770 om,
2086 4717 2179 4769 LO
2346 4718 2417 4770 26
2450 4724 2691 4779 quantum
2729 4729 2815 4766 ore

239 4790 565 4842 enuntiandis
603 4789 695 4840 LO
728 4797 970 4854 quantum
1007 4788 1254 4854 temporis
1289 4803 1376 4837 ore
1411 4789 1735 4840 enuntiandis
1771 4804 1801 4838 υ
1972 4791 2038 4839 27
2076 4791 2143 4839 sit
2182 4804 2212 4838 v
2246 4789 2291 4838 si
2324 4786 2417 4836 LO
2552 4785 2621 4837 28
2659 4785 2817 4838 refert

237 4865 344 4928 (res
381 4870 460 4912 est
495 4859 562 4926 0)
589 4861 653 4911 ab
691 4861 957 4912 altitudine
989 4856 1081 4908 LO
1108 4858 1264 4910 refert
1299 4867 1350 4908 at
1377 4858 1690 4908 altitudinem
1728 4875 1757 4908 v
