3434 5442
613 269 735 333 408
1771 262 2013 324 SERVll

2752 385 2798 426 p.
2830 373 2946 413 im.
2974 373 3029 414 sa
3056 371 3103 411 r.

610 461 736 514 tum
783 471 999 531 genera
1046 451 1422 533 principalia,
1471 450 1873 512 masculinum
1920 458 1981 512 et
2020 451 2392 513 femininum.
2454 451 2603 513 haec
2648 455 2807 514 enim
2852 469 3037 514 sexus
3082 459 3203 512 tan-

613 565 736 616 tum
783 564 1045 633 generat.
1119 573 1338 633 genera
1381 563 1580 615 autem
1615 562 1717 615 aut
1762 552 2053 614 naturalia
2096 561 2252 624 sunt,
2302 562 2404 615 aut
2445 573 2517 615 ex
2562 557 2913 616 auctoritate
2960 554 3204 614 descen-

615 657 792 718 dunt:
839 656 1130 718 naturalia
1174 667 1344 728 sunt,
1390 665 1456 717 ut
1490 659 1573 717 vir
1605 655 1849 725 mulier;
1897 658 2243 717 auctoritate
2289 657 2687 727 descendunt,
2736 667 2801 719 ut
2844 658 2947 718 hic
2990 659 3201 738 paries,

617 761 764 820 haec
829 760 1105 821 fenestra.
1193 759 1255 819 in
1321 760 1413 820 his
1469 761 1624 820 enim
1681 757 2012 820 naturalem
2069 756 2293 820 nullum
2352 758 2747 837 intellegimus
2804 778 3048 830 sexum,
3108 760 3205 820 sed

566 878 590 916 ⁵
619 881 754 922 cum
800 865 1132 942 sequimur,
1181 879 1356 943 quem
1402 863 1656 923 firmavit
1699 863 2035 922 auctoritas,
2110 867 2305 922 cetera
2351 879 2489 922 vero
2534 879 2753 939 genera
2798 880 2833 921 a
2878 863 3203 940 superiori-

615 963 730 1024 bus
782 966 1052 1037 veniunt,
1107 973 1175 1026 ut
1233 973 1324 1026 est
1381 972 1690 1034 neutrum,
1750 963 1905 1045 quod
1953 981 2064 1024 nec
2110 961 2499 1025 masculinum
2545 973 2635 1024 est
2676 981 2789 1024 nec
2834 964 3205 1032 femininum,

619 1084 966 1137 commune,
1025 1067 1183 1144 quod
1242 1075 1300 1127 et
1355 1063 1747 1128 masculinum
1795 1072 1853 1126 et
1895 1065 2276 1136 femininum,
2324 1083 2530 1136 omne,
2577 1064 2735 1145 quod
2781 1067 2979 1126 omnia
3028 1084 3203 1144 supra

620 1169 776 1229 dicta
833 1169 1094 1230 continet
1149 1187 1396 1249 genera,
1454 1170 1785 1249 epicoenon
1840 1186 2008 1239 vero,
2076 1167 2234 1247 quod
2290 1167 2599 1229 confusum
2658 1169 2925 1228 continet
2982 1187 3204 1229 sexum.

620 1289 756 1331 nam
817 1273 973 1331 inter
1031 1288 1344 1332 commune
1401 1279 1460 1331 et
1513 1273 1841 1351 epicoenon
1888 1270 2002 1330 hoc
2046 1272 2321 1340 interest,
2380 1270 2538 1350 quod
2584 1289 2902 1332 commune
2948 1279 3067 1342 est,
3112 1271 3209 1330 ubi

547 1385 597 1425 ¹⁰
624 1375 750 1434 visu
796 1374 1160 1433 secernimus
1201 1391 1436 1445 sexum,
1481 1380 1548 1435 ut
1591 1374 1783 1443 canis;
1833 1375 2161 1452 epicoenon
2206 1379 2297 1432 est
2340 1391 2373 1432 e
2418 1375 2748 1442 contrario,
2795 1371 2901 1434 uhi
2934 1375 3060 1433 visu
3094 1391 3206 1432 non

623 1475 988 1536 secernimus
1043 1493 1278 1545 sexum,
1335 1485 1402 1536 ut
1455 1477 1651 1556 piscis,
1740 1476 1897 1536 inter
1954 1475 2283 1554 epicoenon
2328 1479 2388 1534 et
2432 1491 2745 1535 commune
2786 1474 2905 1535 hoc
2948 1477 3205 1542 interest,

624 1575 781 1657 quod
826 1578 886 1636 in
933 1578 1233 1638 communi
1277 1576 1524 1639 articulo
1569 1573 1973 1658 secerlinimus
2016 1594 2255 1646 sexum,
2304 1582 2368 1636 ut
2396 1576 2493 1636 hic
2524 1578 2687 1636 cauis
2718 1575 2809 1636 vel
2837 1576 2993 1638 haec
3021 1579 3203 1637 canis:

624 1681 686 1739 in
731 1680 1016 1758 epicoeno
1064 1697 1202 1739 vero
1249 1697 1402 1739 unus
1446 1678 1729 1740 articulus
1772 1681 2022 1740 sumitur
2066 1686 2126 1738 et
2179 1686 2497 1758 utrumque
2542 1696 2748 1739 sexum
2792 1677 3202 1756 intellegimus,

626 1787 694 1840 ut
737 1780 884 1841 haec
927 1780 1138 1861 aquila.
1229 1800 1365 1842 eum
1411 1789 1605 1842 autem
1651 1784 1939 1842 sumimus
1984 1779 2329 1848 articulum,
2376 1798 2553 1859 quem
2598 1781 2915 1841 auctoritas
2962 1780 3202 1841 dederit.

552 1895 600 1937 15
630 1901 765 1943 nam
813 1901 952 1942 cum
995 1881 1340 1945 naturaliter
1373 1902 1491 1944 non
1534 1901 1849 1963 possumus
1890 1885 1953 1944 in
2001 1883 2301 1963 epicoenis
2344 1901 2551 1944 sexum
2598 1881 3064 1962 deprehendere,
3112 1883 3203 1940 de-

632 1983 842 2050 bemus
889 1987 1234 2046 auctoritate
1279 1987 1522 2046 firmari.

799 2087 1096 2149 Numerus
1151 2096 1253 2149 aut
1305 2087 1620 2166 singularis
1678 2095 1769 2149 est
1826 2094 1927 2149 aut
1981 2085 2245 2168 pluralis
2334 2086 2523 2148 dualis
2578 2105 2718 2148 vero
2775 2087 3037 2148 Graecus
3094 2105 3205 2147 non

634 2196 954 2270 usurpatur
1000 2191 1115 2252 nisi
1156 2193 1217 2250 in
1264 2189 1604 2251 nominibus
1649 2189 1907 2261 duobus»,
1956 2207 2108 2268 quae
2138 2196 2274 2250 sunt
2302 2188 2477 2260 haec,
2522 2189 2639 2250 duo
2684 2197 2745 2250 et
2786 2189 2993 2259 ambo,
3040 2198 3205 2269 atque

633 2291 770 2353 ideo
815 2295 992 2354 etiam
1037 2291 1425 2372 inaequaliter
1469 2291 1863 2353 declinantur.

558 2406 610 2447 ²⁰
805 2395 1023 2473 Figura
1069 2402 1170 2455 aut
1213 2393 1461 2475 simplex
1503 2400 1592 2454 est
1635 2401 1737 2454 aut
1782 2395 2114 2474 conposita:
2161 2392 2440 2474 simplex,
2487 2411 2637 2473 quae
2680 2411 2865 2455 unam
2908 2413 3028 2454 rem
3076 2412 3205 2454 con-

634 2496 782 2555 tinet
837 2503 1013 2576 atque
1068 2496 1351 2558 naturalis
1409 2503 1524 2567 est,
1581 2503 1646 2557 ut
1704 2496 1940 2565 doctus;
2000 2497 2303 2576 conposita
2358 2513 2527 2567 vero,
2573 2515 2725 2578 quae
2772 2515 2843 2557 ex
2890 2505 3013 2557 arte
3054 2497 3115 2556 fit
3156 2506 3208 2554 et

637 2598 784 2658 duas
841 2615 938 2660 res
991 2597 1199 2669 habet,
1257 2606 1324 2660 ut
1377 2597 1668 2684 indoctus
1760 2600 2065 2678 conposita
2120 2606 2316 2659 autem
2360 2599 2549 2678 figura
2592 2599 2659 2658 fit
2694 2606 2973 2679 quattuor
3012 2598 3205 2666 modis,

638 2701 738 2780 qui
779 2701 843 2760 in
889 2707 1014 2761 arte
1059 2707 1197 2761 sunt
1249 2702 1444 2781 positi.
1535 2698 1690 2780 quod
1752 2708 1945 2762 autem
2005 2701 2147 2761 dicit
2200 2701 2309 2762 ‘ex
2354 2702 2649 2780 corruptis
2665 2704 2707 2772 ’,
2752 2702 2837 2763 ita
2878 2699 3207 2778 intellegere

641 2801 953 2872 debemuS,
1011 2809 1077 2864 ut
1131 2811 1271 2864 tunc
1328 2801 1738 2881 intellegamus
1796 2812 2077 2882 corrupta
2144 2820 2275 2864 esse
2324 2805 2389 2863 in
2447 2803 2890 2882 conpositione,
2958 2804 3207 2882 quotiens

563 2917 615 2959 25
641 2903 900 2966 resoluta
944 2911 1194 2985 possunt
1236 2923 1362 2966 esse
1403 2907 1664 2984 integra:
1724 2913 1789 2966 ut
1830 2905 1984 2985 siqui
2041 2904 2193 2967 dicat
2238 2905 2540 2984 concipio,
2584 2905 2715 2964 iure
2760 2904 2975 2965 dicitur
3018 2923 3205 2964 corru-

640 3014 840 3086 ptum,
899 3009 1066 3087 quia,
1121 3009 1172 3068 si
1214 3006 1501 3079 solvatur,
1559 3008 1701 3068 facit
1744 3008 1942 3087 capio,
1989 3005 2146 3088 quod
2193 3014 2284 3068 est
2324 3009 2652 3086 integrum;
2699 3014 2759 3068 et
2804 3008 3045 3068 conficio
3086 3007 3205 3066 facit

645 3109 797 3170 facio
843 3116 903 3169 et
945 3109 1171 3171 similia.

813 3211 1111 3274 Ablativus
1168 3212 1482 3292 singularis
1537 3213 1690 3290 regit
1749 3213 2082 3291 genetivum
2144 3211 2400 3272 dativum
2461 3219 2521 3272 et
2574 3209 2888 3272 ablativum
2944 3209 3207 3292 pluralem

646 3314 973 3375 secundum
1030 3314 1266 3393 regulas
1318 3315 1379 3374 in
1439 3322 1564 3375 arte
1620 3317 1857 3393 positas
1948 3314 2052 3375 sed
2108 3312 2249 3374 illud
2296 3314 2453 3391 quod
2499 3312 2641 3374 dicit
2684 3312 2973 3374 ‘ablativo
3016 3333 3047 3374 e
3086 3331 3205 3393 pro-

573 3429 624 3470 30
652 3416 824 3477 ducta
871 3414 962 3476 vel
1006 3423 1278 3496 correpta
1325 3417 1636 3476 terminata
1653 3419 1694 3486 ',
1740 3417 1821 3478 ita
1865 3415 2329 3495 intellegendum
2376 3424 2494 3486 est,
2540 3422 2608 3476 ut
2648 3423 2789 3476 tunc
2822 3415 3099 3495 producta
3128 3416 3203 3483 sit,

647 3519 920 3598 quotiens
975 3520 1279 3597 genetivus
1333 3517 1644 3596 singularis
1701 3518 1753 3578 ei
1805 3518 2157 3579 terminatus
2202 3519 2304 3588 sit;
2351 3536 2485 3578 cum
2530 3534 2672 3576 vero
2716 3518 2766 3576 is
2810 3517 2991 3578 fuerit
3031 3517 3205 3578 termi-

649 3626 822 3680 natus
865 3619 1022 3680 idem
1069 3622 1372 3698 genetivus
1418 3619 1761 3698 singularis,
1818 3626 2126 3697 correpta,
2184 3627 2249 3680 ut
2290 3620 2465 3681 huius
2507 3620 2724 3699 patris,
2770 3617 2843 3679 ab
2891 3619 3003 3680 hoc
3044 3627 3203 3700 patre.

650 3720 785 3780 ideo
831 3727 1028 3782 autem
1072 3723 1266 3784 Latini
1311 3721 1624 3784 volucrunt
1667 3721 1741 3783 ab
1787 3722 2036 3784 ablativo
2068 3720 2351 3800 singulari
2380 3721 2615 3801 regulas
2644 3739 2913 3792 sumere,
2960 3724 3206 3802 quoniam

652 3823 751 3883 hic
797 3841 966 3884 casus
1009 3825 1252 3886 Latinus
1297 3831 1412 3894 est,
1482 3843 1594 3884 nec
1651 3842 1787 3884 eum
1842 3824 2062 3885 habent
2115 3825 2356 3894 Graeci;
2416 3831 2475 3884 et
2526 3823 2627 3884 ille
2670 3825 2876 3904 utique
2920 3843 3087 3886 casus
3126 3823 3206 3883 de-

578 3939 628 3982 35
655 3926 785 3987 buit
827 3926 1062 4005 regulas
1107 3926 1328 3988 Latinis
1374 3926 1711 3988 nominibus
1758 3926 1929 3998 dare,
1976 3928 2075 4006 qui
2120 3927 2401 4007 proprius
2432 3925 2779 3987 Latinorum
2824 3935 2933 3987 est.

827 4027 1034 4090 Omnia
1095 4031 1364 4102 nomina,
1423 4047 1572 4110 quae
1625 4030 1688 4089 in
1744 4048 1947 4091 rerum
2004 4036 2212 4090 natura
2257 4035 2423 4099 sunt,
2482 4029 2742 4109 quinque
2785 4027 3007 4108 regulis
3048 4027 3207 4088 conti-

658 4138 900 4203 nentur,
954 4150 1105 4212 quae
1160 4130 1398 4212 regulae
1443 4131 1598 4212 apud
1653 4133 1944 4194 Donatum
2004 4130 2243 4212 quidem
2302 4148 2423 4192 non
2484 4138 2623 4192 sunt
2686 4139 2935 4211 propter
2980 4147 3209 4211 conpen-

659 4235 854 4306 dium,
903 4241 1101 4295 tamen
1145 4233 1439 4296 tenendae
1484 4242 1639 4295 sunt.
1730 4233 2088 4313 colliguntur
2132 4242 2329 4294 autem
2374 4235 2520 4294 istae
2565 4232 2807 4312 regulae
2854 4233 2927 4294 de
2970 4233 3209 4312 genetivo

800 4421 825 4473 1
866 4421 920 4471 hi
952 4424 1084 4472 enim
1122 4437 1281 4474 sexus
1317 4428 1511 4472 tantum
1547 4429 1793 4488 generant
1830 4435 1863 4478 ς
2007 4420 2067 4473 11
2106 4437 2283 4472 sexum
2318 4434 2353 4478 ς
2390 4435 2519 4472 sexu
2555 4421 2606 4470 P
2780 4419 2845 4474 16
2884 4421 3161 4472 auctoritate
3183 4433 3209 4474 ς

661 4493 1010 4544 auctoritatem
1046 4494 1097 4543 P
1202 4493 1264 4545 17
1301 4499 1388 4544 aut
1422 4491 1701 4558 singularis
1738 4505 1771 4548 ς
1808 4501 1973 4542 autem
2014 4491 2291 4558 singularis
2322 4493 2373 4540 P
2406 4498 2457 4541 et
2490 4493 2733 4554 princeps
2758 4492 2911 4541 editio
3050 4490 3107 4540 18
3138 4504 3205 4538 no-

661 4563 886 4614 minibus
925 4577 959 4620 ς
997 4564 1234 4614 omnibus
1270 4564 1322 4612 P
1485 4563 1554 4614 25
1593 4579 1707 4614 esse
1744 4577 1837 4616 om.
1879 4565 1963 4615 P.-
1999 4563 2220 4612 resoluta
2265 4563 2507 4628 integrari
2537 4569 2756 4627 possunt
2786 4575 2821 4617 ς
2858 4561 2956 4611 hoo
2984 4571 3210 4612 teneamus

661 4632 751 4682 illa
789 4649 906 4684 esse
941 4643 1180 4700 corrupta
1216 4647 1346 4696 qnae
1381 4632 1604 4684 resoluta
1652 4641 1867 4699 possunt
1926 4647 2041 4683 esse
2086 4635 2285 4698 integra
2320 4634 2532 4698 Ser-qius
2574 4647 2629 4696 p.
2668 4630 2774 4682 494
2810 4631 2892 4685 ed.
2934 4633 3117 4684 lind.-
3152 4631 3209 4692 es.

665 4703 888 4766 Pompei.
914 4719 970 4767 p.
1017 4703 1115 4755 166
1212 4703 1281 4755 30
1315 4711 1434 4753 tunc
1455 4717 1488 4758 ς
1511 4718 1644 4754 nunc
1673 4705 1725 4754 P
1826 4703 1895 4756 32
1933 4713 2163 4770 correpta
2200 4721 2291 4757 om.
2316 4705 2417 4764 Ρς,
2444 4703 2565 4756 add.
2594 4700 2857 4752 Pul-schim
2955 4699 3205 4768 360mnin]

665 4771 735 4838 cf.
777 4773 926 4838 Ser-9.
953 4789 1011 4838 p.
1052 4771 1155 4824 497
1193 4773 1276 4826 ed.
1317 4773 1468 4823 Lind.
