<?xml version="1.0" encoding="UTF-8"?>
<!DOCTYPE html PUBLIC "-//W3C//DTD XHTML 1.0 Transitional//EN"
    "http://www.w3.org/TR/xhtml1/DTD/xhtml1-transitional.dtd">
<html xmlns="http://www.w3.org/1999/xhtml" xml:lang="en" lang="en">
 <head>
  <title>
</title>
<meta http-equiv="Content-Type" content="text/html;charset=utf-8" />
  <meta name='ocr-system' content='tesseract 3.04.00' />
  <meta name='ocr-capabilities' content='ocr_page ocr_carea ocr_par ocr_line ocrx_word'/>
</head>
<body>
  <div class='ocr_page' id='page_1' title='image "./grammaticilatin01unkngoog_0041.png"; bbox 0 0 3434 5442; ppageno 0'>
   <div class='ocr_carea' id='block_1_1' title="bbox 623 306 2119 369">
    <p class='ocr_par' dir='ltr' id='par_1_1' title="bbox 623 306 2119 369">
     <span class='ocr_line' id='line_1_1' title="bbox 623 306 2119 369; baseline -0.001 0"><span class='ocrx_word' id='word_1_1' title='bbox 623 322 844 369; x_wconf 81' lang='lat' dir='ltr'><strong>xxxvl</strong></span> <span class='ocrx_word' id='word_1_2' title='bbox 1393 346 1400 352; x_wconf 83' lang='lat'>-</span> <span class='ocrx_word' id='word_1_3' title='bbox 1694 306 2119 368; x_wconf 78' lang='lat' dir='ltr'><strong>PRAEFATIO</strong></span> 
     </span>
    </p>
   </div>
   <div class='ocr_carea' id='block_1_2' title="bbox 600 489 3205 4751">
    <p class='ocr_par' dir='ltr' id='par_1_2' title="bbox 600 489 3205 4751">
     <span class='ocr_line' id='line_1_2' title="bbox 787 489 3203 578; baseline -0.001 -21"><span class='ocrx_word' id='word_1_4' title='bbox 787 492 989 578; x_wconf 84' lang='lat' dir='ltr'><strong>Apud</strong></span> <span class='ocrx_word' id='word_1_5' title='bbox 1031 491 1486 577; x_wconf 88' lang='lat' dir='ltr'><strong>grammaticos</strong></span> <span class='ocrx_word' id='word_1_6' title='bbox 1531 500 1779 576; x_wconf 88' lang='lat' dir='ltr'><strong>quanta</strong></span> <span class='ocrx_word' id='word_1_7' title='bbox 1822 490 2023 555; x_wconf 84' lang='lat' dir='ltr'><strong>fuerit</strong></span> <span class='ocrx_word' id='word_1_8' title='bbox 2064 511 2183 576; x_wconf 91' lang='lat' dir='ltr'><strong>per</strong></span> <span class='ocrx_word' id='word_1_9' title='bbox 2225 489 2675 575; x_wconf 86' lang='lat' dir='ltr'><strong>longissimum</strong></span> <span class='ocrx_word' id='word_1_10' title='bbox 2718 492 3024 575; x_wconf 86' lang='lat' dir='ltr'><strong>temporis</strong></span> <span class='ocrx_word' id='word_1_11' title='bbox 3058 512 3203 576; x_wconf 82' lang='lat' dir='ltr'><strong>spa-</strong></span> 
     </span>
     <span class='ocr_line' id='line_1_3' title="bbox 619 590 3203 676; baseline -0.001 -19"><span class='ocrx_word' id='word_1_12' title='bbox 619 596 779 658; x_wconf 84' lang='lat' dir='ltr'><strong>tium</strong></span> <span class='ocrx_word' id='word_1_13' title='bbox 823 594 1002 658; x_wconf 87' lang='lat' dir='ltr'><strong>fama</strong></span> <span class='ocrx_word' id='word_1_14' title='bbox 1045 604 1108 657; x_wconf 90' lang='lat' dir='ltr'><strong>et</strong></span> <span class='ocrx_word' id='word_1_15' title='bbox 1151 592 1500 657; x_wconf 88' lang='lat' dir='ltr'><strong>auctoritas</strong></span> <span class='ocrx_word' id='word_1_16' title='bbox 1548 592 1815 674; x_wconf 84' lang='lat' dir='ltr'><strong>Donati,</strong></span> <span class='ocrx_word' id='word_1_17' title='bbox 1861 593 2019 656; x_wconf 84' lang='lat' dir='ltr'><strong>satis</strong></span> <span class='ocrx_word' id='word_1_18' title='bbox 2063 599 2337 657; x_wconf 85' lang='lat' dir='ltr'><strong>constat.</strong></span> <span class='ocrx_word' id='word_1_19' title='bbox 2384 590 2623 657; x_wconf 89' lang='lat' dir='ltr'><strong>nullius</strong></span> <span class='ocrx_word' id='word_1_20' title='bbox 2670 594 2841 657; x_wconf 89' lang='lat' dir='ltr'><strong>enim</strong></span> <span class='ocrx_word' id='word_1_21' title='bbox 2882 614 3203 676; x_wconf 84' lang='lat' dir='ltr'><strong>gramma-</strong></span> 
     </span>
     <span class='ocr_line' id='line_1_4' title="bbox 621 693 3203 781; baseline -0.002 -20"><span class='ocrx_word' id='word_1_22' title='bbox 621 698 736 761; x_wconf 86' lang='lat' dir='ltr'><strong>tici</strong></span> <span class='ocrx_word' id='word_1_23' title='bbox 778 696 1179 781; x_wconf 84' lang='lat' dir='ltr'><strong>frequentior</strong></span> <span class='ocrx_word' id='word_1_24' title='bbox 1222 694 1398 780; x_wconf 85' lang='lat' dir='ltr'><strong>apud</strong></span> <span class='ocrx_word' id='word_1_25' title='bbox 1439 703 1731 780; x_wconf 88' lang='lat' dir='ltr'><strong>posteros</strong></span> <span class='ocrx_word' id='word_1_26' title='bbox 1764 696 2075 758; x_wconf 81' lang='lat' dir='ltr'><strong>memoria</strong></span> <span class='ocrx_word' id='word_1_27' title='bbox 2116 693 2261 773; x_wconf 85' lang='lat' dir='ltr'><strong>fuit,</strong></span> <span class='ocrx_word' id='word_1_28' title='bbox 2308 715 2503 779; x_wconf 91' lang='lat' dir='ltr'><strong>quam</strong></span> <span class='ocrx_word' id='word_1_29' title='bbox 2534 694 2799 759; x_wconf 90' lang='lat' dir='ltr'><strong>Donati.</strong></span> <span class='ocrx_word' id='word_1_30' title='bbox 2846 694 2964 758; x_wconf 87' lang='lat' dir='ltr'><strong>sed</strong></span> <span class='ocrx_word' id='word_1_31' title='bbox 2990 714 3203 780; x_wconf 90' lang='lat' dir='ltr'><strong>neque</strong></span> 
     </span>
     <span class='ocr_line' id='line_1_5' title="bbox 619 794 3201 883; baseline -0.001 -21"><span class='ocrx_word' id='word_1_32' title='bbox 619 798 792 883; x_wconf 90' lang='lat' dir='ltr'><strong>apud</strong></span> <span class='ocrx_word' id='word_1_33' title='bbox 836 818 947 861; x_wconf 91' lang='lat' dir='ltr'><strong>eos</strong></span> <span class='ocrx_word' id='word_1_34' title='bbox 991 798 1102 882; x_wconf 91' lang='lat' dir='ltr'><strong>qui</strong></span> <span class='ocrx_word' id='word_1_35' title='bbox 1147 795 1420 881; x_wconf 82' lang='lat' dir='ltr'><strong>singulis</strong></span> <span class='ocrx_word' id='word_1_36' title='bbox 1462 795 1620 859; x_wconf 87' lang='lat' dir='ltr'><strong>locis</strong></span> <span class='ocrx_word' id='word_1_37' title='bbox 1666 798 2037 861; x_wconf 88' lang='lat' dir='ltr'><strong>testimonio</strong></span> <span class='ocrx_word' id='word_1_38' title='bbox 2083 797 2222 860; x_wconf 90' lang='lat' dir='ltr'><strong>eius</strong></span> <span class='ocrx_word' id='word_1_39' title='bbox 2266 796 2371 861; x_wconf 90' lang='lat' dir='ltr'><strong>usi</strong></span> <span class='ocrx_word' id='word_1_40' title='bbox 2416 805 2569 859; x_wconf 89' lang='lat' dir='ltr'><strong>sunt</strong></span> <span class='ocrx_word' id='word_1_41' title='bbox 2612 795 2718 860; x_wconf 83' lang='lat' dir='ltr'><strong>vel</strong></span> <span class='ocrx_word' id='word_1_42' title='bbox 2748 796 3069 882; x_wconf 83' lang='lat' dir='ltr'><strong>quaedam</strong></span> <span class='ocrx_word' id='word_1_43' title='bbox 3116 794 3201 860; x_wconf 85' lang='lat' dir='ltr'><strong>ab</strong></span> 
     </span>
     <span class='ocr_line' id='line_1_6' title="bbox 617 896 3205 985; baseline 0 -22"><span class='ocrx_word' id='word_1_44' title='bbox 617 923 693 963; x_wconf 89' lang='lat' dir='ltr'><strong>eo</strong></span> <span class='ocrx_word' id='word_1_45' title='bbox 737 901 943 985; x_wconf 84' lang='lat' dir='ltr'><strong>petita</strong></span> <span class='ocrx_word' id='word_1_46' title='bbox 983 900 1050 962; x_wconf 91' lang='lat' dir='ltr'><strong>in</strong></span> <span class='ocrx_word' id='word_1_47' title='bbox 1096 920 1246 985; x_wconf 86' lang='lat' dir='ltr'><strong>suos</strong></span> <span class='ocrx_word' id='word_1_48' title='bbox 1290 897 1490 963; x_wconf 86' lang='lat' dir='ltr'><strong>libros</strong></span> <span class='ocrx_word' id='word_1_49' title='bbox 1537 896 2007 963; x_wconf 84' lang='lat' dir='ltr'><strong>transtulerunt</strong></span> <span class='ocrx_word' id='word_1_50' title='bbox 2048 919 2257 985; x_wconf 87' lang='lat' dir='ltr'><strong>neque</strong></span> <span class='ocrx_word' id='word_1_51' title='bbox 2314 898 2486 983; x_wconf 87' lang='lat' dir='ltr'><strong>apud</strong></span> <span class='ocrx_word' id='word_1_52' title='bbox 2544 920 2651 963; x_wconf 87' lang='lat' dir='ltr'><strong>eos</strong></span> <span class='ocrx_word' id='word_1_53' title='bbox 2696 899 2808 983; x_wconf 89' lang='lat' dir='ltr'><strong>qui</strong></span> <span class='ocrx_word' id='word_1_54' title='bbox 2850 908 3025 962; x_wconf 86' lang='lat' dir='ltr'><strong>artes</strong></span> <span class='ocrx_word' id='word_1_55' title='bbox 3069 898 3205 963; x_wconf 90' lang='lat' dir='ltr'><strong>Do-</strong></span> 
     </span>
     <span class='ocr_line' id='line_1_7' title="bbox 625 1000 3203 1087; baseline -0.001 -22"><span class='ocrx_word' id='word_1_56' title='bbox 625 1005 760 1065; x_wconf 88' lang='lat' dir='ltr'><strong>nati</strong></span> <span class='ocrx_word' id='word_1_57' title='bbox 815 1002 1296 1065; x_wconf 82' lang='lat' dir='ltr'><strong>commentariis</strong></span> <span class='ocrx_word' id='word_1_58' title='bbox 1351 1010 1793 1087; x_wconf 83' lang='lat' dir='ltr'><strong>exposuerunt</strong></span> <span class='ocrx_word' id='word_1_59' title='bbox 1848 1010 1913 1063; x_wconf 89' lang='lat' dir='ltr'><strong>et</strong></span> <span class='ocrx_word' id='word_1_60' title='bbox 1966 1001 2051 1065; x_wconf 84' lang='lat' dir='ltr'><strong>ad</strong></span> <span class='ocrx_word' id='word_1_61' title='bbox 2108 1022 2264 1064; x_wconf 85' lang='lat' dir='ltr'><strong>suae</strong></span> <span class='ocrx_word' id='word_1_62' title='bbox 2318 1002 2548 1064; x_wconf 87' lang='lat' dir='ltr'><strong>aetatis</strong></span> <span class='ocrx_word' id='word_1_63' title='bbox 2604 1021 2794 1064; x_wconf 90' lang='lat' dir='ltr'><strong>usum</strong></span> <span class='ocrx_word' id='word_1_64' title='bbox 2838 1000 3203 1065; x_wconf 89' lang='lat' dir='ltr'><strong>adcommo-</strong></span> 
     </span>
     <span class='ocr_line' id='line_1_8' title="bbox 625 1100 3203 1189; baseline -0.001 -22"><span class='ocrx_word' id='word_1_65' title='bbox 625 1104 948 1168; x_wconf 85' lang='lat' dir='ltr'><strong>daverunt</strong></span> <span class='ocrx_word' id='word_1_66' title='bbox 991 1102 1349 1189; x_wconf 82' lang='lat' dir='ltr'><strong>quidquam</strong></span> <span class='ocrx_word' id='word_1_67' title='bbox 1390 1104 1629 1183; x_wconf 86' lang='lat' dir='ltr'><strong>inveni,</strong></span> <span class='ocrx_word' id='word_1_68' title='bbox 1675 1102 1851 1166; x_wconf 88' lang='lat' dir='ltr'><strong>unde</strong></span> <span class='ocrx_word' id='word_1_69' title='bbox 1894 1102 2192 1167; x_wconf 85' lang='lat' dir='ltr'><strong>concludi</strong></span> <span class='ocrx_word' id='word_1_70' title='bbox 2237 1112 2457 1187; x_wconf 83' lang='lat' dir='ltr'><strong>posset</strong></span> <span class='ocrx_word' id='word_1_71' title='bbox 2499 1100 2643 1165; x_wconf 89' lang='lat' dir='ltr'><strong>illos</strong></span> <span class='ocrx_word' id='word_1_72' title='bbox 2674 1102 2920 1167; x_wconf 85' lang='lat' dir='ltr'><strong>Donati</strong></span> <span class='ocrx_word' id='word_1_73' title='bbox 2962 1101 3203 1167; x_wconf 86' lang='lat' dir='ltr'><strong>librum</strong></span> 
     </span>
     <span class='ocr_line' id='line_1_9' title="bbox 613 1203 3200 1291; baseline -0.002 -21"><span class='ocrx_word' id='word_1_74' title='bbox 613 1205 721 1270; x_wconf 90' lang='lat' dir='ltr'><strong>vel</strong></span> <span class='ocrx_word' id='word_1_75' title='bbox 763 1205 1135 1291; x_wconf 86' lang='lat' dir='ltr'><strong>pleniorem,</strong></span> <span class='ocrx_word' id='word_1_76' title='bbox 1183 1226 1378 1291; x_wconf 89' lang='lat' dir='ltr'><strong>quam</strong></span> <span class='ocrx_word' id='word_1_77' title='bbox 1419 1228 1591 1269; x_wconf 90' lang='lat' dir='ltr'><strong>nunc</strong></span> <span class='ocrx_word' id='word_1_78' title='bbox 1637 1214 1753 1285; x_wconf 87' lang='lat' dir='ltr'><strong>est,</strong></span> <span class='ocrx_word' id='word_1_79' title='bbox 1798 1204 1905 1270; x_wconf 84' lang='lat' dir='ltr'><strong>vel</strong></span> <span class='ocrx_word' id='word_1_80' title='bbox 1950 1203 2171 1284; x_wconf 85' lang='lat' dir='ltr'><strong>aliter,</strong></span> <span class='ocrx_word' id='word_1_81' title='bbox 2218 1212 2415 1289; x_wconf 84' lang='lat' dir='ltr'><strong>atquc</strong></span> <span class='ocrx_word' id='word_1_82' title='bbox 2459 1204 2523 1267; x_wconf 88' lang='lat' dir='ltr'><strong>in</strong></span> <span class='ocrx_word' id='word_1_83' title='bbox 2572 1204 2833 1289; x_wconf 81' lang='lat' dir='ltr'><strong>optimis</strong></span> <span class='ocrx_word' id='word_1_84' title='bbox 2862 1203 3200 1287; x_wconf 82' lang='lat' dir='ltr'><strong>codicibus</strong></span> 
     </span>
     <span class='ocr_line' id='line_1_10' title="bbox 613 1305 3201 1393; baseline -0 -24"><span class='ocrx_word' id='word_1_85' title='bbox 613 1308 892 1393; x_wconf 87' lang='lat' dir='ltr'><strong>scriptus</strong></span> <span class='ocrx_word' id='word_1_86' title='bbox 939 1316 1057 1388; x_wconf 90' lang='lat' dir='ltr'><strong>est,</strong></span> <span class='ocrx_word' id='word_1_87' title='bbox 1105 1306 1492 1391; x_wconf 90' lang='lat' dir='ltr'><strong>dispositum</strong></span> <span class='ocrx_word' id='word_1_88' title='bbox 1535 1305 1793 1391; x_wconf 83' lang='lat' dir='ltr'><strong>legisse.</strong></span> <span class='ocrx_word' id='word_1_89' title='bbox 1882 1306 2253 1369; x_wconf 81' lang='lat' dir='ltr'><strong>Priscianus</strong></span> <span class='ocrx_word' id='word_1_90' title='bbox 2297 1305 2566 1368; x_wconf 88' lang='lat' dir='ltr'><strong>minoris</strong></span> <span class='ocrx_word' id='word_1_91' title='bbox 2612 1305 2911 1369; x_wconf 85' lang='lat' dir='ltr'><strong>editionis</strong></span> <span class='ocrx_word' id='word_1_92' title='bbox 2945 1305 3027 1370; x_wconf 89' lang='lat' dir='ltr'><strong>de</strong></span> <span class='ocrx_word' id='word_1_93' title='bbox 3054 1327 3201 1392; x_wconf 87' lang='lat' dir='ltr'><strong>par-</strong></span> 
     </span>
     <span class='ocr_line' id='line_1_11' title="bbox 613 1405 3200 1493; baseline -0 -22"><span class='ocrx_word' id='word_1_94' title='bbox 613 1408 789 1473; x_wconf 89' lang='lat' dir='ltr'><strong>tibus</strong></span> <span class='ocrx_word' id='word_1_95' title='bbox 834 1410 1142 1473; x_wconf 83' lang='lat' dir='ltr'><strong>orationis</strong></span> <span class='ocrx_word' id='word_1_96' title='bbox 1189 1407 1384 1472; x_wconf 88' lang='lat' dir='ltr'><strong>semel</strong></span> <span class='ocrx_word' id='word_1_97' title='bbox 1428 1409 1818 1472; x_wconf 86' lang='lat' dir='ltr'><strong>mentionem</strong></span> <span class='ocrx_word' id='word_1_98' title='bbox 1858 1405 2033 1486; x_wconf 83' lang='lat' dir='ltr'><strong>fecit,</strong></span> <span class='ocrx_word' id='word_1_99' title='bbox 2078 1408 2298 1493; x_wconf 87' lang='lat' dir='ltr'><strong>partit.</strong></span> <span class='ocrx_word' id='word_1_100' title='bbox 2346 1406 2487 1471; x_wconf 91' lang='lat' dir='ltr'><strong>XII</strong></span> <span class='ocrx_word' id='word_1_101' title='bbox 2530 1428 2699 1471; x_wconf 86' lang='lat' dir='ltr'><strong>vers.</strong></span> <span class='ocrx_word' id='word_1_102' title='bbox 2746 1407 2913 1471; x_wconf 90' lang='lat' dir='ltr'><strong>Aen.</strong></span> <span class='ocrx_word' id='word_1_103' title='bbox 2946 1415 3090 1489; x_wconf 85' lang='lat'><strong>466,</strong></span> <span class='ocrx_word' id='word_1_104' title='bbox 3120 1416 3200 1477; x_wconf 88' lang='lat'><strong>28</strong></span> 
     </span>
     <span class='ocr_line' id='line_1_12' title="bbox 614 1512 3203 1591; baseline -0.001 -17"><span class='ocrx_word' id='word_1_105' title='bbox 614 1532 726 1575; x_wconf 88' lang='lat' dir='ltr'><strong>nec</strong></span> <span class='ocrx_word' id='word_1_106' title='bbox 781 1532 904 1576; x_wconf 89' lang='lat' dir='ltr'><strong>non</strong></span> <span class='ocrx_word' id='word_1_107' title='bbox 957 1516 1349 1591; x_wconf 79' lang='lat' dir='ltr'><strong>imperativus</strong></span> <span class='ocrx_word' id='word_1_108' title='bbox 1401 1531 1636 1589; x_wconf 79' lang='lat' dir='ltr'><strong>quoque</strong></span> <span class='ocrx_word' id='word_1_109' title='bbox 1687 1519 1748 1572; x_wconf 88' lang='lat' dir='ltr'><strong>et</strong></span> <span class='ocrx_word' id='word_1_110' title='bbox 1803 1514 2133 1584; x_wconf 77' lang='lat' dir='ltr'><strong>infinitivus</strong></span> <span class='ocrx_word' id='word_1_111' title='bbox 2185 1528 2219 1570; x_wconf 91' lang='lat' dir='ltr'><strong>e</strong></span> <span class='ocrx_word' id='word_1_112' title='bbox 2274 1520 2617 1589; x_wconf 79' lang='lat' dir='ltr'><strong>correptam</strong></span> <span class='ocrx_word' id='word_1_113' title='bbox 2662 1512 2974 1587; x_wconf 77' lang='lat' dir='ltr'><strong>habentes,</strong></span> <span class='ocrx_word' id='word_1_114' title='bbox 3046 1515 3203 1573; x_wconf 88' lang='lat' dir='ltr'><strong>sicut</strong></span> 
     </span>
     <span class='ocr_line' id='line_1_13' title="bbox 613 1609 3199 1695; baseline -0.001 -18"><span class='ocrx_word' id='word_1_115' title='bbox 613 1620 791 1677; x_wconf 90' lang='lat' dir='ltr'><strong>etiam</strong></span> <span class='ocrx_word' id='word_1_116' title='bbox 836 1617 1111 1678; x_wconf 81' lang='lat' dir='ltr'><strong>Donatus</strong></span> <span class='ocrx_word' id='word_1_117' title='bbox 1154 1616 1327 1676; x_wconf 88' lang='lat' dir='ltr'><strong>docet</strong></span> <span class='ocrx_word' id='word_1_118' title='bbox 1373 1609 1544 1695; x_wconf 85' lang='lat'><strong>(359,</strong></span> <span class='ocrx_word' id='word_1_119' title='bbox 1589 1611 1725 1695; x_wconf 84' lang='lat'><strong>29),</strong></span> <span class='ocrx_word' id='word_1_120' title='bbox 1784 1613 2271 1687; x_wconf 79' lang='lat' dir='ltr'><strong>manifestissime</strong></span> <span class='ocrx_word' id='word_1_121' title='bbox 2315 1616 2383 1673; x_wconf 88' lang='lat' dir='ltr'><strong>id</strong></span> <span class='ocrx_word' id='word_1_122' title='bbox 2424 1617 2772 1675; x_wconf 76' lang='lat' dir='ltr'><strong>ostendunt:</strong></span> <span class='ocrx_word' id='word_1_123' title='bbox 2828 1612 3069 1675; x_wconf 84' lang='lat' dir='ltr'><strong>maiore</strong></span> <span class='ocrx_word' id='word_1_124' title='bbox 3115 1610 3199 1675; x_wconf 89' lang='lat' dir='ltr'><strong>de</strong></span> 
     </span>
     <span class='ocr_line' id='line_1_14' title="bbox 615 1712 3201 1799; baseline -0.001 -21"><span class='ocrx_word' id='word_1_125' title='bbox 615 1717 787 1778; x_wconf 90' lang='lat' dir='ltr'><strong>omni</strong></span> <span class='ocrx_word' id='word_1_126' title='bbox 833 1724 972 1780; x_wconf 85' lang='lat' dir='ltr'><strong>arte</strong></span> <span class='ocrx_word' id='word_1_127' title='bbox 1015 1714 1440 1799; x_wconf 87' lang='lat' dir='ltr'><strong>grammatica</strong></span> <span class='ocrx_word' id='word_1_128' title='bbox 1481 1714 1943 1777; x_wconf 84' lang='lat' dir='ltr'><strong>commentario</strong></span> <span class='ocrx_word' id='word_1_129' title='bbox 2000 1734 2195 1798; x_wconf 83' lang='lat' dir='ltr'><strong>saepe</strong></span> <span class='ocrx_word' id='word_1_130' title='bbox 2248 1734 2405 1776; x_wconf 87' lang='lat' dir='ltr'><strong>usus</strong></span> <span class='ocrx_word' id='word_1_131' title='bbox 2463 1723 2587 1793; x_wconf 88' lang='lat' dir='ltr'><strong>est,</strong></span> <span class='ocrx_word' id='word_1_132' title='bbox 2648 1712 2761 1777; x_wconf 89' lang='lat' dir='ltr'><strong>sed</strong></span> <span class='ocrx_word' id='word_1_133' title='bbox 2816 1712 3201 1798; x_wconf 83' lang='lat' dir='ltr'><strong>plerumque</strong></span> 
     </span>
     <span class='ocr_line' id='line_1_15' title="bbox 615 1812 3199 1903; baseline -0.002 -22"><span class='ocrx_word' id='word_1_134' title='bbox 615 1815 820 1881; x_wconf 88' lang='lat' dir='ltr'><strong>solum</strong></span> <span class='ocrx_word' id='word_1_135' title='bbox 876 1817 1156 1881; x_wconf 87' lang='lat' dir='ltr'><strong>auctoris</strong></span> <span class='ocrx_word' id='word_1_136' title='bbox 1211 1837 1447 1881; x_wconf 91' lang='lat' dir='ltr'><strong>nomen</strong></span> <span class='ocrx_word' id='word_1_137' title='bbox 1505 1814 1895 1903; x_wconf 80' lang='lat' dir='ltr'><strong>appellavit3</strong></span> <span class='ocrx_word' id='word_1_138' title='bbox 1962 1812 2161 1879; x_wconf 88' lang='lat' dir='ltr'><strong>semel</strong></span> <span class='ocrx_word' id='word_1_139' title='bbox 2214 1815 2493 1899; x_wconf 84' lang='lat' dir='ltr'><strong>primam</strong></span> <span class='ocrx_word' id='word_1_140' title='bbox 2558 1822 2760 1878; x_wconf 87' lang='lat' dir='ltr'><strong>artem</strong></span> <span class='ocrx_word' id='word_1_141' title='bbox 2829 1814 2998 1878; x_wconf 82' lang='lat' dir='ltr'><strong>dixit</strong></span> <span class='ocrx_word' id='word_1_142' title='bbox 3054 1836 3199 1877; x_wconf 88' lang='lat' dir='ltr'><strong>eam</strong></span> 
     </span>
     <span class='ocr_line' id='line_1_16' title="bbox 617 1914 3197 2005; baseline -0.002 -22"><span class='ocrx_word' id='word_1_143' title='bbox 617 1928 888 2005; x_wconf 85' lang='lat' dir='ltr'><strong>partem,</strong></span> <span class='ocrx_word' id='word_1_144' title='bbox 935 1940 1102 2004; x_wconf 83' lang='lat' dir='ltr'><strong>quae</strong></span> <span class='ocrx_word' id='word_1_145' title='bbox 1147 1927 1247 1983; x_wconf 86' lang='lat' dir='ltr'><strong>est</strong></span> <span class='ocrx_word' id='word_1_146' title='bbox 1290 1918 1370 1983; x_wconf 91' lang='lat' dir='ltr'><strong>de</strong></span> <span class='ocrx_word' id='word_1_147' title='bbox 1414 1938 1574 1982; x_wconf 85' lang='lat' dir='ltr'><strong>voce</strong></span> <span class='ocrx_word' id='word_1_148' title='bbox 1617 1926 1684 1981; x_wconf 82' lang='lat' dir='ltr'><strong>et</strong></span> <span class='ocrx_word' id='word_1_149' title='bbox 1726 1916 1991 2001; x_wconf 86' lang='lat' dir='ltr'><strong>reliquis</strong></span> <span class='ocrx_word' id='word_1_150' title='bbox 2038 1917 2197 1980; x_wconf 85' lang='lat' dir='ltr'><strong>artis</strong></span> <span class='ocrx_word' id='word_1_151' title='bbox 2242 1914 2610 1995; x_wconf 85' lang='lat' dir='ltr'><strong>elementis,</strong></span> <span class='ocrx_word' id='word_1_152' title='bbox 2657 1915 2737 1980; x_wconf 89' lang='lat' dir='ltr'><strong>de</strong></span> <span class='ocrx_word' id='word_1_153' title='bbox 2780 1916 2971 2001; x_wconf 89' lang='lat' dir='ltr'><strong>figur.</strong></span> <span class='ocrx_word' id='word_1_154' title='bbox 3016 1938 3197 1979; x_wconf 87' lang='lat' dir='ltr'><strong>num.</strong></span> 
     </span>
     <span class='ocr_line' id='line_1_17' title="bbox 613 2018 3197 2103; baseline -0.003 -13"><span class='ocrx_word' id='word_1_155' title='bbox 613 2031 756 2101; x_wconf 83' lang='lat'><strong>414,</strong></span> <span class='ocrx_word' id='word_1_156' title='bbox 803 2029 876 2090; x_wconf 84' lang='lat'><strong>21</strong></span> <span class='ocrx_word' id='word_1_157' title='bbox 928 2026 1201 2086; x_wconf 79' lang='lat' dir='ltr'><strong>Donatus</strong></span> <span class='ocrx_word' id='word_1_158' title='bbox 1243 2026 1306 2085; x_wconf 89' lang='lat' dir='ltr'><strong>in</strong></span> <span class='ocrx_word' id='word_1_159' title='bbox 1351 2032 1489 2084; x_wconf 87' lang='lat' dir='ltr'><strong>arte</strong></span> <span class='ocrx_word' id='word_1_160' title='bbox 1521 2020 1731 2099; x_wconf 68' lang='lat' dir='ltr'><strong>prima</strong></span> <span class='ocrx_word' id='word_1_161' title='bbox 1779 2018 1951 2103; x_wconf 89' lang='lat'><strong>(370,</strong></span> <span class='ocrx_word' id='word_1_162' title='bbox 1998 2018 2106 2100; x_wconf 89' lang='grc'>30)</span> <span class='ocrx_word' id='word_1_163' title='bbox 2165 2022 2377 2097; x_wconf 79' lang='lat' dir='ltr'><strong>‘atque</strong></span> <span class='ocrx_word' id='word_1_164' title='bbox 2418 2030 2673 2097; x_wconf 77' lang='lat' dir='ltr'><strong>excepto</strong></span> <span class='ocrx_word' id='word_1_165' title='bbox 2718 2056 2797 2065; x_wconf 90' lang='grc'><strong>--</strong></span> <span class='ocrx_word' id='word_1_166' title='bbox 2844 2024 3011 2081; x_wconf 89' lang='lat' dir='ltr'><strong>trina</strong></span> <span class='ocrx_word' id='word_1_167' title='bbox 3052 2039 3197 2082; x_wconf 85' lang='lat' dir='ltr'><strong>con-</strong></span> 
     </span>
     <span class='ocr_line' id='line_1_18' title="bbox 613 2116 3201 2206; baseline -0.002 -19"><span class='ocrx_word' id='word_1_168' title='bbox 613 2129 774 2188; x_wconf 83' lang='lat' dir='ltr'><strong>dicio</strong></span> <span class='ocrx_word' id='word_1_169' title='bbox 817 2128 1151 2203; x_wconf 84' lang='lat' dir='ltr'><strong>reperitur’</strong></span> <span class='ocrx_word' id='word_1_170' title='bbox 1190 2144 1310 2203; x_wconf 90' lang='lat' dir='ltr'><strong>pro</strong></span> <span class='ocrx_word' id='word_1_171' title='bbox 1353 2128 1662 2203; x_wconf 74' lang='lat' dir='ltr'><strong>tn&#39;pertita</strong></span> <span class='ocrx_word' id='word_1_172' title='bbox 1707 2126 1901 2193; x_wconf 63' lang='lat' dir='ltr'><strong>dixin</strong></span> <span class='ocrx_word' id='word_1_173' title='bbox 1946 2129 2046 2184; x_wconf 87' lang='lat' dir='ltr'><strong>ter</strong></span> <span class='ocrx_word' id='word_1_174' title='bbox 2090 2119 2439 2184; x_wconf 87' lang='lat' dir='ltr'><strong>secundam</strong></span> <span class='ocrx_word' id='word_1_175' title='bbox 2484 2116 2840 2204; x_wconf 83' lang='lat' dir='ltr'><strong>appellavit</strong></span> <span class='ocrx_word' id='word_1_176' title='bbox 2882 2141 3027 2185; x_wconf 87' lang='lat' dir='ltr'><strong>eam</strong></span> <span class='ocrx_word' id='word_1_177' title='bbox 3066 2143 3201 2206; x_wconf 83' lang='lat' dir='ltr'><strong>qua.</strong></span> 
     </span>
     <span class='ocr_line' id='line_1_19' title="bbox 613 2220 3197 2312; baseline -0.003 -23"><span class='ocrx_word' id='word_1_178' title='bbox 613 2226 693 2289; x_wconf 86' lang='lat' dir='ltr'><strong>de</strong></span> <span class='ocrx_word' id='word_1_179' title='bbox 736 2226 1032 2312; x_wconf 83' lang='lat' dir='ltr'><strong>partibus</strong></span> <span class='ocrx_word' id='word_1_180' title='bbox 1077 2226 1384 2289; x_wconf 84' lang='lat' dir='ltr'><strong>orationis</strong></span> <span class='ocrx_word' id='word_1_181' title='bbox 1429 2225 1692 2289; x_wconf 90' lang='lat' dir='ltr'><strong>uberius</strong></span> <span class='ocrx_word' id='word_1_182' title='bbox 1740 2223 2112 2307; x_wconf 84' lang='lat' dir='ltr'><strong>expositum</strong></span> <span class='ocrx_word' id='word_1_183' title='bbox 2156 2230 2272 2303; x_wconf 86' lang='lat' dir='ltr'><strong>est,</strong></span> <span class='ocrx_word' id='word_1_184' title='bbox 2317 2223 2519 2286; x_wconf 85' lang='lat' dir='ltr'><strong>instit.</strong></span> <span class='ocrx_word' id='word_1_185' title='bbox 2568 2220 2612 2285; x_wconf 86' lang='lat' dir='ltr'><strong>l.</strong></span> <span class='ocrx_word' id='word_1_186' title='bbox 2658 2220 2825 2285; x_wconf 88' lang='lat' dir='ltr'><strong>XIV</strong></span> <span class='ocrx_word' id='word_1_187' title='bbox 2868 2244 2933 2305; x_wconf 90' lang='lat' dir='ltr'><strong>p.</strong></span> <span class='ocrx_word' id='word_1_188' title='bbox 2980 2230 3081 2302; x_wconf 86' lang='lat'><strong>27,</strong></span> <span class='ocrx_word' id='word_1_189' title='bbox 3114 2230 3197 2290; x_wconf 88' lang='lat'><strong>20</strong></span> 
     </span>
     <span class='ocr_line' id='line_1_20' title="bbox 613 2326 3195 2407; baseline -0.001 -18"><span class='ocrx_word' id='word_1_190' title='bbox 613 2333 792 2405; x_wconf 80' lang='lat' dir='ltr'><strong>idque</strong></span> <span class='ocrx_word' id='word_1_191' title='bbox 836 2331 1109 2391; x_wconf 82' lang='lat' dir='ltr'><strong>Donatus</strong></span> <span class='ocrx_word' id='word_1_192' title='bbox 1151 2333 1330 2390; x_wconf 85' lang='lat' dir='ltr'><strong>ctiam</strong></span> <span class='ocrx_word' id='word_1_193' title='bbox 1374 2334 1438 2389; x_wconf 88' lang='lat' dir='ltr'><strong>in</strong></span> <span class='ocrx_word' id='word_1_194' title='bbox 1480 2331 1747 2389; x_wconf 88' lang='lat' dir='ltr'><strong>secunda</strong></span> <span class='ocrx_word' id='word_1_195' title='bbox 1792 2335 1928 2388; x_wconf 88' lang='lat' dir='ltr'><strong>arte</strong></span> <span class='ocrx_word' id='word_1_196' title='bbox 1985 2330 2062 2387; x_wconf 90' lang='lat' dir='ltr'><strong>de</strong></span> <span class='ocrx_word' id='word_1_197' title='bbox 2108 2330 2563 2403; x_wconf 81' lang='lat' dir='ltr'><strong>praepositione</strong></span> <span class='ocrx_word' id='word_1_198' title='bbox 2626 2326 2796 2407; x_wconf 88' lang='grc'>(391,</span> <span class='ocrx_word' id='word_1_199' title='bbox 2844 2326 2952 2407; x_wconf 91' lang='grc'><strong>11)</strong></span> <span class='ocrx_word' id='word_1_200' title='bbox 3000 2344 3062 2386; x_wconf 87' lang='lat' dir='ltr'><strong>se</strong></span> <span class='ocrx_word' id='word_1_201' title='bbox 3106 2331 3195 2387; x_wconf 85' lang='lat' dir='ltr'><strong>in—</strong></span> 
     </span>
     <span class='ocr_line' id='line_1_21' title="bbox 611 2424 3197 2510; baseline 0 -18"><span class='ocrx_word' id='word_1_202' title='bbox 611 2434 890 2506; x_wconf 73' lang='lat' dir='ltr'><strong>telleqere</strong></span> <span class='ocrx_word' id='word_1_203' title='bbox 932 2434 1251 2505; x_wconf 78' lang='lat' dir='ltr'><strong>confirmat</strong></span> <span class='ocrx_word' id='word_1_204' title='bbox 1293 2432 1386 2491; x_wconf 90' lang='lat' dir='ltr'><strong>his</strong></span> <span class='ocrx_word' id='word_1_205' title='bbox 1429 2433 1620 2492; x_wconf 84' lang='lat' dir='ltr'><strong>verbis</strong></span> <span class='ocrx_word' id='word_1_206' title='bbox 1669 2434 2025 2507; x_wconf 79' lang='lat' dir='ltr'><strong>‘separatae</strong></span> <span class='ocrx_word' id='word_1_207' title='bbox 2072 2463 2146 2473; x_wconf 92' lang='lat'><strong>——</strong></span> <span class='ocrx_word' id='word_1_208' title='bbox 2190 2446 2410 2504; x_wconf 67' lang='lat' dir='ltr'><strong>proves</strong></span> <span class='ocrx_word' id='word_1_209' title='bbox 2447 2426 2653 2503; x_wconf 83' lang='lat' dir='ltr'><strong>fiunt&#39;,</strong></span> <span class='ocrx_word' id='word_1_210' title='bbox 2716 2424 2807 2489; x_wconf 90' lang='lat' dir='ltr'><strong>ib.</strong></span> <span class='ocrx_word' id='word_1_211' title='bbox 2852 2449 2917 2510; x_wconf 91' lang='lat' dir='ltr'><strong>p.</strong></span> <span class='ocrx_word' id='word_1_212' title='bbox 2966 2437 3065 2505; x_wconf 83' lang='lat'><strong>41,</strong></span> <span class='ocrx_word' id='word_1_213' title='bbox 3116 2434 3197 2493; x_wconf 82' lang='lat'><strong>16</strong></span> 
     </span>
     <span class='ocr_line' id='line_1_22' title="bbox 611 2528 3194 2611; baseline -0.002 -17"><span class='ocrx_word' id='word_1_214' title='bbox 611 2536 773 2607; x_wconf 81' lang='lat' dir='ltr'><strong>quoa</strong></span> <span class='ocrx_word' id='word_1_215' title='bbox 811 2540 870 2593; x_wconf 89' lang='lat' dir='ltr'><strong>et</strong></span> <span class='ocrx_word' id='word_1_216' title='bbox 897 2534 1170 2594; x_wconf 87' lang='lat' dir='ltr'><strong>Donatus</strong></span> <span class='ocrx_word' id='word_1_217' title='bbox 1213 2537 1272 2594; x_wconf 86' lang='lat' dir='ltr'><strong>in</strong></span> <span class='ocrx_word' id='word_1_218' title='bbox 1317 2535 1583 2593; x_wconf 85' lang='lat' dir='ltr'><strong>sec-unda</strong></span> <span class='ocrx_word' id='word_1_219' title='bbox 1627 2541 1763 2593; x_wconf 90' lang='lat' dir='ltr'><strong>arte</strong></span> <span class='ocrx_word' id='word_1_220' title='bbox 1806 2528 1978 2611; x_wconf 84' lang='lat'><strong>(389,</strong></span> <span class='ocrx_word' id='word_1_221' title='bbox 2014 2528 2123 2611; x_wconf 85' lang='lat'><strong>22)</strong></span> <span class='ocrx_word' id='word_1_222' title='bbox 2172 2534 2345 2592; x_wconf 86' lang='lat' dir='ltr'><strong>docet</strong></span> <span class='ocrx_word' id='word_1_223' title='bbox 2387 2532 2481 2591; x_wconf 87' lang='lat' dir='ltr'><strong>his</strong></span> <span class='ocrx_word' id='word_1_224' title='bbox 2524 2532 2720 2591; x_wconf 88' lang='lat' dir='ltr'><strong>verbis</strong></span> <span class='ocrx_word' id='word_1_225' title='bbox 2770 2534 2909 2591; x_wconf 87' lang='lat' dir='ltr'><strong>‘aut</strong></span> <span class='ocrx_word' id='word_1_226' title='bbox 2952 2531 3194 2591; x_wconf 83' lang='lat' dir='ltr'><strong>verbum</strong></span> 
     </span>
     <span class='ocr_line' id='line_1_23' title="bbox 611 2630 3199 2715; baseline -0.002 -20"><span class='ocrx_word' id='word_1_227' title='bbox 611 2638 1111 2696; x_wconf 77' lang='lat' dir='ltr'><strong>-circumcirca</strong></span> <span class='ocrx_word' id='word_1_228' title='bbox 1127 2634 1162 2712; x_wconf 88' lang='lat'><strong>&#39;,</strong></span> <span class='ocrx_word' id='word_1_229' title='bbox 1206 2633 1410 2695; x_wconf 87' lang='lat' dir='ltr'><strong>instit.</strong></span> <span class='ocrx_word' id='word_1_230' title='bbox 1454 2631 1498 2694; x_wconf 92' lang='lat' dir='ltr'><strong>l.</strong></span> <span class='ocrx_word' id='word_1_231' title='bbox 1544 2630 1788 2695; x_wconf 87' lang='lat' dir='ltr'>XVIII</span> <span class='ocrx_word' id='word_1_232' title='bbox 1830 2652 1895 2715; x_wconf 89' lang='lat' dir='ltr'><strong>p.</strong></span> <span class='ocrx_word' id='word_1_233' title='bbox 1942 2635 2086 2710; x_wconf 84' lang='lat'><strong>284,</strong></span> <span class='ocrx_word' id='word_1_234' title='bbox 2134 2636 2172 2698; x_wconf 88' lang='lat'><strong>3</strong></span> <span class='ocrx_word' id='word_1_235' title='bbox 2219 2633 2495 2693; x_wconf 86' lang='lat' dir='ltr'><strong>Donatus</strong></span> <span class='ocrx_word' id='word_1_236' title='bbox 2536 2636 2599 2693; x_wconf 86' lang='lat' dir='ltr'><strong>in</strong></span> <span class='ocrx_word' id='word_1_237' title='bbox 2642 2634 2910 2693; x_wconf 84' lang='lat' dir='ltr'><strong>secunda</strong></span> <span class='ocrx_word' id='word_1_238' title='bbox 2954 2641 3089 2691; x_wconf 90' lang='lat' dir='ltr'><strong>arte</strong></span> <span class='ocrx_word' id='word_1_239' title='bbox 3118 2634 3199 2691; x_wconf 88' lang='lat' dir='ltr'><strong>de</strong></span> 
     </span>
     <span class='ocr_line' id='line_1_24' title="bbox 610 2731 3196 2819; baseline -0.001 -23"><span class='ocrx_word' id='word_1_240' title='bbox 610 2739 845 2797; x_wconf 87' lang='lat' dir='ltr'><strong>nomine</strong></span> <span class='ocrx_word' id='word_1_241' title='bbox 891 2731 1062 2817; x_wconf 85' lang='lat'><strong>(373,</strong></span> <span class='ocrx_word' id='word_1_242' title='bbox 1110 2734 1177 2819; x_wconf 86' lang='lat'><strong>5)</strong></span> <span class='ocrx_word' id='word_1_243' title='bbox 1231 2738 1368 2797; x_wconf 87' lang='lat' dir='ltr'><strong>‘sed</strong></span> <span class='ocrx_word' id='word_1_244' title='bbox 1392 2739 1570 2797; x_wconf 89' lang='lat' dir='ltr'><strong>modo</strong></span> <span class='ocrx_word' id='word_1_245' title='bbox 1598 2738 1843 2797; x_wconf 88' lang='lat' dir='ltr'><strong>nomina</strong></span> <span class='ocrx_word' id='word_1_246' title='bbox 1870 2736 2239 2810; x_wconf 72' lang='lat' dir='ltr'><strong>oeneraliter</strong></span> <span class='ocrx_word' id='word_1_247' title='bbox 2267 2737 2551 2795; x_wconf 88' lang='lat' dir='ltr'><strong>dicimus’</strong></span> <span class='ocrx_word' id='word_1_248' title='bbox 2592 2752 2711 2809; x_wconf 89' lang='lat' dir='ltr'><strong>pro</strong></span> <span class='ocrx_word' id='word_1_249' title='bbox 2740 2751 2920 2795; x_wconf 86' lang='lat' dir='ltr'><strong>nunc.</strong></span> <span class='ocrx_word' id='word_1_250' title='bbox 2953 2739 3196 2795; x_wconf 85' lang='lat' dir='ltr'><strong>utram-</strong></span> 
     </span>
     <span class='ocr_line' id='line_1_25' title="bbox 611 2832 3195 2920; baseline -0 -22"><span class='ocrx_word' id='word_1_251' title='bbox 611 2858 737 2920; x_wconf 87' lang='lat' dir='ltr'><strong>que</strong></span> <span class='ocrx_word' id='word_1_252' title='bbox 761 2844 964 2899; x_wconf 84' lang='lat' dir='ltr'><strong>artem</strong></span> <span class='ocrx_word' id='word_1_253' title='bbox 987 2832 1735 2900; x_wconf 83' lang='lat' dir='ltr'><strong>indicavitCassiodorus</strong></span> <span class='ocrx_word' id='word_1_254' title='bbox 1767 2834 1847 2898; x_wconf 87' lang='lat' dir='ltr'><strong>de</strong></span> <span class='ocrx_word' id='word_1_255' title='bbox 1878 2854 2149 2917; x_wconf 84' lang='lat' dir='ltr'><strong>gramm.</strong></span> <span class='ocrx_word' id='word_1_256' title='bbox 2174 2840 2413 2919; x_wconf 84' lang='lat' dir='ltr'><strong>p.2321</strong></span> <span class='ocrx_word' id='word_1_257' title='bbox 2452 2838 2621 2897; x_wconf 91' lang='lat' dir='ltr'><strong>nobis</strong></span> <span class='ocrx_word' id='word_1_258' title='bbox 2662 2846 2862 2897; x_wconf 89' lang='lat' dir='ltr'><strong>tamen</strong></span> <span class='ocrx_word' id='word_1_259' title='bbox 2886 2839 3098 2912; x_wconf 88' lang='lat' dir='ltr'><strong>placet</strong></span> <span class='ocrx_word' id='word_1_260' title='bbox 3126 2840 3195 2897; x_wconf 85' lang='lat' dir='ltr'><strong>in</strong></span> 
     </span>
     <span class='ocr_line' id='line_1_26' title="bbox 607 2941 3196 3016; baseline 0 -17"><span class='ocrx_word' id='word_1_261' title='bbox 607 2942 862 3002; x_wconf 83' lang='lat' dir='ltr'><strong>medium</strong></span> <span class='ocrx_word' id='word_1_262' title='bbox 895 2942 1195 3003; x_wconf 89' lang='lat' dir='ltr'><strong>Donatum</strong></span> <span class='ocrx_word' id='word_1_263' title='bbox 1227 2942 1543 3015; x_wconf 83' lang='lat' dir='ltr'><strong>deducere,</strong></span> <span class='ocrx_word' id='word_1_264' title='bbox 1593 2942 1700 3016; x_wconf 83' lang='lat' dir='ltr'><strong>qui</strong></span> <span class='ocrx_word' id='word_1_265' title='bbox 1725 2946 1783 2999; x_wconf 88' lang='lat' dir='ltr'><strong>et</strong></span> <span class='ocrx_word' id='word_1_266' title='bbox 1801 2942 2019 3016; x_wconf 88' lang='lat' dir='ltr'><strong>pueris</strong></span> <span class='ocrx_word' id='word_1_267' title='bbox 2046 2941 2394 3015; x_wconf 81' lang='lat' dir='ltr'><strong>specialiter</strong></span> <span class='ocrx_word' id='word_1_268' title='bbox 2421 2947 2601 3015; x_wconf 88' lang='lat' dir='ltr'><strong>aptus</strong></span> <span class='ocrx_word' id='word_1_269' title='bbox 2629 2945 2686 2997; x_wconf 87' lang='lat' dir='ltr'><strong>et</strong></span> <span class='ocrx_word' id='word_1_270' title='bbox 2728 2941 3023 3001; x_wconf 84' lang='lat' dir='ltr'><strong>tironibus</strong></span> <span class='ocrx_word' id='word_1_271' title='bbox 3045 2958 3196 3015; x_wconf 85' lang='lat' dir='ltr'><strong>pro—</strong></span> 
     </span>
     <span class='ocr_line' id='line_1_27' title="bbox 608 3042 3200 3118; baseline 0 -17"><span class='ocrx_word' id='word_1_272' title='bbox 608 3042 789 3103; x_wconf 89' lang='lat' dir='ltr'><strong>batur</strong></span> <span class='ocrx_word' id='word_1_273' title='bbox 832 3044 1268 3116; x_wconf 89' lang='lat' dir='ltr'><strong>accommodus,</strong></span> <span class='ocrx_word' id='word_1_274' title='bbox 1316 3046 1486 3103; x_wconf 89' lang='lat' dir='ltr'><strong>cuius</strong></span> <span class='ocrx_word' id='word_1_275' title='bbox 1527 3045 1769 3117; x_wconf 72' lang='lat' dir='ltr'><strong>qemina</strong></span> <span class='ocrx_word' id='word_1_276' title='bbox 1812 3048 2143 3103; x_wconf 89' lang='lat' dir='ltr'><strong>commenta</strong></span> <span class='ocrx_word' id='word_1_277' title='bbox 2186 3044 2562 3117; x_wconf 76' lang='lat' dir='ltr'><strong>reliquimus,</strong></span> <span class='ocrx_word' id='word_1_278' title='bbox 2628 3049 2725 3114; x_wconf 88' lang='lat' dir='ltr'><strong>ut,</strong></span> <span class='ocrx_word' id='word_1_279' title='bbox 2783 3059 2976 3118; x_wconf 88' lang='lat' dir='ltr'><strong>supra</strong></span> <span class='ocrx_word' id='word_1_280' title='bbox 3028 3045 3200 3117; x_wconf 79' lang='lat' dir='ltr'><strong>quod</strong></span> 
     </span>
     <span class='ocr_line' id='line_1_28' title="bbox 608 3144 3197 3220; baseline 0 -17"><span class='ocrx_word' id='word_1_281' title='bbox 608 3146 737 3220; x_wconf 85' lang='lat' dir='ltr'><strong>ipse</strong></span> <span class='ocrx_word' id='word_1_282' title='bbox 778 3144 1032 3205; x_wconf 81' lang='lat' dir='ltr'><strong>Latinus</strong></span> <span class='ocrx_word' id='word_1_283' title='bbox 1074 3155 1187 3219; x_wconf 91' lang='lat' dir='ltr'><strong>est,</strong></span> <span class='ocrx_word' id='word_1_284' title='bbox 1244 3148 1362 3218; x_wconf 80' lang='lat' dir='ltr'><strong>fiat</strong></span> <span class='ocrx_word' id='word_1_285' title='bbox 1417 3146 1652 3205; x_wconf 90' lang='lat' dir='ltr'><strong>clarior</strong></span> <span class='ocrx_word' id='word_1_286' title='bbox 1707 3145 2035 3219; x_wconf 83' lang='lat' dir='ltr'><strong>dupliciter</strong></span> <span class='ocrx_word' id='word_1_287' title='bbox 2088 3145 2481 3219; x_wconf 77' lang='lat' dir='ltr'><strong>explanatus·</strong></span> <span class='ocrx_word' id='word_1_288' title='bbox 2558 3145 2839 3205; x_wconf 87' lang='lat' dir='ltr'><strong>Donatus</strong></span> <span class='ocrx_word' id='word_1_289' title='bbox 2888 3147 3076 3219; x_wconf 70' lang='lat' dir='ltr'><strong>icitur</strong></span> <span class='ocrx_word' id='word_1_290' title='bbox 3128 3146 3197 3204; x_wconf 85' lang='lat' dir='ltr'><strong>in</strong></span> 
     </span>
     <span class='ocr_line' id='line_1_29' title="bbox 605 3248 3189 3325; baseline 0 -18"><span class='ocrx_word' id='word_1_291' title='bbox 605 3250 872 3308; x_wconf 85' lang='lat' dir='ltr'><strong>secunda</strong></span> <span class='ocrx_word' id='word_1_292' title='bbox 909 3254 1092 3324; x_wconf 88' lang='lat' dir='ltr'><strong>parte</strong></span> <span class='ocrx_word' id='word_1_293' title='bbox 1133 3249 1223 3307; x_wconf 89' lang='lat' dir='ltr'><strong>ita</strong></span> <span class='ocrx_word' id='word_1_294' title='bbox 1267 3248 1596 3322; x_wconf 84' lang='lat' dir='ltr'><strong>disceptat,</strong></span> <span class='ocrx_word' id='word_1_295' title='bbox 1660 3248 1737 3307; x_wconf 89' lang='lat' dir='ltr'><strong>de</strong></span> <span class='ocrx_word' id='word_1_296' title='bbox 1779 3263 1923 3307; x_wconf 83' lang='lat' dir='ltr'><strong>voce</strong></span> <span class='ocrx_word' id='word_1_297' title='bbox 1963 3248 2330 3320; x_wconf 84' lang='lat' dir='ltr'><strong>articulata,</strong></span> <span class='ocrx_word' id='word_1_298' title='bbox 2385 3248 2461 3305; x_wconf 89' lang='lat' dir='ltr'><strong>de</strong></span> <span class='ocrx_word' id='word_1_299' title='bbox 2502 3248 2707 3307; x_wconf 85' lang='lat' dir='ltr'><strong>littera</strong></span> <span class='ocrx_word' id='word_1_300' title='bbox 2721 3292 2739 3321; x_wconf 91' lang='lat'><strong>,</strong></span> <span class='ocrx_word' id='word_1_301' title='bbox 2810 3248 2887 3307; x_wconf 87' lang='lat' dir='ltr'><strong>de</strong></span> <span class='ocrx_word' id='word_1_302' title='bbox 2926 3248 3189 3325; x_wconf 79' lang='lat' dir='ltr'><strong>syllaba,</strong></span> 
     </span>
     <span class='ocr_line' id='line_1_30' title="bbox 609 3349 3197 3425; baseline 0 -17"><span class='ocrx_word' id='word_1_303' title='bbox 609 3350 684 3408; x_wconf 88' lang='lat' dir='ltr'><strong>de</strong></span> <span class='ocrx_word' id='word_1_304' title='bbox 721 3349 993 3425; x_wconf 86' lang='lat' dir='ltr'><strong>pedibus,</strong></span> <span class='ocrx_word' id='word_1_305' title='bbox 1044 3352 1122 3409; x_wconf 88' lang='lat' dir='ltr'><strong>de</strong></span> <span class='ocrx_word' id='word_1_306' title='bbox 1165 3349 1537 3421; x_wconf 85' lang='lat' dir='ltr'><strong>accentibus,</strong></span> <span class='ocrx_word' id='word_1_307' title='bbox 1601 3351 1676 3409; x_wconf 84' lang='lat' dir='ltr'><strong>de</strong></span> <span class='ocrx_word' id='word_1_308' title='bbox 1707 3376 1716 3385; x_wconf 93' lang='lat'><strong>·</strong></span> <span class='ocrx_word' id='word_1_309' title='bbox 1727 3350 2019 3423; x_wconf 85' lang='lat' dir='ltr'><strong>posituris</strong></span> <span class='ocrx_word' id='word_1_310' title='bbox 2060 3365 2165 3408; x_wconf 90' lang='lat' dir='ltr'><strong>seu</strong></span> <span class='ocrx_word' id='word_1_311' title='bbox 2208 3350 2704 3423; x_wconf 82' lang='lat' dir='ltr'><strong>distinctionibus,</strong></span> <span class='ocrx_word' id='word_1_312' title='bbox 2754 3358 2811 3409; x_wconf 90' lang='lat' dir='ltr'><strong>et</strong></span> <span class='ocrx_word' id='word_1_313' title='bbox 2856 3352 3069 3411; x_wconf 87' lang='lat' dir='ltr'><strong>iterum</strong></span> <span class='ocrx_word' id='word_1_314' title='bbox 3115 3351 3197 3409; x_wconf 91' lang='lat' dir='ltr'><strong>de</strong></span> 
     </span>
     <span class='ocr_line' id='line_1_31' title="bbox 601 3449 3195 3534; baseline 0.001 -24"><span class='ocrx_word' id='word_1_315' title='bbox 601 3452 879 3525; x_wconf 84' lang='lat' dir='ltr'><strong>partibus</strong></span> <span class='ocrx_word' id='word_1_316' title='bbox 922 3454 1230 3525; x_wconf 87' lang='lat' dir='ltr'><strong>orationis,</strong></span> <span class='ocrx_word' id='word_1_317' title='bbox 1280 3454 1356 3511; x_wconf 90' lang='lat' dir='ltr'><strong>de</strong></span> <span class='ocrx_word' id='word_1_318' title='bbox 1397 3450 1812 3523; x_wconf 78' lang='lat' dir='ltr'><strong>schematibus,</strong></span> <span class='ocrx_word' id='word_1_319' title='bbox 1864 3452 1941 3509; x_wconf 88' lang='lat' dir='ltr'><strong>de</strong></span> <span class='ocrx_word' id='word_1_320' title='bbox 1983 3452 2375 3529; x_wconf 73' lang='lat' dir='ltr'><strong>etymoloqiis,</strong></span> <span class='ocrx_word' id='word_1_321' title='bbox 2425 3452 2502 3509; x_wconf 88' lang='lat' dir='ltr'><strong>de</strong></span> <span class='ocrx_word' id='word_1_322' title='bbox 2546 3452 3003 3528; x_wconf 70' lang='lat' dir='ltr'><strong>orthooraphia.</strong></span> <span class='ocrx_word' id='word_1_323' title='bbox 3050 3449 3195 3534; x_wconf 87' lang='lat' dir='ltr'><strong>qui-</strong></span> 
     </span>
     <span class='ocr_line' id='line_1_32' title="bbox 607 3545 3195 3635; baseline 0.002 -24"><span class='ocrx_word' id='word_1_324' title='bbox 607 3546 729 3611; x_wconf 91' lang='lat' dir='ltr'><strong>bus</strong></span> <span class='ocrx_word' id='word_1_325' title='bbox 773 3548 990 3613; x_wconf 83' lang='lat' dir='ltr'><strong>verbis</strong></span> <span class='ocrx_word' id='word_1_326' title='bbox 1036 3550 1265 3635; x_wconf 81' lang='lat' dir='ltr'><strong>nequis</strong></span> <span class='ocrx_word' id='word_1_327' title='bbox 1313 3547 1511 3611; x_wconf 90' lang='lat' dir='ltr'><strong>libros</strong></span> <span class='ocrx_word' id='word_1_328' title='bbox 1559 3545 1640 3611; x_wconf 89' lang='lat' dir='ltr'><strong>de</strong></span> <span class='ocrx_word' id='word_1_329' title='bbox 1685 3547 2123 3612; x_wconf 84' lang='lat' dir='ltr'><strong>schematibus</strong></span> <span class='ocrx_word' id='word_1_330' title='bbox 2136 3596 2153 3628; x_wconf 99' lang='lat'><strong>,</strong></span> <span class='ocrx_word' id='word_1_331' title='bbox 2212 3548 2291 3613; x_wconf 89' lang='lat' dir='ltr'><strong>de</strong></span> <span class='ocrx_word' id='word_1_332' title='bbox 2348 3548 2755 3634; x_wconf 87' lang='lat' dir='ltr'><strong>etymologiis</strong></span> <span class='ocrx_word' id='word_1_333' title='bbox 2768 3596 2785 3630; x_wconf 91' lang='lat'><strong>,</strong></span> <span class='ocrx_word' id='word_1_334' title='bbox 2842 3549 2921 3615; x_wconf 90' lang='lat' dir='ltr'><strong>de</strong></span> <span class='ocrx_word' id='word_1_335' title='bbox 2977 3549 3195 3615; x_wconf 85' lang='lat' dir='ltr'><strong>ortho-</strong></span> 
     </span>
     <span class='ocr_line' id='line_1_33' title="bbox 605 3648 3191 3739; baseline 0.002 -27"><span class='ocrx_word' id='word_1_336' title='bbox 605 3648 882 3735; x_wconf 85' lang='lat' dir='ltr'><strong>graphia</strong></span> <span class='ocrx_word' id='word_1_337' title='bbox 925 3670 966 3713; x_wconf 88' lang='lat' dir='ltr'><strong>a</strong></span> <span class='ocrx_word' id='word_1_338' title='bbox 1006 3650 1265 3714; x_wconf 86' lang='lat' dir='ltr'><strong>Donato</strong></span> <span class='ocrx_word' id='word_1_339' title='bbox 1312 3650 1586 3735; x_wconf 88' lang='lat' dir='ltr'><strong>scriptos</strong></span> <span class='ocrx_word' id='word_1_340' title='bbox 1641 3648 1916 3713; x_wconf 80' lang='lat' dir='ltr'><strong>indicari</strong></span> <span class='ocrx_word' id='word_1_341' title='bbox 1974 3660 2188 3735; x_wconf 88' lang='lat' dir='ltr'><strong>putet,</strong></span> <span class='ocrx_word' id='word_1_342' title='bbox 2244 3652 2385 3736; x_wconf 89' lang='lat' dir='ltr'><strong>ipse</strong></span> <span class='ocrx_word' id='word_1_343' title='bbox 2430 3650 2857 3716; x_wconf 77' lang='lat' dir='ltr'><strong>Cassiodorus</strong></span> <span class='ocrx_word' id='word_1_344' title='bbox 2902 3652 3080 3717; x_wconf 84' lang='lat' dir='ltr'><strong>cavit</strong></span> <span class='ocrx_word' id='word_1_345' title='bbox 3122 3676 3191 3739; x_wconf 87' lang='lat' dir='ltr'><strong>p.</strong></span> 
     </span>
     <span class='ocr_line' id='line_1_34' title="bbox 604 3756 3191 3835; baseline 0 -17"><span class='ocrx_word' id='word_1_346' title='bbox 604 3758 771 3820; x_wconf 84' lang='lat'><strong>2323</strong></span> <span class='ocrx_word' id='word_1_347' title='bbox 815 3761 1076 3815; x_wconf 88' lang='lat' dir='ltr'><strong>ceterum</strong></span> <span class='ocrx_word' id='word_1_348' title='bbox 1119 3758 1228 3831; x_wconf 82' lang='lat' dir='ltr'><strong>qui</strong></span> <span class='ocrx_word' id='word_1_349' title='bbox 1264 3772 1339 3814; x_wconf 89' lang='lat' dir='ltr'><strong>ea</strong></span> <span class='ocrx_word' id='word_1_350' title='bbox 1381 3756 1639 3816; x_wconf 83' lang='lat' dir='ltr'><strong>voluerit</strong></span> <span class='ocrx_word' id='word_1_351' title='bbox 1679 3756 1863 3815; x_wconf 86' lang='lat' dir='ltr'><strong>latius</strong></span> <span class='ocrx_word' id='word_1_352' title='bbox 1897 3757 2255 3833; x_wconf 83' lang='lat' dir='ltr'><strong>pleniusque</strong></span> <span class='ocrx_word' id='word_1_353' title='bbox 2295 3774 2687 3835; x_wconf 72' lang='lat' dir='ltr'><strong>coqnoscere,</strong></span> <span class='ocrx_word' id='word_1_354' title='bbox 2743 3775 2877 3818; x_wconf 90' lang='lat' dir='ltr'><strong>cum</strong></span> <span class='ocrx_word' id='word_1_355' title='bbox 2922 3758 3191 3834; x_wconf 85' lang='lat' dir='ltr'><strong>praesa-</strong></span> 
     </span>
     <span class='ocr_line' id='line_1_35' title="bbox 603 3858 3191 3933; baseline 0.002 -17"><span class='ocrx_word' id='word_1_356' title='bbox 603 3858 766 3917; x_wconf 87' lang='lat' dir='ltr'><strong>tione</strong></span> <span class='ocrx_word' id='word_1_357' title='bbox 806 3874 918 3917; x_wconf 86' lang='lat' dir='ltr'><strong>sua</strong></span> <span class='ocrx_word' id='word_1_358' title='bbox 959 3858 1227 3919; x_wconf 87' lang='lat' dir='ltr'><strong>codicem</strong></span> <span class='ocrx_word' id='word_1_359' title='bbox 1263 3860 1447 3932; x_wconf 57' lang='lat' dir='ltr'><strong>leuat,</strong></span> <span class='ocrx_word' id='word_1_360' title='bbox 1497 3874 1670 3933; x_wconf 85' lang='lat' dir='ltr'><strong>quem</strong></span> <span class='ocrx_word' id='word_1_361' title='bbox 1711 3866 1923 3918; x_wconf 89' lang='lat' dir='ltr'><strong>nostra</strong></span> <span class='ocrx_word' id='word_1_362' title='bbox 1966 3860 2319 3919; x_wconf 86' lang='lat' dir='ltr'><strong>curiositate</strong></span> <span class='ocrx_word' id='word_1_363' title='bbox 2351 3859 2755 3932; x_wconf 83' lang='lat' dir='ltr'><strong>formavimus</strong></span> <span class='ocrx_word' id='word_1_364' title='bbox 2770 3905 2787 3933; x_wconf 90' lang='lat'><strong>,</strong></span> <span class='ocrx_word' id='word_1_365' title='bbox 2854 3860 2921 3920; x_wconf 90' lang='lat' dir='ltr'><strong>id</strong></span> <span class='ocrx_word' id='word_1_366' title='bbox 2962 3868 3049 3921; x_wconf 87' lang='lat' dir='ltr'><strong>est</strong></span> <span class='ocrx_word' id='word_1_367' title='bbox 3084 3878 3191 3921; x_wconf 86' lang='lat' dir='ltr'><strong>ar-</strong></span> 
     </span>
     <span class='ocr_line' id='line_1_36' title="bbox 603 3960 3189 4039; baseline 0.002 -22"><span class='ocrx_word' id='word_1_368' title='bbox 603 3966 719 4018; x_wconf 88' lang='lat' dir='ltr'><strong>tem</strong></span> <span class='ocrx_word' id='word_1_369' title='bbox 763 3960 1006 4033; x_wconf 88' lang='lat' dir='ltr'><strong>Donati,</strong></span> <span class='ocrx_word' id='word_1_370' title='bbox 1053 3963 1158 4021; x_wconf 89' lang='lat' dir='ltr'><strong>cui</strong></span> <span class='ocrx_word' id='word_1_371' title='bbox 1197 3962 1274 4019; x_wconf 83' lang='lat' dir='ltr'><strong>de</strong></span> <span class='ocrx_word' id='word_1_372' title='bbox 1317 3960 1761 4035; x_wconf 70' lang='lat' dir='ltr'><strong>orthoqraphia</strong></span> <span class='ocrx_word' id='word_1_373' title='bbox 1803 3961 2025 4021; x_wconf 86' lang='lat' dir='ltr'><strong>librum</strong></span> <span class='ocrx_word' id='word_1_374' title='bbox 2067 3968 2125 4021; x_wconf 89' lang='lat' dir='ltr'><strong>et</strong></span> <span class='ocrx_word' id='word_1_375' title='bbox 2169 3962 2355 4021; x_wconf 86' lang='lat' dir='ltr'><strong>alium</strong></span> <span class='ocrx_word' id='word_1_376' title='bbox 2399 3962 2475 4021; x_wconf 90' lang='lat' dir='ltr'><strong>de</strong></span> <span class='ocrx_word' id='word_1_377' title='bbox 2517 3964 2877 4039; x_wconf 74' lang='lat' dir='ltr'><strong>etymoloqia</strong></span> <span class='ocrx_word' id='word_1_378' title='bbox 2930 3966 3189 4024; x_wconf 86' lang='lat' dir='ltr'><strong>inserui-</strong></span> 
     </span>
     <span class='ocr_line' id='line_1_37' title="bbox 601 4060 3188 4138; baseline 0.002 -17"><span class='ocrx_word' id='word_1_379' title='bbox 601 4078 750 4136; x_wconf 89' lang='lat' dir='ltr'><strong>mus,</strong></span> <span class='ocrx_word' id='word_1_380' title='bbox 799 4069 1082 4138; x_wconf 83' lang='lat' dir='ltr'><strong>quartum</strong></span> <span class='ocrx_word' id='word_1_381' title='bbox 1111 4080 1344 4138; x_wconf 83' lang='lat' dir='ltr'><strong>quoque</strong></span> <span class='ocrx_word' id='word_1_382' title='bbox 1384 4063 1460 4122; x_wconf 88' lang='lat' dir='ltr'><strong>de</strong></span> <span class='ocrx_word' id='word_1_383' title='bbox 1497 4063 1895 4124; x_wconf 77' lang='lat' dir='ltr'><strong>schematibus</strong></span> <span class='ocrx_word' id='word_1_384' title='bbox 1934 4064 2284 4124; x_wconf 87' lang='lat' dir='ltr'><strong>Sacerdotis</strong></span> <span class='ocrx_word' id='word_1_385' title='bbox 2322 4065 2733 4124; x_wconf 77' lang='lat' dir='ltr'><strong>adiunximus.</strong></span> <span class='ocrx_word' id='word_1_386' title='bbox 2780 4060 2971 4126; x_wconf 88' lang='lat' dir='ltr'><strong>huius</strong></span> <span class='ocrx_word' id='word_1_387' title='bbox 3010 4062 3188 4125; x_wconf 89' lang='lat' dir='ltr'><strong>modi</strong></span> 
     </span>
     <span class='ocr_line' id='line_1_38' title="bbox 601 4159 3189 4248; baseline 0.001 -25"><span class='ocrx_word' id='word_1_388' title='bbox 601 4160 826 4225; x_wconf 89' lang='lat' dir='ltr'><strong>codice</strong></span> <span class='ocrx_word' id='word_1_389' title='bbox 869 4159 1128 4225; x_wconf 86' lang='lat' dir='ltr'><strong>videtur</strong></span> <span class='ocrx_word' id='word_1_390' title='bbox 1170 4184 1328 4225; x_wconf 89' lang='lat' dir='ltr'><strong>usus</strong></span> <span class='ocrx_word' id='word_1_391' title='bbox 1373 4182 1515 4225; x_wconf 88' lang='lat' dir='ltr'><strong>esse</strong></span> <span class='ocrx_word' id='word_1_392' title='bbox 1558 4160 1854 4241; x_wconf 77' lang='lat' dir='ltr'><strong>RufinuS,</strong></span> <span class='ocrx_word' id='word_1_393' title='bbox 1900 4163 2013 4248; x_wconf 88' lang='lat' dir='ltr'><strong>qui</strong></span> <span class='ocrx_word' id='word_1_394' title='bbox 2056 4162 2225 4223; x_wconf 86' lang='lat' dir='ltr'><strong>inter</strong></span> <span class='ocrx_word' id='word_1_395' title='bbox 2269 4163 2615 4246; x_wconf 89' lang='lat' dir='ltr'><strong>scriptores</strong></span> <span class='ocrx_word' id='word_1_396' title='bbox 2660 4163 2771 4247; x_wconf 86' lang='lat' dir='ltr'><strong>qui</strong></span> <span class='ocrx_word' id='word_1_397' title='bbox 2814 4185 3189 4229; x_wconf 86' lang='lat' dir='ltr'><strong>mensuram</strong></span> 
     </span>
     <span class='ocr_line' id='line_1_39' title="bbox 602 4261 3189 4351; baseline 0.002 -26"><span class='ocrx_word' id='word_1_398' title='bbox 602 4284 744 4327; x_wconf 89' lang='lat' dir='ltr'><strong>esse</strong></span> <span class='ocrx_word' id='word_1_399' title='bbox 785 4264 858 4327; x_wconf 87' lang='lat' dir='ltr'><strong>in</strong></span> <span class='ocrx_word' id='word_1_400' title='bbox 899 4261 1141 4327; x_wconf 84' lang='lat' dir='ltr'><strong>fabulis</strong></span> <span class='ocrx_word' id='word_1_401' title='bbox 1186 4261 1475 4327; x_wconf 87' lang='lat' dir='ltr'><strong>Terentii</strong></span> <span class='ocrx_word' id='word_1_402' title='bbox 1531 4273 1596 4327; x_wconf 91' lang='lat' dir='ltr'><strong>et</strong></span> <span class='ocrx_word' id='word_1_403' title='bbox 1635 4261 1855 4327; x_wconf 90' lang='lat' dir='ltr'><strong>Plauti</strong></span> <span class='ocrx_word' id='word_1_404' title='bbox 1915 4262 2220 4326; x_wconf 82' lang='lat' dir='ltr'><strong>dicebant</strong></span> <span class='ocrx_word' id='word_1_405' title='bbox 2272 4285 2336 4348; x_wconf 92' lang='lat' dir='ltr'><strong>p.</strong></span> <span class='ocrx_word' id='word_1_406' title='bbox 2384 4270 2549 4334; x_wconf 89' lang='grc'>2713</span> <span class='ocrx_word' id='word_1_407' title='bbox 2606 4266 2791 4351; x_wconf 88' lang='lat' dir='ltr'><strong>ponit</strong></span> <span class='ocrx_word' id='word_1_408' title='bbox 2846 4264 3189 4332; x_wconf 82' lang='lat' dir='ltr'><strong>‘Sacerdo-</strong></span> 
     </span>
     <span class='ocr_line' id='line_1_40' title="bbox 601 4364 3189 4454; baseline 0.002 -27"><span class='ocrx_word' id='word_1_409' title='bbox 601 4372 751 4445; x_wconf 87' lang='lat' dir='ltr'><strong>tem,</strong></span> <span class='ocrx_word' id='word_1_410' title='bbox 798 4365 909 4450; x_wconf 92' lang='lat' dir='ltr'><strong>qui</strong></span> <span class='ocrx_word' id='word_1_411' title='bbox 955 4374 1019 4429; x_wconf 89' lang='lat' dir='ltr'><strong>et</strong></span> <span class='ocrx_word' id='word_1_412' title='bbox 1061 4364 1412 4446; x_wconf 82' lang='lat' dir='ltr'><strong>Donatus’,</strong></span> <span class='ocrx_word' id='word_1_413' title='bbox 1459 4374 1524 4429; x_wconf 89' lang='lat' dir='ltr'><strong>et</strong></span> <span class='ocrx_word' id='word_1_414' title='bbox 1565 4366 1737 4427; x_wconf 86' lang='lat' dir='ltr'><strong>inter</strong></span> <span class='ocrx_word' id='word_1_415' title='bbox 1780 4386 1891 4428; x_wconf 89' lang='lat' dir='ltr'><strong>eos</strong></span> <span class='ocrx_word' id='word_1_416' title='bbox 1941 4364 2053 4449; x_wconf 91' lang='lat' dir='ltr'><strong>qui</strong></span> <span class='ocrx_word' id='word_1_417' title='bbox 2082 4364 2317 4428; x_wconf 86' lang='lat' dir='ltr'><strong>Latine</strong></span> <span class='ocrx_word' id='word_1_418' title='bbox 2362 4365 2443 4430; x_wconf 90' lang='lat' dir='ltr'><strong>de</strong></span> <span class='ocrx_word' id='word_1_419' title='bbox 2472 4368 2755 4431; x_wconf 90' lang='lat' dir='ltr'><strong>numeris</strong></span> <span class='ocrx_word' id='word_1_420' title='bbox 2787 4370 3189 4454; x_wconf 81' lang='lat' dir='ltr'><strong>scripserunt</strong></span> 
     </span>
     <span class='ocr_line' id='line_1_41' title="bbox 600 4465 3189 4553; baseline 0.003 -24"><span class='ocrx_word' id='word_1_421' title='bbox 600 4489 664 4552; x_wconf 90' lang='lat' dir='ltr'><strong>p.</strong></span> <span class='ocrx_word' id='word_1_422' title='bbox 714 4474 878 4536; x_wconf 89' lang='grc'>2720</span> <span class='ocrx_word' id='word_1_423' title='bbox 932 4467 1266 4532; x_wconf 87' lang='lat' dir='ltr'><strong>Donatum</strong></span> <span class='ocrx_word' id='word_1_424' title='bbox 1323 4476 1387 4531; x_wconf 87' lang='lat' dir='ltr'><strong>et</strong></span> <span class='ocrx_word' id='word_1_425' title='bbox 1440 4490 1504 4553; x_wconf 93' lang='lat' dir='ltr'><strong>p.</strong></span> <span class='ocrx_word' id='word_1_426' title='bbox 1561 4473 1729 4535; x_wconf 89' lang='grc'>2723</span> <span class='ocrx_word' id='word_1_427' title='bbox 1787 4468 2107 4551; x_wconf 87' lang='lat' dir='ltr'><strong>quaedam</strong></span> <span class='ocrx_word' id='word_1_428' title='bbox 2164 4465 2245 4531; x_wconf 84' lang='lat' dir='ltr'><strong>de</strong></span> <span class='ocrx_word' id='word_1_429' title='bbox 2298 4490 2564 4533; x_wconf 90' lang='lat' dir='ltr'><strong>numero</strong></span> <span class='ocrx_word' id='word_1_430' title='bbox 2620 4472 2899 4536; x_wconf 87' lang='lat' dir='ltr'><strong>oratorio</strong></span> <span class='ocrx_word' id='word_1_431' title='bbox 2958 4472 3019 4535; x_wconf 91' lang='lat' dir='ltr'><strong>ei</strong></span> <span class='ocrx_word' id='word_1_432' title='bbox 3074 4472 3189 4536; x_wconf 80' lang='lat' dir='ltr'><strong>tri—</strong></span> 
     </span>
     <span class='ocr_line' id='line_1_42' title="bbox 600 4568 3183 4652; baseline 0.002 -21"><span class='ocrx_word' id='word_1_433' title='bbox 600 4568 773 4649; x_wconf 88' lang='lat' dir='ltr'><strong>buit,</strong></span> <span class='ocrx_word' id='word_1_434' title='bbox 842 4574 1120 4633; x_wconf 86' lang='lat' dir='ltr'><strong>Donatus</strong></span> <span class='ocrx_word' id='word_1_435' title='bbox 1173 4576 1248 4634; x_wconf 88' lang='lat' dir='ltr'><strong>de</strong></span> <span class='ocrx_word' id='word_1_436' title='bbox 1300 4576 1619 4635; x_wconf 87' lang='lat' dir='ltr'><strong>structuris</strong></span> <span class='ocrx_word' id='word_1_437' title='bbox 1670 4580 1731 4632; x_wconf 86' lang='lat' dir='ltr'><strong>et</strong></span> <span class='ocrx_word' id='word_1_438' title='bbox 1770 4574 2033 4647; x_wconf 90' lang='lat' dir='ltr'><strong>pedibus</strong></span> <span class='ocrx_word' id='word_1_439' title='bbox 2087 4575 2373 4633; x_wconf 86' lang='lat' dir='ltr'><strong>oratoriis</strong></span> <span class='ocrx_word' id='word_1_440' title='bbox 2426 4592 2811 4637; x_wconf 84' lang='lat' dir='ltr'><strong>numerorum</strong></span> <span class='ocrx_word' id='word_1_441' title='bbox 2864 4579 2955 4639; x_wconf 85' lang='lat' dir='ltr'><strong>sic</strong></span> <span class='ocrx_word' id='word_1_442' title='bbox 3008 4580 3183 4652; x_wconf 85' lang='lat' dir='ltr'><strong>dicit,</strong></span> 
     </span>
     <span class='ocr_line' id='line_1_43' title="bbox 603 4674 3187 4751; baseline 0.003 -17"><span class='ocrx_word' id='word_1_443' title='bbox 603 4674 812 4735; x_wconf 84' lang='lat' dir='ltr'><strong>Cicero</strong></span> <span class='ocrx_word' id='word_1_444' title='bbox 856 4676 917 4735; x_wconf 91' lang='lat' dir='ltr'><strong>in</strong></span> <span class='ocrx_word' id='word_1_445' title='bbox 961 4678 1360 4737; x_wconf 80' lang='lat' dir='ltr'><strong>exornatione</strong></span> <span class='ocrx_word' id='word_1_446' title='bbox 1403 4676 1733 4736; x_wconf 85' lang='lat' dir='ltr'><strong>sententiae</strong></span> <span class='ocrx_word' id='word_1_447' title='bbox 1772 4676 2167 4751; x_wconf 86' lang='lat' dir='ltr'><strong>clausulaque</strong></span> <span class='ocrx_word' id='word_1_448' title='bbox 2196 4679 2493 4751; x_wconf 86' lang='lat' dir='ltr'><strong>ponenda</strong></span> <span class='ocrx_word' id='word_1_449' title='bbox 2536 4681 2713 4740; x_wconf 89' lang='lat' dir='ltr'><strong>modo</strong></span> <span class='ocrx_word' id='word_1_450' title='bbox 2768 4680 3187 4741; x_wconf 88' lang='lat' dir='ltr'><strong>ditrochaeum</strong></span> 
     </span>
    </p>
   </div>
  </div>
 </body>
</html>
