3434 5442
943 357 1362 420 EXPLANAT.
1410 357 1486 420 ΙΝ
1533 357 1891 420 DONATVM
1934 357 2077 421 ΠΒ.
2122 359 2147 420 1
2710 365 2831 429 531

364 463 400 506 f.
427 465 480 510 58
507 465 606 507 eod.
633 465 738 506 Lav-
2410 475 2453 516 p·
2483 467 2572 509 582.
2601 467 2651 509 3³
2680 467 2734 508 V.

252 546 411 606 inter
453 543 571 626 se].
647 545 752 606 sed
797 544 915 606 hoc
956 546 1034 607 de
1075 543 1270 606 media
1313 545 1590 625 prosodia
1633 546 1802 615 satiS‚
1849 563 1967 626 quo
2008 547 2143 626 quis
2184 547 2331 608 sciat
2372 564 2505 609 esse
2548 564 2835 625 quaeren-

251 645 412 708 dam.
503 650 767 708 ceterum
831 648 932 728 qui
995 647 1150 708 hanc
1215 648 1518 726 ignorant,
1582 649 1718 728 quia
1777 645 1900 710 sola
1954 655 2246 710 noverunt
2298 667 2451 730 quae
2505 652 2569 711 in
2622 648 2841 712 scholis

253 746 638 820 studuerunt,
685 767 807 810 non
851 757 990 810 sunt
1031 749 1327 828 culpandi.
1389 749 1491 812 sed
1537 768 1649 810 nec
1691 751 2039 829 magistros,
2084 752 2185 831 qui
2230 730 2353 814 tres
2397 751 2551 814 solas
2596 751 2839 814 demon·-

251 857 479 920 strant,
537 851 760 912 erroris
813 851 1141 930 arguerim,
1207 853 1258 912 si
1314 851 1492 913 modo
1535 851 1652 912 hoc
1695 851 1948 914 docendi
1992 870 2165 914 causa
2209 852 2460 924 faciunt,
2506 872 2639 916 cum
2684 854 2843 935 ipsos

253 959 467 1030 quarta
513 971 632 1014 non
676 951 872 1015 lateat.
937 949 1088 1032 [tres
1131 953 1439 1034 prosodias
1481 954 1542 1014 in
1587 972 1694 1015 usu
1743 972 1871 1015 esse
1915 955 2069 1016 scire
2113 962 2349 1035 oportet
2391 965 2449 1016 et
2494 976 2529 1010 ο
2579 955 2592 1040 1
2648 956 2840 1018 media
2870 974 2895 1014 s

253 1062 484 1126 autem,
539 1073 692 1136 quae
745 1057 908 1116 inter
961 1053 1108 1116 duas
1165 1056 1332 1136 quasi
1385 1054 1556 1116 limes
1613 1063 1729 1125 est,
1792 1056 1949 1136 quod
2006 1040 2301 1134 gravioris'
2346 1075 2519 1136 quam
2569 1059 2845 1120 acutioris

254 1155 510 1218 similior
553 1167 672 1228 est,
717 1159 780 1218 in
822 1155 1124 1220 inferioris
1166 1159 1364 1238 potius
1403 1175 1582 1238 quam
1639 1159 1964 1237 superioris
2020 1175 2333 1220 numerum
2378 1157 2695 1238 relegatur.
2782 1163 2845 1220 in

255 1257 375 1320 hoc
435 1259 593 1320 enim
652 1259 780 1320 fere
833 1258 1312 1320 doctissimorum
1369 1275 1696 1321 consensus
1754 1265 1874 1329 est,
1932 1267 2161 1322 acutam
2222 1259 2355 1340 plus
2397 1277 2513 1322 una
2558 1263 2621 1322 in
2665 1262 2845 1324 verbo

257 1379 390 1424 esse
433 1378 554 1423 non
595 1379 800 1442 posse,
846 1379 1054 1440 graves
1099 1378 1232 1422 esse
1275 1359 1645 1442 conplures.]

427 1463 772 1527 Prosodiam
817 1462 900 1525 ibi
943 1481 1074 1526 esse
1118 1462 1396 1534 dicimus,
1452 1461 1556 1525 ubi
1598 1469 1700 1524 aut
1753 1479 1989 1524 sursum
2034 1473 2125 1524 est
2166 1469 2269 1525 aut
2311 1463 2605 1526 deorsum.
2694 1479 2921 1546 quaem

257 1565 572 1627 demissior
627 1573 716 1626 est
773 1564 981 1647 [quae]
1037 1583 1072 1625 a
1125 1562 1394 1645 pluribus
1448 1563 1689 1645 βαρεῖα
1744 1563 2072 1646 appellatur
2133 1565 2385 1637 Graece,
2442 1547 2651 1629 Latine
2709 1585 2847 1629 vero

257 1668 486 1745 gravia,
544 1666 681 1728 ideo
735 1666 893 1748 quod
951 1666 1232 1731 deorsum
1287 1675 1377 1728 est
1421 1667 1485 1726 in
1527 1665 1668 1728 sede
1709 1665 1939 1728 seilicet
1980 1666 2312 1747 ponderum
2356 1669 2714 1746 graviorum.
2790 1676 2849 1732 at

259 1787 392 1831 eam
439 1787 590 1850 quae
633 1787 868 1831 sursum
914 1775 1004 1829 est
1047 1766 1305 1830 Glaucus
1351 1762 1856 1848 ἐπιτεταμένην,
1901 1769 2043 1832 item
2090 1769 2239 1831 alius
2282 1767 2479 1841 aliter,
2524 1770 2629 1834 sed
2674 1789 2848 1832 nemo

258 1871 454 1934 adhuc
497 1870 686 1933 levem
731 1873 990 1940 vocavit,
1036 1871 1300 1950 quamvis
1342 1869 1402 1930 id
1448 1877 1577 1931 erat
1617 1871 1782 1948 gravi
1825 1871 2220 1941 contrarium3
2267 1889 2470 1936 verum
2516 1890 2583 1934 ea
2630 1890 2849 1934 nomen

263 1972 495 2035 obtinet
547 1965 800 2048 ὀξεῖαν,
856 1973 1064 2034 Latine
1119 1979 1316 2042 acuta,
1373 1971 1508 2032 ideo
1565 1970 1722 2051 quod
1779 1973 1974 2033 tenuis
2029 1980 2089 2033 et
2144 1991 2322 2034 omne
2366 1979 2601 2035 acutum
2644 1981 2842 2037 tenue.
2874 1989 2923 2032 ιε»

259 2077 422 2136 inter
477 2075 584 2137 has
628 2081 717 2136 est
757 2071 958 2155 μέση,
1015 2074 1222 2135 Latine
1265 2073 1488 2144 media,
1545 2075 1680 2152 quia
1725 2072 1894 2136 limes
1938 2082 2057 2143 est,
2104 2077 2432 2155 per'quem
2476 2075 2629 2138 duae
2672 2094 2846 2156 supra

263 2177 460 2239 dictae
512 2177 670 2239 ultro
739 2177 1006 2256 citroque
1069 2183 1423 2238 commeant.
1511 2181 1757 2256 quartae
1820 2173 1933 2246 illi,
2002 2174 2368 2258 [coniungit]
2428 2177 2566 2258 quia
2631 2181 2849 2240 ceteris

261 2277 605 2360 perplexior
671 2285 795 2354 est,
865 2277 1034 2358 plura
1101 2285 1240 2339 sunt
1305 2275 1608 2338 vocabula.
1694 2277 2042 2341 Ammonius
2095 2277 2511 2351 Alexandr-ius,
2572 2282 2675 2361 qui
2716 2282 2849 2342 Ari-

261 2379 488 2442 starchi
564 2379 802 2443 scholae
877 2381 1189 2449 successit,
1271 2372 1614 2458 ὀξύβαρνν
1677 2386 1874 2449 vocat,
1954 2377 2230 2460 Ephorus
2294 2385 2491 2444 autem
2560 2381 2850 2461 Cymaeus

261 2482 701 2564 περίσπασιν,
759 2482 1071 2562 Dionysius
1122 2481 1432 2562 Olympius
1485 2477 1793 2551 δίτονον,
1850 2481 2267 2544 Hermocrates
2318 2482 2502 2545 Iasius
2558 2477 2847 2564 σύμπλε·
2874 2499 2925 2541 20

261 2603 458 2656 κτον,
515 2583 907 2666 Epicharmus
949 2583 1296 2662 Syracusius
1340 2577 1833 2662 κεκλασμένηνς
1892 2599 2096 2644 verum
2142 2601 2209 2646 ea
2254 2601 2413 2646 nunc
2456 2583 2531 2647 ab
2576 2585 2850 2660 omnibus

259 2682 736 2767 περισπωμένη
803 2686 1028 2748 Graece
1093 2692 1362 2754 vocatur,
1428 2683 1584 2763 apud
1657 2701 1765 2744 nos
1827 2683 1974 2746 flexa
1990 2732 2005 2756 ‚
2062 2685 2339 2766 quoniam
2397 2687 2591 2768 prima
2651 2695 2851 2750 erecta

262 2807 474 2852 rursus
515 2789 582 2850 in
624 2806 860 2868 gravem
905 2787 1180 2862 flectitur.
1269 2793 1439 2847 acuta
1496 2784 1702 2847 exilior
1746 2793 1807 2848 et
1849 2784 2083 2848 brevior
2128 2796 2187 2848 et
2230 2788 2393 2849 omni
2436 2788 2612 2850 modo
2656 2791 2851 2852 minor

263 2899 357 2952 est
418 2908 592 2973 quam
655 2892 876 2970 gravis,
935 2897 1003 2951 ut
1057 2897 1147 2950 est
1201 2886 1374 2950 facile
1428 2905 1501 2948 ex
1556 2887 1779 2948 musica
1824 2904 2217 2965 cognoscere,
2263 2891 2430 2952 cuius
2473 2891 2667 2970 imago
2710 2909 2849 2972 pro·
2944 2941 2949 2946 .

261 2991 452 3054 sodia.
541 3003 684 3054 nam
725 2999 786 3054 et
835 2992 899 3052 in
943 2989 1168 3052 cithara
1213 2991 1493 3069 omnique
1535 2987 1817 3069 psalterio
1861 3007 1979 3069 quo
2024 3007 2293 3070 quaeque
2336 2991 2560 3052 chorda
2604 2994 2846 3065 acutior,
2874 3005 2927 3050 ιε

445 3183 476 3236 1
511 3181 610 3231 hoc
645 3181 710 3232 de
745 3179 915 3230 media
950 3176 1192 3244 prosodia
1225 3193 1255 3227 ο
1299 3175 1396 3228 hoc
1423 3176 1620 3226 mediae
1657 3176 1929 3242 prosodiae
1959 3177 2004 3227 L
2036 3175 2089 3228 hi
2126 3177 2327 3228 nundine
2364 3179 2633 3246 prosodiae
2670 3179 2713 3231 0

263 3253 298 3302 2
338 3266 470 3318 quae
503 3251 557 3301 in
588 3249 776 3300 scholis
808 3249 1109 3300 studuerunt
1131 3263 1160 3296 v
1191 3261 1323 3311 quae
1357 3245 1512 3297 scolis
1556 3246 1823 3296 studerunt
1857 3244 1951 3296 LO
2086 3249 2121 3296 4
2154 3243 2273 3312 hoc]
2309 3247 2433 3298 haec
2463 3248 2505 3300 0
2646 3249 2787 3317 ipsos
2819 3267 2849 3301 ο

263 3323 408 3388 ipsas
451 3319 541 3371 Lo
677 3321 710 3371 5
747 3329 851 3370 tres
892 3318 1161 3383 prosodias
1195 3343 1260 3352 —
1295 3316 1330 3368 9
1368 3331 1482 3367 esse
1505 3316 1775 3381 conplures
1817 3323 2019 3382 postea,
2054 3324 2107 3367 ut
2141 3317 2373 3378 videm,
2414 3321 2680 3383 adscripta
2714 3327 2847 3375 mi.

269 3408 390 3443 m
414 3407 546 3457 quae
571 3392 637 3442 de
658 3389 822 3440 media
853 3389 1098 3452 prosodia
1131 3385 1222 3438 hoc
1255 3387 1366 3439 loco
1389 3387 1775 3450 praecipiuntur
1806 3401 1912 3436 ceam
1944 3386 2022 3438 Ιώ
2052 3401 2181 3452 quae
2212 3403 2371 3452 supra
2408 3387 2529 3455 530,
2566 3389 2635 3442 26
2655 3391 2852 3456 scripta

263 3470 385 3512 sunt
430 3468 658 3526 pazonam
690 3467 744 3510 et
775 3474 884 3509 eam
925 3460 1096 3523 pocius
1129 3457 1374 3508 rationem
1407 3457 1550 3524 sequi
1583 3457 1829 3517 uidentur,
1867 3463 1923 3506 ut
1952 3457 2114 3506 media
2139 3458 2205 3508 sie
2238 3459 2348 3540 {pse
2382 3459 2729 3540 circumflexus
2763 3475 2851 3510 ac-

263 3539 470 3583 centus.-
511 3532 578 3594 ef.
616 3529 770 3582 schol.
807 3529 956 3579 Dion.
1018 3527 1202 3580 Pla-ac.
1251 3524 1442 3592 (Bekle.
1495 3526 1674 3577 anecd.
1711 3525 1782 3590 11)
1816 3539 1871 3589 p.
1910 3525 2012 3576 684
2030 3562 2043 3584 ,
2076 3526 2147 3578 23
2200 3541 2267 3578 το
2299 3521 2407 3591 μὲν
2452 3541 2558 3580 ουν
2593 3520 2851 3588 ἐπίτασις

267 3594 448 3666 ἔτέθὴ
485 3592 548 3652 ἐν
581 3597 657 3666 τῷ
690 3589 904 3663 ὁρισμῷ
939 3589 1039 3648 διὰ
1071 3591 1177 3662 τὴν
1207 3585 1428 3660 ὀξεῖαν,
1461 3587 1525 3647 τὸ
1563 3587 1627 3647 δὲ
1661 3585 1853 3654 ἄνεσις
1878 3588 1977 3646 διὰ
2003 3587 2109 3662 τὴν
2144 3593 2404 3661 βαρεῖαν,
2428 3589 2496 3650 τὸ
2518 3589 2851 3663 δὲμεσότης

268 3661 371 3720 διὰ
395 3661 501 3733 τήν
523 3659 976 3732 περισπωμὲνην.
1001 3668 1204 3724 lacuna,
1239 3680 1384 3731 quam
1415 3665 1652 3724 indicavi,
1691 3663 1913 3729 definitio
1934 3665 2207 3728 prosodiae
2241 3667 2521 3729 superioris
2553 3668 2633 3716 vel
2664 3671 2852 3718 ocutio-

265 3742 367 3802 ris,
399 3738 662 3800 inferioris
695 3737 772 3784 vel
799 3737 1056 3800 gravioria
1094 3743 1142 3786 et
1179 3735 1372 3786 mediae
1394 3773 1407 3794 ,
1445 3751 1576 3800 quae
1611 3739 1851 3798 ‘propior
1878 3741 2135 3801 utramque
2169 3742 2274 3796 est,
2308 3751 2453 3800 quom
2493 3739 2586 3786 illa
2618 3739 2853 3800 superior

265 3817 317 3860 et
351 3808 569 3870 inferior
603 3810 734 3856 inter
768 3805 864 3868 κ’,
901 3805 1155 3856 excidisse
1184 3805 1380 3856 videtur
1516 3804 1552 3856 6
1575 3805 1722 3868 quusi
1749 3806 1878 3855 inest
1908 3802 1951 3854 0
2089 3807 2119 3854 7
2156 3804 2370 3856 similior
2408 3812 2485 3856 est
2513 3822 2543 3856 υ
2577 3806 2850 3857 similiores

269 3875 368 3928 LO
471 3887 550 3928 est
581 3875 838 3926 inferioris
859 3873 900 3925 O
993 3890 1143 3939 quam
1181 3875 1457 3940 superioris
1481 3891 1510 3924 v
1539 3889 1693 3938 quam
1721 3875 2041 3940 superiorum
2081 3873 2173 3924 LO
2278 3876 2343 3926 10
2374 3877 2671 3942 prosodiam
2696 3877 2777 3935 ,ibi
2803 3876 2850 3924 L

416 3946 475 3997 11
517 3961 646 4009 quae
693 3945 852 3994 altero
884 3947 991 3994 loco
1025 3947 1167 3995 uncis
1202 3945 1393 3996 notavit
1439 3945 1605 3994 editor
1645 3943 2067 4000 Vindobonemo.
2114 3945 2340 4008 sortasse
2370 3953 2533 3996 tamen
2566 3954 2686 3997 ante
2720 3961 2853 4011 quae

267 4016 544 4067 demissior
579 4025 655 4066 est
691 4017 982 4065 accuratior
1013 4015 1235 4079 definitio
1261 4015 1543 4078 prosodiae
1575 4029 1706 4079 quae
1728 4015 1964 4064 deorsum
1991 4021 2071 4065 eet
2105 4015 2303 4065 est-cidit
2397 4013 2605 4080 βαρεῖα
2642 4033 2673 4066 ο
2706 4016 2849 4065 uaria

267 4084 364 4137 LO
509 4086 572 4136 12
611 4093 662 4134 at
697 4099 808 4134 eam
856 4099 986 4149 quae
1016 4099 1219 4136 sursum
1254 4094 1331 4134 est
1365 4101 1395 4134 o
1431 4093 1482 4134 at
1517 4097 1733 4147 eamque
1768 4097 1968 4134 rursum
2000 4091 2077 4134 est
2114 4084 2161 4132 L
2196 4083 2266 4133 ad
2305 4099 2418 4135 eam
2456 4099 2661 4135 sursum
2695 4094 2773 4136 ost
2808 4083 2851 4134 0

413 4153 477 4206 13
507 4155 877 4222 epitetamenen
915 4152 1008 4204 LO
1174 4169 1322 4204 nemo
1357 4169 1448 4205 om.
1484 4151 1527 4203 Ο
1705 4153 1769 4206 14
1804 4154 1981 4220 granis
2014 4153 2321 4203 contrarium
2354 4154 2404 4204 ei
2435 4167 2623 4204 numen
2660 4155 2853 4206 obtinet

263 4225 424 4276 oxion
459 4223 502 4274 0
641 4239 828 4274 numen
865 4226 1058 4291 optinet
1089 4225 1242 4274 oxian
1287 4224 1332 4273 L
1499 4223 1566 4274 16
1603 4239 1741 4273 mese
1778 4220 1819 4273 O
1856 4237 1909 4272 re
1944 4237 2083 4272 mese
2120 4223 2301 4274 deletis
2333 4239 2390 4273 re
2419 4225 2603 4274 titteris
2632 4225 2680 4274 L

269 4297 336 4347 17
367 4303 652 4346 commeant
678 4312 708 4346 υ
734 4301 1036 4345 commentat
1070 4292 1162 4344 LO
1323 4301 1501 4358 quarte
1536 4293 1612 4343 illi
1647 4293 1913 4359 coniungit
1948 4291 2109 4356 liquis
2146 4293 2329 4343 ceteris
2366 4293 2415 4343 L
2437 4307 2597 4356 quare
2621 4294 2693 4344 illi
2728 4309 2851 4346 con-

267 4365 457 4432 iungit.
495 4365 643 4428 liquit
668 4379 700 4414 a
725 4365 939 4414 caeteris
968 4363 1013 4414 Ο
1043 4371 1251 4429 quartae
1280 4363 1370 4423 illi,
1406 4377 1537 4425 quse
1571 4363 1773 4429 priores
1804 4363 1933 4413 duas
1968 4363 2249 4428 coniungit,
2287 4364 2406 4426 quis
2440 4364 2621 4414 ceteris
2649 4379 2698 4418 υ.
2736 4365 2855 4418 milei

262 4433 580 4502 probabilius
613 4435 767 4485 vietam
793 4441 870 4484 eat
891 4434 1155 4500 coniungit
1190 4449 1262 4484 ex
1292 4435 1616 4484 adnotatione
1643 4435 1815 4500 aliqua
1851 4435 1965 4482 olim
1998 4432 2263 4495 adscripta
2286 4433 2381 4482 huc
2405 4432 2611 4483 intactam
2640 4449 2755 4486 esse

271 4505 339 4558 18
371 4504 694 4556 hammonius
731 4504 781 4553 L
918 4503 1200 4554 alixondris
1234 4517 1373 4559 cor-r,
1407 4503 1578 4554 -drius
1602 4501 1652 4550 L
1791 4502 1878 4566 qui
1908 4503 2139 4552 aristarci
2168 4503 2339 4553 scolae
2364 4499 2530 4567 (corr.⁴
2556 4503 2744 4554 scollae
2775 4503 2849 4564 L)

267 4575 518 4627 successit
553 4575 785 4625 oxibarin
823 4571 916 4623 LO
1087 4573 1156 4624 20
1191 4573 1482 4639 perispasiu
1521 4571 1610 4623 LO
1783 4572 2047 4638 dyonisius
2095 4571 2371 4638 olimphius
2406 4568 2447 4621 O
2617 4571 2853 4625 δίτονον

267 4645 570 4698 voraremus
604 4645 669 4695 de
702 4645 1106 4708 pronuntiatione
1135 4645 1256 4708 lina.
1297 4644 1420 4699 Lat.
1466 4644 1508 4693 11
1541 4660 1599 4708 p.
1638 4640 1741 4692 208
1770 4657 1972 4708 aponon
2010 4640 2103 4691 LO
2138 4631 2351 4693 ἄτονον
2384 4657 2413 4691 υ
2551 4642 2849 4709 simplecton

271 4717 348 4766 L:
369 4713 645 4780 implecton
685 4716 970 4780 epicarmus
998 4713 1278 4763 siracusius
1313 4709 1356 4761 0
1495 4714 1557 4764 21
1585 4721 1905 4762 cetasmenen
1930 4711 2025 4762 LO
2161 4713 2229 4761 2²
2264 4725 2631 4776 perespomene
2656 4710 2749 4763 LO

269 4787 438 4853 prima
471 4787 492 4835 l
527 4784 692 4850 primo
733 4783 824 4834 Lo
998 4783 1065 4832 23
1102 4784 1154 4833 in
1191 4783 1400 4850 grebem
1441 4783 1486 4832 L
1661 4783 1731 4832 25
1768 4781 1961 4834 chitera
1990 4783 2039 4832 L
2204 4797 2303 4844 quo
2336 4797 2567 4846 quaeque
2600 4781 2791 4834 chorda
2822 4801 2852 4834 v

271 4871 474 4922 quoque
511 4869 642 4919 quae
677 4855 830 4904 corda
873 4852 962 4904 LO

2323 4935 2442 5006 34*
