3434 5442
592 367 716 428 360
1754 362 2029 423 DONATl

591 548 752 620 Quae
796 550 857 608 in
903 566 938 606 o
984 547 1286 616 desinunt,
1336 555 1400 607 ut
1443 549 1654 618 activa,
1713 548 1819 608 sed
1863 555 2101 628 accepta
2149 568 2178 608 r
2224 539 2417 610 littera
2464 549 2667 610 Latina
2724 567 2846 610 nou
2902 557 3075 623 sunt,
3128 559 3203 612 ut

591 659 682 711 sto
727 669 936 711 curro:
992 657 1115 710 stor
1160 667 1370 710 curror
1423 667 1542 709 non
1589 649 1858 710 dicimus,
1946 651 2308 728 Deponentia
2364 670 2515 732 quae
2569 653 2740 712 sunt?
2828 654 2995 724 Quae
3048 655 3115 714 in
3164 673 3199 714 r

592 751 893 822 desinunt,
940 759 1004 812 ut
1049 751 1302 830 passiva,
1361 750 1464 810 sed
1521 769 1587 811 ea
1646 751 1883 832 dempta
1928 752 2131 812 Latina
2188 770 2309 812 non
2354 761 2519 823 sunt,
2580 761 2646 813 ut
2698 752 2890 814 luctor
2946 754 3193 835 loquor.

592 854 936 913 Communia
983 869 1133 931 quae
1177 853 1345 912 sunt?
1434 853 1595 924 Quae
1649 855 1711 913 in
1770 873 1799 914 r
1846 853 2147 922 desinunt,
2210 861 2274 914 ut
2328 855 2709 935 deponentia,
2769 856 2874 916 sed
2932 859 2995 917 in
3040 857 3195 917 duas

539 973 564 1011 5
595 953 812 1015 formas
857 953 1100 1023 cadunt,
1167 954 1443 1032 patientis
1499 961 1559 1014 et
1614 956 1870 1032 agentis,
1930 963 1995 1015 ut
2050 954 2285 1016 osculor
2346 957 2657 1016 criminor:
2731 957 2981 1018 dicimus
3026 960 3189 1018 enim

592 1052 826 1116 osculor
873 1062 928 1115 te
973 1063 1032 1114 et
1075 1054 1312 1115 osculor
1357 1074 1388 1115 a
1435 1062 1521 1124 te,
1570 1056 1854 1116 criminor
1901 1063 1955 1116 te
2002 1065 2061 1117 et
2105 1058 2389 1118 criminor
2433 1077 2464 1118 a
2513 1066 2587 1118 te.
2678 1059 2925 1119 Numeri
2970 1059 3191 1120 verbo-

593 1176 725 1217 rum
783 1164 926 1235 quot
981 1158 1158 1218 sunt?
1231 1156 1378 1216 Duo.
1449 1157 1606 1228 Qui?
1681 1157 2033 1236 SingulariS,
2096 1167 2161 1219 ut
2214 1158 2377 1236 lego,
2449 1159 2722 1239 pluraliS,
2796 1169 2861 1220 ut
2913 1160 3188 1239 legimus

593 1259 844 1336 Figurae
891 1255 1204 1318 verborum
1252 1267 1396 1338 quot
1438 1259 1612 1317 sunt?
1679 1259 1859 1321 Duae.
1929 1260 2126 1330 Quae?
2201 1260 2490 1340 Simplex,
2538 1271 2603 1321 ut
2645 1260 2805 1339 lego,
2852 1265 3188 1342 conposita.

593 1373 656 1419 ut
712 1358 979 1437 neglego.
1081 1360 1374 1438 Tempora
1434 1359 1748 1421 verborum
1804 1369 1950 1440 quot
2004 1349 2173 1422 sunt?
2252 1362 2407 1422 Tria.
2488 1364 2685 1435 Quae?
2751 1381 3063 1442 praesenS,
3124 1373 3195 1424 ut

521 1476 565 1514 ιιι
595 1461 749 1539 lego,
797 1461 1210 1539 praeteritum,
1257 1468 1322 1521 ut
1364 1460 1509 1537 legi,
1558 1463 1851 1531 futurum,
1900 1471 1965 1522 ut
2005 1460 2218 1539 legam.
2282 1463 2436 1534 Quot
2481 1471 2616 1524 sunt
2660 1474 2927 1543 tempora
2972 1468 3035 1525 in
3082 1465 3191 1524 de-

594 1563 907 1623 clinatione
955 1561 1304 1622 verborum?
1371 1563 1660 1642 Quinque.
1730 1562 1927 1633 Quae?
1992 1565 2314 1634 Praesens,
2364 1572 2427 1625 ut
2467 1563 2627 1642 lego,
2674 1569 3063 1644 praeteritum
3096 1569 3189 1627 in-

595 1665 951 1744 perfectum,
999 1677 1062 1724 ut
1109 1663 1402 1742 legebam,
1452 1665 1839 1742 praeteritum
1886 1667 2244 1744 perfectum,
2293 1673 2355 1725 ut
2400 1665 2551 1744 legi:
2592 1669 2975 1746 praeteritum
3026 1669 3189 1748 plus-

594 1765 1131 1846 quamperfectum,
1179 1773 1244 1825 ιιι
1287 1765 1575 1842 legeram,
1622 1766 1913 1838 futurum,
1960 1774 2025 1827 ut
2069 1766 2280 1845 legam.
2339 1767 2636 1828 Personae
2680 1768 2999 1830 verborum
3046 1780 3193 1849 quot

594 1869 763 1928 sunt?
828 1867 994 1926 Tres.
1063 1867 1259 1937 Quae?
1327 1867 1554 1936 Prima,
1603 1876 1666 1926 ιιι
1710 1865 1873 1945 lego,
1920 1868 2208 1947 secunda,
2256 1877 2321 1929 ιιι
2362 1869 2538 1948 legis,
2589 1871 2787 1940 tertia,
2836 1881 2901 1930 ιιι
2944 1870 3107 1950 legit.

527 1984 571 2023 15
766 1969 849 2028 Da
895 1967 1347 2028 declinationem
1396 1967 1558 2028 verbi
1604 1969 1793 2028 activi.
1854 1969 2016 2048 Lego
2060 1969 2304 2030 verbum
2352 1972 2601 2032 activum
2646 1971 2963 2032 indicativo
3008 1973 3191 2033 modo

598 2070 818 2130 dictum
878 2071 1160 2147 temporis
1215 2071 1546 2148 praesentis
1604 2073 1840 2131 numeri
1890 2071 2204 2150 singularis
2270 2074 2491 2150 figurae
2548 2071 2829 2153 simplicis
2892 2093 3191 2155 personae

598 2172 824 2250 primae
871 2172 1302 2248 coniugationis
1349 2172 1556 2231 tertiae
1600 2179 1942 2250 correptae,
2001 2173 2159 2253 quod
2218 2173 2609 2234 declinabitur
2664 2175 2777 2236 sic:
2847 2175 2980 2254 lego
3040 2176 3193 2254 legis

598 2273 766 2350 legit,
814 2280 870 2333 et
913 2271 1220 2351 pluraliter
1262 2271 1513 2350 legimus
1557 2270 1751 2350 legitis
1795 2273 2024 2352 legunt:
2074 2275 2282 2336 eodem
2329 2277 2506 2336 modo
2554 2285 2819 2356 tempore
2864 2281 3193 2357 praeterito

597 2373 926 2452 inperfecto
971 2372 1236 2452 legebam
1283 2373 1522 2451 legebas
1564 2372 1827 2452 legebat,
1874 2382 1933 2435 et
1975 2375 2282 2456 pluraliter
2313 2376 2655 2456 legebamus
2696 2377 2980 2456 legebatis
3023 2378 3192 2458 lege-

525 2491 576 2528 20
606 2475 772 2535 bant:
823 2474 1030 2534 eodem
1080 2474 1254 2535 modo
1299 2483 1569 2554 tempore
1614 2478 1937 2555 praeterito
1981 2479 2248 2558 perfecto
2279 2478 2395 2558 legi
2426 2479 2618 2557 legisti
2665 2478 2836 2559 legit,
2883 2488 2942 2540 et
2985 2480 3189 2560 plura-

599 2575 733 2636 liter
780 2574 1028 2653 legimus
1070 2575 1294 2654 legistis
1339 2577 1611 2654 legerunt
1653 2577 1744 2638 vel
1788 2576 2017 2658 legere:
2078 2580 2287 2642 eodem
2336 2581 2508 2642 modo
2555 2590 2821 2662 tempore
2865 2585 3191 2660 praeterito

598 2678 1176 2758 plusquamperfecto
1220 2677 1479 2756 legeram
1527 2678 1755 2757 legeras
1799 2678 2051 2759 legerat,
2102 2690 2161 2742 et
2202 2681 2509 2762 pluraliter
2539 2682 2874 2762 legeramus
2904 2684 3190 2761 legeratis

600 2778 895 2858 legerant:
943 2780 1151 2840 eodem
1195 2779 1372 2841 modo
1420 2789 1685 2860 tempore
1730 2782 1929 2843 futuro
1971 2782 2163 2862 legam
2209 2783 2371 2862 leges
2417 2783 2599 2863 leget,
2648 2792 2707 2845 et
2749 2784 3059 2864 pluraliter
3101 2784 3190 2844 le-

601 2900 806 2961 gemus
851 2880 1059 2960 legetis
1101 2881 1320 2960 legent.
1387 2883 1735 2962 imperativo
1781 2884 1956 2946 modo
2004 2894 2270 2965 tempore
2314 2888 2614 2964 praesenti
2656 2887 2731 2948 ad
2774 2887 3099 2947 secundam
3130 2895 3193 2947 et

524 2999 574 3038 25
603 2985 832 3045 tertiam
877 3001 1192 3063 personam
1224 2981 1355 3062 lege
1389 2988 1478 3044 vel
1504 2988 1671 3058 leqas
1701 2985 1883 3063 legat,
1932 2994 1993 3047 et
2028 2985 2334 3065 pluraliter
2365 2987 2627 3066 legamus
2656 2988 2831 3066 legite
2864 2993 2955 3050 vel
2979 2993 3195 3064 leontis

603 3085 827 3164 legant:
891 3085 1096 3146 eodem
1155 3085 1331 3146 modo
1390 3092 1654 3165 tempore
1703 3085 1901 3147 futuro
1945 3086 2123 3166 legito
2179 3093 2269 3148 vel
2318 3093 2485 3164 [ερας
2536 3093 2711 3164 leqito
2764 3095 2855 3150 vel
2896 3095 3085 3166 leant,
3130 3101 3193 3151 et

599 3185 904 3266 pluraliter
949 3186 1210 3266 legamus
1253 3186 1492 3265 legitote
1539 3191 1628 3248 vel
1668 3191 1879 3262 leqatis
1920 3194 2125 3264 leqant
2152 3195 2243 3252 vel
2284 3190 2523 3268 legunto
2570 3191 2659 3250 vel
2689 3189 3013 3270 leguntote.
3082 3211 3189 3272 op-

601 3290 776 3348 tativo
824 3290 999 3350 modo
1046 3298 1311 3368 tempore
1355 3291 1653 3368 praesenti
1697 3297 1757 3350 et
1798 3293 2119 3369 praeterito
2164 3291 2493 3371 inperfecto
2526 3294 2747 3353 utinam
2794 3293 3057 3372 legerem
3102 3293 3189 3353 le-

603 3410 772 3468 geres
818 3390 1070 3469 legeret,
1131 3398 1188 3451 et
1243 3388 1550 3469 pluraliter
1607 3393 1830 3453 utinam
1886 3391 2220 3471 legeremus
2275 3393 2553 3471 legeretis
2608 3393 2907 3472 legerent:
2974 3394 3189 3455 eodem

524 3509 574 3548 :30
605 3492 778 3552 modo
834 3500 1102 3572 tempore
1157 3493 1477 3572 praeterito
1533 3493 1800 3573 perfecto
1866 3502 1925 3554 et
1988 3494 2565 3574 plusquamperfecto
2623 3497 2844 3556 utinam
2911 3495 3189 3574 legissem

603 3595 844 3669 legisses
886 3592 1152 3671 legisset,
1199 3601 1259 3654 et
1289 3591 1592 3671 pluraliter
1633 3597 1858 3656 utinam
1904 3595 2249 3674 legissemus
2294 3595 2579 3674 legissetis
2622 3594 2928 3675 legissent:
2979 3598 3189 3658 eodem

601 3695 776 3755 modo
823 3703 1089 3774 tempore
1133 3695 1332 3755 futuro
1377 3697 1598 3756 utinam
1645 3696 1837 3776 legam
1886 3697 2044 3776 legas
2088 3698 2272 3776 legat,
2322 3708 2381 3759 et
2410 3696 2715 3778 pluraliter
2760 3699 2981 3760 utinam
3030 3698 3190 3778 lega-

603 3815 732 3856 mus
775 3794 982 3874 legatis
1028 3794 1243 3874 legant.
1311 3797 1682 3858 coniunctivo
1727 3799 1905 3862 modo
1950 3808 2217 3880 tempore
2264 3801 2561 3879 praesenti
2604 3819 2738 3861 cum
2784 3798 2978 3879 legam
3023 3800 3191 3880 legas

599 3897 780 3975 legat,
830 3906 888 3958 et
928 3896 1236 3977 pluraliter
1281 3916 1416 3960 cum
1461 3897 1725 3978 legamus
1751 3899 1959 3979 legatis
1991 3900 2219 3981 legant:
2268 3901 2475 3962 eodem
2508 3902 2684 3962 modo
2716 3909 2985 3982 tempore
3014 3922 3190 3983 prae-

520 4017 569 4056 35
601 4001 774 4059 terito
819 3999 1145 4079 inperfecto
1192 4019 1325 4061 cum
1372 3999 1632 4080 legerem
1677 4000 1910 4082 legeres
1940 4003 2193 4083 legeret,
2242 4012 2300 4064 et
2343 4003 2651 4084 pluraliter
2682 4021 2816 4064 cum
2847 4002 3192 4082 legeremus

597 4101 872 4180 legeretis
917 4099 1212 4180 legerent:
1260 4102 1467 4162 eodem
1514 4104 1690 4164 modo
1734 4113 2003 4186 tempore
2047 4107 2369 4186 praeterito
2425 4105 2691 4186 perfecto
2747 4123 2883 4166 cum
2936 4105 3189 4185 legerim

592 4203 810 4282 legeris
855 4203 1092 4282 legerit,
1140 4213 1200 4264 et
1239 4202 1548 4284 pluraliter
1595 4223 1731 4268 cum
1762 4207 2082 4284 legerimus
2126 4207 2383 4287 legeritis
2427 4207 2708 4287 legerint:
2758 4208 2964 4268 eodem
3010 4209 3191 4270 modo

734 4347 760 4398 1
799 4357 854 4400 ut
889 4357 968 4398 sto
1006 4363 1152 4398 curro
1190 4364 1347 4415 surgo
1387 4348 1454 4398 M
1622 4353 1656 4402 2
1699 4350 1938 4417 dicimus]
1982 4361 2101 4404 sunt
2139 4363 2403 4419 praeterea
2440 4353 2856 4419 neutropassiva,
2894 4363 2949 4403 ut
2984 4355 3191 4421 gaudeo

594 4418 806 4482 gauisus
857 4434 997 4481 sum,
1049 4419 1211 4468 audeo
1250 4434 1407 4469 ausus
1441 4435 1584 4486 sum,
1633 4422 1775 4472 soleo
1826 4422 2007 4474 solitus
2044 4439 2183 4487 sum,
2232 4423 2297 4472 fio
2345 4422 2509 4474 factus
2556 4437 2697 4482 sum,
2752 4423 2853 4474 fido
2900 4424 3026 4474 fisus
3076 4440 3189 4476 sum

595 4487 717 4541 add,
750 4489 768 4536 ἱ
908 4488 971 4538 16
1003 4504 1250 4553 personae
1290 4491 1482 4553 primae
1519 4506 1609 4543 om.
1654 4493 1714 4552 L,
1754 4493 1876 4544 add.
1916 4492 1982 4540 M
2116 4495 2185 4543 25
2220 4497 2270 4544 in
2299 4495 2589 4556 imperativo
2622 4493 2765 4542 modo
2803 4496 2956 4544 activi
2988 4501 3041 4544 et
3068 4511 3195 4558 pas·

591 4558 691 4605 sivi
724 4573 786 4606 ea
815 4573 942 4623 quae
974 4561 1226 4609 inclinatis
1259 4561 1440 4609 litteris
1475 4575 1727 4622 expressa
1758 4569 1875 4611 sunt
1920 4563 2085 4612 deleta
2125 4573 2273 4614 erant
2307 4565 2357 4612 in
2397 4564 2461 4626 L,
2502 4579 2657 4628 neque
2683 4571 2884 4615 constat
2924 4565 3047 4628 quid
3078 4567 3195 4616 olim

593 4628 830 4688 scriptitat
859 4629 1048 4690 fuerit:
1085 4629 1198 4694 lege
1231 4628 1364 4692 legat
1400 4640 1447 4677 et
1483 4630 1744 4695 pluraliter
1782 4631 2015 4697 legamus
2054 4633 2207 4698 legite
2247 4634 2420 4699 legant
2462 4631 2563 4681 MS
2718 4633 2787 4682 26
2824 4633 2979 4698 legito
3025 4642 3081 4683 tu
3120 4635 3193 4684 le—

595 4695 700 4758 gito
736 4695 820 4744 ille
859 4706 907 4746 et
947 4697 1210 4760 pluraliter
1251 4698 1481 4763 legamus
1519 4699 1728 4764 legitote
1762 4700 1934 4766 legant
1971 4705 2178 4768 legunto
2222 4705 2299 4753 uel
2340 4703 2597 4768 leguntote
2638 4701 2703 4750 M
2734 4704 2890 4768 legito
2930 4704 3011 4752 uel
3044 4705 3193 4770 legas

597 4763 734 4828 legat
769 4772 817 4814 et
855 4765 1116 4830 pluraliter
1153 4767 1358 4831 legitote
1398 4767 1484 4816 uel
1523 4767 1708 4834 legatis
1747 4769 1921 4836 legant
1966 4773 2174 4838 legunto
2223 4775 2304 4823 uel
2345 4773 2618 4839 ,leguntote
2648 4771 2689 4822 S
2734 4773 2889 4838 legito
2930 4781 2981 4821 tu
3032 4773 3193 4841 legito

595 4831 675 4882 ille
711 4843 760 4882 et
799 4833 1062 4899 pluraliter
1098 4835 1328 4901 legamus
1365 4836 1574 4903 legitote
1602 4838 1809 4906 legunto
1846 4855 1874 4890 ε
