3434 5442
709 319 832 382 482
1870 313 2113 376 SERGll

811 435 854 476 p.
883 423 998 464 1834.
1026 421 1076 462 35
1104 420 1150 460 Ρ.
2846 435 2888 474 p.
2916 421 3099 463 tse—st
3124 420 3169 464 v.

709 510 846 564 sunt
889 499 1216 580 simpliceS,
1263 499 1368 560 sed
1413 519 1485 560 ex
1531 499 1833 580 disyllabis
1876 501 2015 562 sacti
2058 499 2343 581 duplices,
2418 503 2519 578 qui
2562 502 2827 582 duplices
2862 519 2987 562 non
3030 501 3245 580 amplius

629 613 634 620 '
709 623 880 684 quam
927 621 1204 665 senarum
1248 600 1599 681 syllabarum
1647 619 1777 662 esse
1822 609 2243 663 monstrantur.
2334 611 2394 664 et
2436 621 2503 663 re
2537 621 2706 676 vera,
2754 603 3048 684 siquidem
3090 604 3244 684 trisyl-

706 704 871 767 labos
927 712 1154 766 constat
1196 722 1381 783 usque
1427 703 1500 765 ad
1559 713 1756 765 ternas
1798 703 2050 784 syllabas
2091 722 2265 783 posse
2309 704 2739 776 conscendere,
2784 707 2888 784 qui
2932 707 3135 784 utique
3170 724 3245 785 ge·

705 809 910 870 minati
952 808 1082 868 iure
1127 805 1392 887 duplices
1433 824 1620 887 usque
1665 806 1738 867 ad
1783 824 1883 868 sex
1928 804 2177 886 syllabas
2220 808 2476 876 mittunt.

653 1027 678 1067 5
1679 993 1777 1055 DE
1820 991 2301 1056 ACCENTIBVS.

876 1115 1144 1175 Tenores
1189 1114 1308 1173 sive
1353 1121 1632 1174 accentus
1677 1111 1821 1172 dicti
1864 1120 2029 1184 sunt,
2076 1113 2230 1192 quod
2278 1112 2603 1176 naturalem
2638 1115 2808 1176 unius
2838 1115 3123 1196 cuiusque
3148 1133 3245 1176 ser-

703 1219 894 1278 monis
949 1218 1011 1276 in
1066 1232 1266 1275 vocem
1325 1223 1562 1276 nostrae
1617 1213 1883 1276 elationis
1942 1223 2177 1276 servent
2220 1223 2509 1277 tenorem.
2596 1215 2786 1277 dictus
2828 1225 3027 1278 autem
3070 1234 3244 1278 accen·

702 1329 796 1382 tus
851 1325 941 1380 est
992 1319 1160 1398 quasi
1215 1316 1496 1378 adcantus
1551 1317 1710 1376 iuxta
1756 1316 1970 1376 Graeci
2015 1317 2267 1378 nominis
2310 1319 2891 1398 interpretationem,
2936 1318 3095 1399 quod
3132 1337 3242 1398 pro-

702 1421 864 1483 sodia
924 1419 1139 1480 dicitur
1195 1418 1400 1478 Latine
1464 1417 1766 1479 adcantus
1856 1425 1993 1479 sunt
2036 1436 2242 1480 omnes
2286 1427 2563 1481 accentus
2608 1419 2799 1480 Latini
2845 1420 3007 1492 Vffl,
3052 1430 3241 1492 acutus,

628 1539 677 1578 ιο
703 1525 804 1603 qui
831 1523 897 1583 fit
925 1523 1005 1582 ita
1037 1518 1065 1576 Ι
1088 1569 1104 1592 ,
1137 1521 1329 1598 gravis
1369 1521 1450 1580 ita
1504 1517 1550 1588 ἱ,
1585 1519 1999 1581 circumflexus
2027 1521 2109 1580 ita
2152 1537 2213 1591 Λ,
2241 1520 2447 1582 ‘factus
2476 1520 2701 1583 scilicet
2729 1521 2803 1582 de
2835 1530 3113 1603 utroque,
3140 1522 3243 1584 lon·

701 1643 811 1705 gus
864 1626 946 1686 ita
991 1665 1056 1694 -,
1105 1621 1299 1684 brevis
1342 1622 1422 1681 ita
1467 1652 1530 1692 υ,
1577 1621 1816 1702 hyphen
1858 1623 1938 1683 ita
1982 1653 2047 1692 v,
2108 1620 2351 1684 diastole
2404 1624 2484 1684 ita
2552 1614 2599 1692 ¹,
2644 1623 3039 1704 apostrophus
3089 1627 3165 1686 ita
3209 1631 3241 1686 ’.

699 1745 901 1788 verum
947 1726 1061 1786 hoc
1103 1725 1352 1784 interest
1407 1725 1562 1784 inter
1619 1721 1905 1784 diastolen
1951 1731 2010 1783 et
2052 1723 2505 1803 apostrophum,
2564 1725 2719 1810 quod
2764 1726 3149 1806 apostrophus
3186 1728 3243 1789 ad

701 1835 879 1909 caput
921 1826 1152 1888 litterae
1195 1826 1466 1904 ponitur,
1513 1824 1761 1885 diastole
1803 1843 1943 1885 vero
1990 1823 2063 1884 ad
2108 1827 2284 1886 imam
2327 1832 2575 1905 partem.
2664 1826 2779 1896 boc,
2820 1827 2956 1890 ideo
3002 1829 3239 1898 diximus,

697 1948 774 1991 ne
805 1932 902 1991 cui
928 1929 1137 1989 harum
1170 1925 1486 1988 similitudo
1533 1934 1805 1988 notarum
1851 1925 2067 2006 aliquid
2114 1927 2334 1988 erroris
2375 1927 2617 1989 adserat.
2680 1928 2773 1989 his
2815 1931 2895 1990 ita
2940 1948 3005 1990 se
3048 1930 3240 1992 baben-

623 2049 672 2090 ιτ»
701 2030 855 2092 tibus
919 2029 1224 2092 sciendum
1292 2037 1381 2090 est
1444 2028 1600 2108 quod
1645 2038 1850 2089 acutus
1896 2035 1954 2088 et
2007 2029 2200 2107 gravis
2244 2038 2303 2090 et
2346 2030 2759 2092 circumflexus
2802 2031 2913 2092 soli
2956 2041 3091 2094 sunt
3142 2035 3239 2113 qui,

695 2141 763 2195 ut
803 2133 1076 2213 superius
1121 2129 1406 2203 diximuS,
1453 2129 1783 2192 naturalem
1815 2131 1989 2190 unius
2019 2131 2301 2209 cuiusque
2344 2133 2635 2194 sermonis
2677 2134 2741 2194 in
2784 2152 2988 2195 vocem
3032 2143 3239 2196 nostrae

697 2234 966 2296 elationis
1020 2241 1256 2294 servent
1309 2239 1595 2294 tenorem.
1685 2217 1823 2292 nam
1878 2232 1993 2311 ipsi
2050 2233 2211 2293 arsin
2254 2232 2565 2313 thesinque
2608 2233 3019 2306 moderantur,
3062 2254 3237 2314 quam-

693 2355 868 2419 quam
913 2335 1216 2398 sciendum
1264 2343 1354 2396 est
1397 2333 1554 2414 quod
1598 2333 1658 2392 in
1701 2352 1811 2394 usu
1858 2350 1977 2393 non
2020 2334 2096 2394 sit
2137 2333 2427 2395 hodierno
2474 2336 2664 2413 gravis
2708 2345 3003 2400 accentus.

831 2439 1079 2499 ·Verum
1134 2436 1230 2497 lex
1284 2443 1630 2497 accentuum
1675 2436 1757 2494 ita
1803 2440 1920 2504 est,
1978 2434 2135 2515 quod
2180 2434 2439 2515 syllabae
2483 2439 2545 2497 in
2589 2437 2802 2518 quibus
2844 2440 2939 2500 isti
2980 2441 3113 2520 poni
3152 2439 3236 2501 de·

619 2540 872 2617 eobeant
925 2559 957 2600 a
1012 2540 1131 2600 fine
1189 2546 1595 2599 numerantur.
1684 2555 1821 2600 nam
1882 2538 1933 2596 si
1997 2539 2435 2616 quantarumvis
2491 2556 2686 2601 sermo
2752 2542 2829 2602 sit
2892 2539 3235 2621 syllabarum,

694 2641 1108 2704 circumflexus
1151 2658 1272 2701 non
1317 2638 1540 2700 tenebit
1581 2637 1736 2700 ultra
1782 2638 1894 2699 nisi
1934 2637 2393 2718 paeneultimum
2436 2639 2651 2703 locum.
2738 2651 2945 2704 acutus
2987 2653 3233 2705 accentus

692 2747 754 2807 in
807 2745 1028 2806 Latinis
1083 2760 1204 2803 non
1257 2739 1483 2802 tenebit
1537 2741 1651 2802 nisi
1704 2739 2169 2820 paeneultimum
2240 2748 2299 2802 et
2360 2741 2959 2822 antepaeneultimum
3023 2744 3233 2826 iolcum:

690 2845 1152 2928 paeneultimum
1210 2851 1350 2905 tunc
1403 2845 1466 2904 in
1523 2841 1857 2922 disyllabiS,
1918 2861 2051 2904 cum
2095 2845 2262 2922 prior
2306 2845 2484 2905 fuerit
2527 2843 2617 2906 vel
2660 2855 2934 2928 correpta
2980 2846 3066 2909 vel
3106 2848 3233 2927 posi·

692 2951 852 3011 tione
895 2947 1098 3027 longa,
1160 2943 1250 3006 vel
1295 2963 1430 3008 cum
1475 2944 1683 3006 ambae
1736 2943 2080 3006 naturaliter
2123 2944 2335 3025 longae
2378 2946 2625 3018 fuerint,
2672 2947 2762 3009 vel
2807 2965 2940 3010 cum
2986 2947 3173 3011 ambae
3210 2952 3231 3028 ,ἶ

616 3067 667 3110 25
692 3050 922 3114 breves.
1011 3051 1092 3111 ita
1145 3047 1210 3108 fit
1274 3054 1338 3107 ut
1388 3048 1451 3106 in
1509 3044 1807 3126 disyllabis
1884 3065 2019 3108 cum
2091 3055 2263 3108 acuto
2318 3056 2563 3109 accentu
2617 3048 2679 3110 hi
2734 3049 2919 3130 pedes
2972 3053 3234 3112 coniuncti

693 3155 838 3224 sint,
887 3153 1200 3214 trochaeus
1243 3149 1536 3228 positione
1581 3149 1796 3219 factus,
1854 3147 2113 3218 iambus,
2158 3150 2520 3229 pyrrichiuS,
2564 3152 2881 3231 spondeus.
2968 3154 3037 3230 in·
3072 3153 3232 3233 trisyl-

692 3255 842 3316 labis
900 3253 988 3314 vel
1044 3255 1106 3313 in
1161 3253 1468 3332 quantovis
1513 3269 1763 3312 numero
1806 3250 2163 3332 syllabarum
2208 3260 2351 3313 tunc
2394 3260 2484 3313 est
2528 3261 2764 3324 acutus,
2810 3272 2947 3316 cum
2990 3263 3106 3316 tres
3143 3255 3231 3334 syl-

691 3356 860 3428 labae
917 3375 950 3416 a
1007 3355 1124 3414 fine
1181 3353 1390 3414 breves
1447 3351 1793 3414 naturaliter
1849 3353 2097 3423 fuerint,
2156 3362 2226 3415 ut
2278 3355 2471 3417 anima
2528 3354 2784 3425 macula,
2840 3355 2933 3418 vel
2984 3356 3231 3437 quidquid

693 3459 908 3520 horum
967 3459 1268 3517 inventum
1325 3455 1531 3525 suerit,
1591 3473 1742 3534 quae
1786 3454 1846 3512 in
1904 3453 2203 3534 disyllabis
2246 3463 2383 3516 ante
2437 3456 2761 3518 docuimuS.
2848 3459 2929 3519 ita
2984 3459 3049 3520 fit
3096 3460 3230 3520 utin

617 3579 668 3621 ao
693 3559 1009 3641 trisyllabis
1069 3559 1228 3618 hunc
1301 3555 1556 3617 eundem
1623 3562 1930 3616 accentum
1994 3574 2419 3635 cognoscamus
2480 3559 2545 3620 in
2599 3558 2933 3630 tribracho,
2988 3560 3229 3632 molosso,

693 3664 860 3724 cuius
915 3659 1122 3722 ambae
1180 3676 1212 3721 a
1268 3659 1385 3718 fine
1440 3656 1694 3736 syllabae
1752 3665 1853 3718 aut
1907 3655 2250 3720 naturaliter
2296 3657 2505 3738 longae
2548 3660 2771 3722 suerint
2813 3669 2915 3722 aut
2955 3665 3229 3743 positione,

692 3770 794 3825 aut
834 3764 1001 3842 prior
1042 3761 1332 3841 positione
1375 3747 1610 3838 longa,x
1636 3758 1899 3838 dactle,
1946 3767 2290 3841 anapaesto,
2337 3760 2773 3841 amphimacro,
2822 3763 3231 3845 amphibracho,

831 3985 859 4036 l
898 3983 991 4033 sed
1029 3991 1078 4032 et
1112 3997 1178 4032 ex
1207 3982 1258 4032 P
1429 3984 1460 4032 2
1492 3993 1644 4044 quam
1686 3995 1780 4034 om.
1820 3980 1872 4030 P
2044 3981 2299 4044 siquidem
2336 3982 2627 4047 trisyllabas
2658 3986 2742 4036 B.-
2778 3985 3031 4050 siquidem
3066 3995 3232 4038 constat

691 4054 949 4120 simplices
987 4053 1149 4118 pedes
1182 4067 1344 4114 usque
1381 4065 1414 4107 ς
1451 4051 1620 4103 codex
1657 4051 1925 4102 Leidenst's
2063 4052 2095 4100 7
2131 4053 2183 4101 in
2212 4067 2337 4103 uoce
2370 4062 2573 4105 nostrae
2609 4054 2911 4107 eleuationis
2946 4065 3143 4107 seruant
3166 4071 3234 4107 σο·

693 4125 800 4174 dex
841 4123 1109 4176 Leidensis
1248 4121 1282 4171 8
1321 4131 1397 4170 est
1433 4136 1526 4174 om.
1567 4121 1617 4168 F
1717 4122 1858 4172 iuxta
1896 4121 2361 4188 interpretationem
2396 4125 2539 4190 greci
2572 4127 2797 4176 nominis
2830 4127 2968 4190 quod
2991 4127 3233 4192 prosodias

692 4195 879 4245 dicitur
913 4193 1054 4256 (rell.
1085 4191 1207 4256 om.)
1244 4193 1295 4242 F
1325 4192 1468 4241 iuxta
1503 4205 1743 4258 graecam
1768 4191 1988 4240 nominis
2016 4193 2481 4257 interpretationem
2520 4195 2660 4258 quod
2690 4203 2767 4246 est
2803 4197 3046 4262 prosodia
3074 4198 3233 4248 dicitur

691 4264 847 4314 latine
883 4263 1125 4314 adcantus
1153 4276 1290 4312 corr.
1319 4263 1461 4313 iuxta
1488 4262 1961 4326 'interpretationem
1996 4264 2244 4312 sermonis
2261 4265 2432 4330 graeci
2454 4265 2700 4330 prosodia
2735 4267 2875 4328 quod
2896 4265 3074 4318 <ficitur
3105 4265 3235 4316 latine

691 4335 937 4386 adcantus
975 4333 1026 4383 B
1183 4331 1218 4382 9
1251 4341 1370 4381 sunt
1409 4341 1578 4382 autem
1613 4345 1790 4381 omnes
1826 4331 1877 4380 F
2032 4331 2097 4381 12
2134 4332 2349 4384 diastole
2384 4343 2433 4384 et
2466 4335 2813 4401 apostrophon
2840 4336 2892 4385 F
3048 4337 3105 4388 15
3138 4351 3233 4386 acu-

688 4413 770 4454 tus
809 4404 986 4470 grauis
1019 4401 1376 4452 circumflexus
1411 4415 1553 4451 corr·-
1594 4409 1772 4451 acutus
1810 4409 1859 4451 et
1891 4400 2245 4454 circumflexus
2281 4404 2335 4453 B
2364 4413 2545 4455 acutus
2591 4413 2641 4454 et
2678 4406 3033 4458 circumflexus
3064 4407 3114 4456 F

695 4475 759 4524 16
805 4476 859 4523 in
893 4488 1020 4523 uoce
1067 4481 1271 4523 nostrae
1309 4472 1604 4522 eleuationis
1640 4479 1846 4521 seruant
1878 4471 2045 4521 codex
2080 4469 2349 4524 Leidemis
2519 4476 2580 4526 1⁷
2617 4477 2757 4526 arsin
2790 4485 2841 4527 et
2874 4475 3041 4528 thesin
3068 4477 3118 4526 F

688 4544 758 4594 20
811 4544 1139 4594 moderantur
1186 4543 1237 4591 F
1436 4544 1504 4592 24
1552 4556 1665 4590 cum
1704 4549 1831 4605 post
1881 4540 1963 4591 vel
2012 4549 2225 4608 utroque
2278 4546 2390 4596 loco
2436 4560 2527 4598 om.
2567 4546 2618 4596 F
2820 4547 2890 4600 26
2924 4555 3039 4597 sunt
3064 4547 3114 4596 F

690 4615 756 4664 27
795 4625 898 4664 tres
934 4615 1077 4679 ipsae
1110 4613 1162 4663 B
1194 4621 1298 4662 tres
1332 4613 1476 4677 ipsae
1511 4611 1742 4676 syllabae
1771 4625 1807 4668 ς
1840 4612 2007 4664 code-²:
2040 4614 2311 4664 Leidenst's
2479 4615 2549 4668 29
2581 4605 2766 4668 horuin
2802 4618 3134 4683 exemplorum
3164 4617 3229 4666 in·

690 4691 898 4736 uentum
930 4685 981 4733 F
1008 4684 1173 4734 codex
1207 4681 1476 4734 Leidenat's
1611 4689 1667 4731 ut
1711 4680 1963 4746 trisyllabi
1998 4698 2139 4738 corr.
2179 4692 2235 4734 ut
2273 4685 2321 4734 in
2372 4685 2653 4751 trisyllabis
2686 4687 2740 4740 B
2878 4685 2948 4741 30
2982 4701 3228 4754 cognosca-

691 4767 804 4801 mus
837 4753 1079 4802 tribrachi
1125 4753 1349 4803 molosus
1385 4751 1544 4816 (corr.
1585 4749 1812 4817 moloso)
1854 4752 1905 4802 B
1948 4755 2275 4818 agnoscimus
2328 4757 2378 4804 in
2410 4757 2664 4808 tribracho
2701 4768 2752 4809 et
2784 4758 2975 4810 moloso
3010 4757 3057 4808 F
3170 4754 3227 4806 32

692 4822 744 4870 iu
781 4821 966 4872 dactilo
1003 4825 1055 4871 iu
1093 4831 1339 4886 anapesto
1379 4831 1429 4871 et
1466 4821 1772 4871 antimachro
1807 4823 1858 4872 in
1894 4823 2185 4874 antibracho
2218 4826 2269 4873 F
