3434 5442
911 288 1306 399 INSTlTVTA
1345 337 1626 399 Anrivu
1671 336 2005 401 621—637
2626 340 2737 401 141

286 467 330 508 p.
355 454 440 495 285.
458 454 506 495 «e
537 453 586 495 R.
2320 466 2365 507 p.
2393 454 2485 496 861.
2506 454 2557 495 ⁰2
2587 454 2642 496 V.

197 524 525 585 nominativo
567 542 708 585 casu
751 522 984 585 numeri
1025 523 1340 603 singularis
1387 542 1492 587 rus
1532 524 1751 605 syllaba
1798 526 2206 593 terminantur,
2250 523 2397 587 haec
2440 524 2743 605 praeteriti

198 628 450 706 temporis
489 628 808 707 participiis
847 626 1066 707 syllaba
1107 626 1326 689 debent
1366 646 1494 691 esse
1528 629 1781 707 potiora.
1844 645 1999 688 nunc
2046 644 2179 687 cum
2220 626 2333 687 hoc
2368 626 2739 705 participium

198 735 438 791 mortuus
481 729 672 798 faciat,
717 735 778 793 et
819 728 954 790 ideo
995 718 1318 791 moriturus
1360 747 1602 793 necesse
1645 738 1736 791 est
1776 714 1855 791 ut'
1882 729 2073 791 faciat.

337 830 644 911 Participia
699 832 1025 909 praesentis
1093 834 1378 911 temporis
1431 833 1666 908 generis
1730 830 1953 893 scilicet
2016 833 2205 895 omnis
2262 848 2333 891 ex
2386 831 2741 891 nominativo

192 950 308 993 casu
346 922 576 995 numeri
619 933 932 1011 singularis
973 952 1002 994 s
1043 931 1326 1003 litteram,
1373 951 1548 1012 quam
1591 933 1813 997 habent
1856 933 2153 1003 ultimam,
2210 934 2270 993 in
2312 932 2423 994 dus
2460 931 2739 1012 syllabam
2792 960 2817 998 5

191 1042 514 1097 convertunt
581 1044 640 1099 et
693 1037 877 1099 l'uturi
936 1036 1218 1115 temporis
1271 1037 1716 1115 participiorum
1776 1036 2194 1097 nominativum
2252 1052 2450 1097 casum
2506 1036 2741 1097 numeri

190 1136 474 1215 singularis
517 1140 752 1217 generis
797 1138 1105 1199 masculini
1149 1138 1482 1208 ostendunt,
1531 1149 1594 1200 ut
1636 1145 1779 1217 puta
1824 1138 2081 1201 clamans
2126 1138 2497 1207 clamandus,
2545 1137 2743 1201 serens

191 1239 460 1309 serendus,
503 1241 824 1302 criminans
860 1240 1280 1303 criminandus.
1369 1241 1510 1303 item
1556 1260 1590 1303 e
1627 1242 1927 1303 contrario
1962 1240 2183 1303 scilicet
2206 1241 2521 1320 ‚participia
2561 1240 2742 1301 futuri

189 1344 444 1421 temporis
487 1343 722 1421 generis
765 1341 1092 1413 masculini,
1139 1360 1292 1421 quae
1326 1344 1682 1405 nominativo
1726 1362 1867 1404 casu
1911 1344 2145 1406 numeri
2181 1341 2493 1421 singularis
2530 1344 2595 1401 in
2630 1341 2741 1405 dus

188 1442 442 1523 syllabam
488 1453 724 1514 exeunt,
769 1444 1014 1507 eandem
1057 1445 1169 1509 dus
1211 1444 1492 1525 syllabam
1534 1445 1594 1505 in
1625 1464 1654 1505 s
1695 1444 1951 1507 litteram
1992 1450 2343 1507 convertunt
2386 1452 2445 1505 et
2486 1437 2737 1526 particil-
2768 1469 2821 1512 ιο

189 1547 395 1622 piorum
436 1547 768 1625 praesentis
815 1548 1098 1625 temporis
1141 1549 1562 1612 nominativum
1609 1566 1808 1609 casum
1860 1549 2095 1609 numeri
2146 1546 2461 1625 singularis
2503 1547 2738 1624 generis

189 1646 382 1709 scilicet
433 1651 628 1709 omnis
685 1649 1028 1718 ostendunt,
1107 1656 1175 1710 ut
1227 1658 1364 1727 puta
1420 1647 1761 1729 clamandus
1817 1648 2109 1720 clamans,
2160 1648 2465 1719 ,tutandus
2518 1656 2733 1717 tutans,

191 1748 442 1811 ferendus
482 1751 700 1811 serens.
787 1751 1094 1830 participia
1148 1754 1476 1828 praesentis
1527 1753 1813 1830 temporis
1866 1752 2101 1831 generis
2158 1750 2383 1811 scilicet
2432 1751 2621 1811 omnis
2662 1768 2735 1813 ex

190 1852 518 1914 nominativo
563 1870 703 1913 casu
739 1854 966 1915 numeri
1011 1852 1324 1931 singularis
1367 1873 1396 1913 s
1437 1854 1712 1924 litteram,
1758 1872 1935 1932 quam
1974 1852 2201 1916 habent·
2236 1852 2517 1923 ultimam,
2562 1852 2623 1912 in
2662 1851 2735 1913 da

189 1952 442 2033 syllabam
481 1961 834 2017 convertunt
887 1965 952 2019 et
987 1955 1172 2017 futuri
1226 1958 1508 2035 temporis
1537 1978 1551 1991 ·
1561 1958 2009 2037 participiorum
2064 1955 2481 2017 nominativum
2534 1972 2733 2017 casum
2764 1979 2813 2021 ιι

189 2058 398 2119 numeri
439 2056 756 2135 singularis
795 2057 1338 2135 generis·feminini
1393 2059 1739 2129 ostendunt,
1797 2066 1861 2119 ut
1901 2064 2040 2135 puta
2098 2056 2363 2119 scribens
2405 2056 2735 2127 scribenda,

189 2158 362 2219 terens
421 2158 699 2231 ferenda,
771 2157 1046 2221 osculans
1109 2158 1450 2223 osculanda.
1533 2162 1674 2223 item
1720 2180 1755 2221 e
1800 2160 2099 2222 contrario
2160 2158 2383 2221 scilicet
2438 2160 2737 2237 participia

190 2259 348 2321 futuri
390 2263 675 2340 temporis
717 2264 955 2340 generis
997 2262 1290 2332 seminini,
1337 2279 1490 2340 quae
1530 2262 1885 2323 nominativo
1928 2279 2066 2323 casu
2110 2262 2345 2323 numeri
2380 2257 2392 2344 Ι
2428 2259 2739 2339 singularis

189 2361 248 2421 da
285 2362 498 2443 syllaba
553 2366 972 2433 terminantur,
1037 2364 1284 2427 eandem
1329 2364 1402 2427 da
1448 2362 1727 2443 syllabam
1786 2366 1845 2426 in
1899 2380 1928 2425 s
1974 2363 2227 2426 litteram
2282 2370 2631 2424 convertunt
2680 2370 2739 2426 et

189 2464 608 2543 participiorum
659 2468 984 2545 praesentis
1047 2468 1329 2548 temporis
1393 2467 1817 2529 nominativum
1874 2485 2073 2529 casum
2138 2467 2371 2527 numeri
2424 2464 2738 2553 singularis
2764 2488 2817 2533 2⁰

189 2568 400 2640 generis
423 2568 659 2629 ‚scilicet
689 2570 880 2629 omnis
912 2568 1248 2643 ostendunt,
1293 2575 1359 2629 ut
1390 2576 1528 2648 puta
1571 2569 1885 2631 scribenda
1922 2569 2203 2638 scribens,
2247 2568 2491 2630 ferenda
2522 2569 2737 2638 ferens,

191 2668 476 2731 osculanda
523 2669 816 2732 osculans.
907 2672 1212 2750 participia
1257 2672 1586 2750 praesentis
1627 2673 1913 2751 temporis
1974 2673 2211 2750 generis
2275 2669 2498 2731 scilicet
2550 2671 2741 2732 omnis
2833 2721 2841 2730 .

191 2788 248 2829 ex
285 2773 640 2835 nominativo
682 2792 823 2835 casu
866 2776 1099 2835 numeri
1119 2772 1452 2857 ⁴‚singularis
1491 2792 1522 2837 s,
1564 2774 1835 2835 ultimum
1888 2776 1947 2836 in
1987 2774 2127 2835 dum
2170 2772 2451 2853 syllabam
2496 2788 2739 2831 conver-

191 2878 299 2932 tunt
339 2882 396 2937 et
424 2876 610 2936 futuri
651 2876 933 2954 temporis
975 2877 1418 2954 participiorum
1460 2878 1877 2939 nominativum
1924 2894 2125 2938 casum
2168 2876 2400 2937 numeri
2430 2871 2741 2950 singularis

191 2977 400 3047 generis
441 2978 642 3038 neutri
684 2976 1032 3048 ostendunt,
1091 2984 1156 3039 ut
1195 2984 1334 3055 puta
1388 2978 1654 3042 scribens
1697 2978 2109 3048 scribendum,
2169 2977 2369 3039 ferens
2410 2976 2738 3044 ferendum,
2767 2998 2819 3039 π

195 3077 438 3139 osculans
493 3078 902 3141 osculandum.
991 3081 1130 3141 item
1181 3100 1214 3141 e
1257 3082 1552 3143 contrario
1605 3079 1829 3142 scilicet
1861 3080 2181 3160 &participia
2232 3080 2415 3141 futuri
2464 3079 2743 3158 temporis

193 3182 398 3255 generis
449 3183 680 3251 neutri,
733 3200 884 3261 quae
929 3185 1286 3246 nominativo
1331 3201 1470 3245 casu
1529 3185 1761 3245 numeri
1804 3182 2116 3261 singularis
2170 3184 2227 3245 in
2272 3182 2413 3243 dum
2462 3179 2741 3260 syllabam

194 3292 410 3355 exeunt,
457 3284 712 3347 eandem
753 3286 894 3345 dum
934 3284 1214 3365 syllabam
1259 3287 1318 3346 in
1361 3306 1391 3346 s
1428 3284 1680 3347 litteram
1728 3291 2077 3347 convertunt
2126 3291 2185 3345 et
2226 3283 2555 3363 praesentis
2596 3289 2744 3343 tem·

195 3386 329 3457 poris
381 3388 826 3467 participiorum
880 3388 1298 3451 nominativum
1337 3406 1538 3449 casum
1591 3390 1827 3451 numeri
1880 3385 2193 3465 singularis
2246 3387 2481 3465 generis
2523 3382 2746 3451 scilicet

195 3488 358 3545 omnis
385 3489 726 3558 ostendunt,
771 3496 838 3551 ut
865 3498 1006 3569 puta
1042 3490 1420 3553 scribendum
1465 3489 1753 3561 scribens,
1795 3489 2125 3553 docendum
2160 3489 2398 3559 docens,
2428 3487 2741 3567 legendum
2768 3506 2821 3553 ω

193 3583 386 3663 legens,

337 3692 647 3772 Participia
705 3696 1032 3772 praesentis
1086 3696 1370 3775 temporis
1425 3704 1564 3756 tunc
1616 3694 1837 3759 habent
1891 3697 1912 3757 i
1960 3695 2213 3760 litteram
2274 3696 2332 3757 in
2390 3694 2743 3757 nominativo

197 3809 315 3853 casu
353 3798 586 3857 numeri
631 3795 944 3873 singularis
985 3806 1119 3859 ante
1165 3797 1426 3859 ultimam
1476 3797 1757 3877 syllabam
1798 3801 2195 3869 constitutam,
2235 3798 2471 3877 quando
2518 3806 2577 3859 et
2620 3799 2744 3876 ipsa

197 3894 350 3957 verba
383 3898 542 3986 unde
595 3900 873 3961 oriuntur
923 3902 982 3961 in
1022 3902 1212 3980 prima
1257 3917 1512 3978 persona
1556 3901 1715 3963 modi
1756 3895 2049 3962 indicativi
2096 3902 2379 3979 temporis
2418 3900 2747 3980 praesentis

199 4001 401 4060 numeri
455 3991 774 4079 singularis
815 4002 836 4061 i
878 4002 1132 4063 litteram
1188 4001 1408 4063 habent
1455 4010 1592 4063 ante
1635 4022 1670 4063 o
1715 4002 1985 4065 ultimum
2042 4006 2443 4071 constitutam,
2498 4009 2563 4063 ut
2604 4006 2742 4079 puta
2770 4016 2822 4059 aa

199 4102 338 4176 rapio
389 4104 658 4182 rapiens,
717 4104 900 4177 calcio
959 4104 1244 4175 calcianS,
1299 4107 1498 4167 nutrio
1556 4106 1840 4167 nutriens.
1932 4122 2047 4183 qua
2102 4106 2329 4167 ratione
2371 4102 2597 4165 Tullius
2639 4105 2747 4164 ‘et

201 4198 488 4265 obscure
527 4210 878 4284 serpens'
923 4208 1346 4290 pronuntiavit,
1391 4207 1612 4269 scilicet
1647 4210 1923 4290 quoniam
1968 4225 2002 4268 a
2044 4226 2253 4287 serpo,
2292 4224 2411 4269 non
2456 4225 2487 4267 a
2528 4206 2744 4285 serpio,

201 4299 294 4363 hoc
331 4307 702 4386 participium
743 4311 942 4371 venire
991 4312 1406 4389 pronuntiavit.
1494 4313 1632 4372 item
1676 4318 1737 4372 et
1776 4316 1917 4371 tunc
1962 4309 2183 4373 habent
2238 4308 2541 4388 participia
2578 4324 2748 4385 prae-

201 4408 356 4467 sentis
392 4411 676 4489 temporis
721 4414 780 4471 in
815 4412 1174 4474 nominativo
1217 4420 1278 4475 et
1318 4414 1578 4476 vocativo
1628 4432 1767 4475 casu
1805 4414 2038 4475 numeri
2088 4412 2403 4489 siugularis
2442 4417 2577 4471 ante
2615 4408 2749 4471 ulti·

201 4522 334 4569 mam
379 4510 656 4591 syllabam
710 4515 726 4574 i
781 4512 1033 4577 litteram
1105 4518 1505 4585 constitutam,
1575 4515 1811 4595 quando
1872 4516 2143 4575 oriuntur
2201 4532 2233 4573 a
2285 4512 2479 4577 verbis
2543 4513 2749 4573 tertiae
2775 4526 2828 4569 ιο

323 4690 346 4741 l
389 4693 718 4747 terminantur
750 4711 812 4746 νυ
857 4697 1162 4747 terminatur
1189 4698 1238 4749 R
1375 4695 1502 4747 haec
1539 4712 1570 4746 a
1607 4696 1867 4762 praeteriti
1904 4696 1987 4748 R.-
2022 4711 2051 4745 a
2085 4712 2177 4747 om.
2208 4712 2269 4746 ru
2417 4696 2449 4744 2
2495 4694 2750 4745 debeneae

203 4758 512 4881 ΞὲξίεἳιτιζπιΒΗ
549 4765 732 4816 debent
767 4782 884 4819 esse
915 4770 1138 4834 potiores
1175 4784 1234 4817 νυ
1337 4768 1407 4821 36
1439 4764 1658 4833 Tullius]
1689 4770 1741 4818 in
1780 4768 1927 4818 Colit.
1968 4767 2059 4815 llll
2086 4766 2137 4830 3,
2174 4766 2207 4817 6
2348 4764 2415 4817 37
2450 4766 2667 4816 obscure
2704 4762 2751 4813 R
