3434 5442
624 338 739 399 106
1793 339 2020 401 PROBI
2099 352 2120 372 ⁸

748 453 1036 496 stans.
2821 454 3095 497 ‚aotam

615 466 835 603 gangris
874 546 911 584 o
948 523 1141 585 littera
1185 527 1596 595 terminantur,
1640 526 1788 586 baec
1823 526 2024 588 eadem
2071 548 2108 587 o
2151 526 2404 589 litteram
2449 530 2509 587 in
2539 528 2556 587 i
2587 526 2676 587 vel
2719 528 2770 587 is
2789 468 3024 589 ¹littteras
3051 544 3198 588 cou-

616 634 852 688 vertunt
894 635 951 688 et
993 645 1170 707 supra
1214 627 1405 688 dictos
1456 645 1657 697 casus,
1716 628 1951 709 quando
2011 647 2120 708 per
2165 646 2346 690 unum
2389 631 2410 690 i
2466 638 2522 691 et
2566 629 2802 710 quando
2857 647 2968 710 per
3019 630 3138 690 duo
3175 630 3196 689 i

616 728 969 799 scribantur,
1016 728 1347 791 ostendunt.

784 831 931 893 item
974 832 1037 891 in
1082 830 1191 891 bac
1234 849 1414 910 supra
1454 832 1669 911 scripta
1718 833 1906 893 forma
1949 834 2287 919 quaeritur,
2349 852 2462 914 qua
2505 834 2579 895 de
2623 852 2796 895 causa
2853 834 2949 894 hic
2993 832 3200 895 ebrius

566 960 590 999 s
618 942 677 997 et
718 952 835 995 non
886 933 981 993 bic
1027 931 1171 1021 eber
1229 934 1477 996 dicatur.
1566 934 1677 996 hac
1741 935 1814 996 de
1873 954 2078 1004 causa,
2143 936 2424 1015 quoniam
2479 954 2888 1016 quaecumque
2957 936 3200 997 nomina

616 1036 869 1098 ablativo
912 1054 1051 1097 casu
1096 1037 1330 1097 numeri
1370 1036 1683 1114 singularis
1735 1038 1792 1098 io
1837 1036 2044 1099 litteris
2087 1037 2477 1109 definiuntur,
2525 1038 2672 1099 haec
2717 1056 3040 1117 numquam
3087 1054 3200 1097 no-

618 1139 893 1199 minativo
932 1154 1075 1198 casu
1117 1138 1348 1199 numeri
1396 1137 1713 1217 singularis
1755 1158 1828 1219 er
1851 1137 2063 1200 litteris
2099 1138 2554 1203 concluduntur.
2617 1158 2777 1201 nunc
2811 1158 2946 1201 cum
2993 1129 3206 1201 et'boc

617 1258 833 1302 nomeu
878 1238 951 1301 ab
996 1240 1111 1301 boc
1152 1239 1321 1301 ebrio
1378 1240 1573 1303 facere
1618 1240 2022 1320 intellegatur,
2092 1242 2295 1321 utique
2337 1243 2452 1303 iam
2483 1220 2596 1303 ‘hic
2641 1242 2874 1312 ebrius,
2931 1258 3052 1301 non
3099 1240 3204 1301 hic

621 1343 763 1415 eber
803 1343 999 1405 facere
1041 1343 1475 1421 pronuntiatur.
2721 1352 2736 1361 ·

544 1468 595 1509 ιο
790 1445 959 1507 Nunc
1028 1446 1087 1505 in
1146 1444 1258 1505 hac
1310 1462 1489 1523 supra
1532 1446 1753 1523 scripta
1819 1446 2008 1507 forma
2076 1448 2311 1525 generis
2367 1446 2706 1517 masculini,
2771 1466 2886 1527 qua
2945 1446 3206 1507 diximus

620 1547 869 1609 ablativo
912 1564 1049 1608 casu
1108 1548 1341 1607 numeri
1394 1544 1710 1624 singularis
1763 1549 2000 1609 nomina
2043 1568 2078 1609 o
2119 1548 2311 1610 littera
2367 1550 2678 1611 terminari
2729 1557 2788 1609 et
2843 1550 3204 1609 nominativo

622 1668 761 1712 casu
804 1649 1037 1711 numeri
1080 1647 1393 1727 singularis
1437 1666 1505 1709 us
1546 1646 1768 1729 syllaba
1813 1656 1946 1729 post
1987 1652 2008 1711 i
2051 1650 2308 1712 litteram
2356 1651 2619 1720 definiri,
2653 1648 2680 1734 ΙΙ
2709 1651 2826 1711 boc
2867 1668 3204 1719 monemus,

622 1752 781 1832 quod
829 1771 897 1813 ex
946 1770 1013 1813 ea
1069 1769 1247 1832 quam
1300 1749 1535 1831 plurimi
1592 1752 1752 1821 soni,
1805 1752 1922 1813 hoc
1965 1758 2054 1814 est
2103 1772 2278 1833 quam
2339 1753 2594 1833 plurima
2649 1754 2918 1822 uomina,
2977 1753 3209 1831 possint

622 1853 905 1916 exhiberi.
974 1854 1047 1916 de
1083 1854 1270 1915 forma
1314 1855 1551 1930 generis
1588 1838 1911 1925 masculini,
1957 1873 2074 1935 qua
2117 1852 2365 1917 ablativo
2421 1874 2562 1917 casu
2607 1857 2840 1917 numeri
2881 1852 3206 1931 singularis

546 1977 595 2017 15
623 1957 858 2018 nomina
890 1976 943 2017 ·o
982 1956 1171 2017 littera
1222 1957 1613 2017 terminantur
1656 1968 1712 2017 et
1757 1958 2110 2019 nominativo
2155 1976 2293 2019 casu
2343 1960 2576 2019 numeri
2617 1957 2932 2035 singularis
2973 1976 3044 2017 us
3083 1954 3206 2036 syl-

620 2059 753 2121 laba
797 2066 931 2138 post
972 2061 991 2121 i
1036 2058 1287 2119 litteram
1334 2058 1711 2128 deliniuntur,
1759 2065 2042 2138 quantum
2085 2062 2236 2137 ratio
2282 2059 2580 2139 poscebat,
2629 2060 3020 2121 tractavimus.

792 2163 875 2224 De
916 2178 1045 2222 ous.
1136 2178 1547 2241 quaecumque
1590 2162 1832 2222 nomina
1871 2163 2105 2240 generis
2145 2162 2452 2224 masculini
2497 2161 2748 2224 ablativo
2793 2180 2932 2223 casu
2973 2163 3208 2221 numeri

622 2264 937 2344 singularis
982 2282 1017 2324 o
1061 2262 1254 2325 littera
1301 2264 1693 2325 terminantur
1754 2269 1814 2325 et
1849 2264 2210 2325 nominativo
2255 2282 2394 2327 casu
2451 2266 2685 2326 numeri
2727 2262 3040 2342 singularis
3093 2282 3208 2323 ous

624 2366 833 2429 litteris
879 2366 1255 2435 deliniuntur,
1300 2372 1366 2425 ut
1408 2371 1547 2443 puta
1592 2364 1666 2427 ab
1697 2364 1814 2427 hoc
1855 2367 2000 2428 lnoo
2037 2366 2134 2427 bic
2169 2367 2368 2437 Inous,
2407 2366 2554 2427 baec
2593 2365 2666 2426 ad
2711 2366 2826 2427 boc
2867 2363 3206 2444 exemplum

548 2486 601 2527 το
626 2466 1025 2531 declinantur:
1066 2468 1300 2529 numeri
1343 2464 1655 2547 singularis
1698 2468 1800 2529 hic
1833 2468 2012 2529 Inous
2049 2468 2226 2531 huius
2259 2470 2382 2529 lnoi
2429 2469 2564 2529 huic
2607 2468 2752 2529 Inoo
2799 2467 2956 2529 hunc
2995 2468 3208 2529 lnoum

624 2590 659 2633 o
700 2570 843 2632 lnoe
888 2568 959 2632 ab
1008 2570 1121 2631 boc
1162 2570 1325 2637 Inoo,
1370 2572 1601 2631 numeri
1642 2568 1886 2649 pluralis
1929 2570 1990 2631 hi
2029 2570 2158 2632 Inoi
2194 2570 2412 2631 horum
2453 2570 2734 2631 lnoorum
2771 2570 2865 2631 his
2898 2570 3054 2631 Inois
3095 2568 3212 2629 hos

624 2674 801 2734 lnoos
866 2692 902 2733 o
948 2671 1076 2733 lnoi
1143 2671 1216 2734 ab
1264 2672 1357 2733 his
1399 2672 1574 2734 lnoiS.
1662 2674 1749 2733 sic
1785 2678 1844 2734 et
1887 2671 1998 2735 alia
2064 2674 2300 2752 generis
2343 2671 2654 2733 masculini
2717 2673 2986 2741 nomina,
3053 2690 3210 2751 quae

624 2774 877 2838 ablativo
934 2794 1075 2837 casu
1120 2776 1353 2837 numeri
1396 2772 1711 2852 singularis
1759 2796 1794 2836 o
1849 2775 2040 2837 littera
2093 2776 2488 2836 terminantur
2539 2782 2600 2836 et
2653 2775 3010 2835 nominativo
3063 2792 3209 2835 casu

623 2879 857 2940 numeri
909 2875 1227 2955 singularis
1265 2894 1374 2938 ous
1426 2875 1637 2937 litteris
1690 2877 2079 2945 definiuntur,
2147 2876 2220 2938 ad
2285 2876 2618 2956 exemplum
2655 2876 2786 2937 lnoi
2836 2894 2946 2954 per
2997 2894 3212 2937 omnes

549 2998 602 3038 as
628 2998 797 3043 casus
852 2977 1242 3059 declinantur.
1332 2995 1489 3039 nunc
1538 2979 1599 3039 in
1655 2979 1767 3040 bac
1819 2996 1998 3057 supra
2055 2981 2276 3057 scripta
2327 2978 2516 3040 forma
2571 2980 2902 3060 quaeritur,
2961 2978 3214 3059 quade

628 3102 804 3145 causa
860 3082 1089 3144 dativus
1144 3088 1203 3141 et
1256 3078 1542 3143 ablativus
1588 3098 1760 3141 casus
1809 3082 2044 3142 numeri
2099 3082 2413 3160 singularis
2469 3100 2581 3142 nec
2629 3099 2748 3142 non
2799 3082 3106 3157 genetivus
3153 3088 3214 3141 et

628 3173 991 3249 accusativus
1035 3200 1205 3244 casus
1248 3185 1481 3245 numeri
1524 3181 1769 3262 pluralis
1813 3185 1874 3243 in
1919 3182 2120 3245 ultima
2166 3182 2256 3244 vel
2300 3183 2618 3263 proultima
2656 3181 2876 3263 syllaba
2915 3200 3024 3260 per
3061 3183 3214 3243 duas

626 3308 663 3349 o
706 3286 929 3349 litteras
968 3285 1321 3348 scribantur.
1396 3285 1509 3347 hac
1550 3285 1626 3349 de
1668 3304 1862 3354 causa,
1907 3287 2184 3367 quoniam
2225 3304 2638 3367 quaecumque
2685 3285 2920 3347 nomina
2958 3284 3214 3347 ablativo

628 3408 767 3451 casu
827 3390 1058 3449 numeri
1114 3387 1431 3465 singularis
1474 3406 1511 3448 o
1552 3386 1748 3449 littera
1800 3390 2196 3450 terminantur
2249 3398 2308 3449 et
2363 3389 2720 3450 nominativo
2777 3406 2918 3449 casu
2979 3388 3217 3447 numeri

549 3508 603 3549 ao
628 3491 941 3570 singularis
982 3508 1095 3564 ous
1137 3489 1349 3552 litteris
1392 3489 1780 3560 definiuntur,
1827 3491 1974 3552 haec
2017 3496 2264 3568 excepto
2319 3492 2588 3568 genetivo
2631 3508 2770 3551 casu
2819 3491 3052 3551 numeri
3095 3491 3214 3549 sci-

628 3592 766 3653 licet
818 3590 1067 3672 pluralis
1120 3609 1229 3670 per
1276 3598 1509 3653 ceteros
1562 3610 1736 3653 casus
1789 3594 1918 3671 pari
1947 3635 1952 3641 -
1979 3610 2228 3653 numero
2285 3592 2642 3673 syllabarum
2709 3590 3084 3660 scribuntur-z
3155 3600 3218 3652 et

628 3694 761 3755 ideo
790 3684 969 3755 ‘haec
1022 3694 1260 3755 nomina
1318 3694 1377 3755 in
1434 3710 1614 3773 supra
1668 3693 1842 3755 dictis
1895 3693 2129 3756 casibus
2180 3712 2288 3773 per
2341 3694 2490 3756 duas
2527 3694 2538 3777 Ι
2574 3713 2611 3754 o
2667 3693 2892 3755 litteras
2947 3710 3218 3772 pronun-

630 3798 869 3857 tiantur.
1662 3810 1667 3813 ·

799 3899 943 3959 Item
988 3900 1050 3957 in
1098 3897 1208 3959 hac
1245 3898 1435 3960 forma
1479 3916 1655 3977 supra
1698 3898 1933 3975 scripta,
1985 3918 2102 3978 qua
2143 3900 2455 3961 docuimus
2499 3897 2752 3961 ablativo
2795 3916 2936 3959 casu
2981 3900 3216 3959 numeri

551 4018 601 4057 ss
628 4000 943 4080 singularis
984 4002 1223 4063 nomina
1266 4019 1373 4080 per
1414 4001 1561 4063 duas
1604 4020 1640 4061 o
1685 4000 1912 4062 litteras
1955 4000 2256 4071 declinari,
2303 4003 2608 4082 quaeritur
2647 4000 2722 4062 ab
2751 4022 2824 4062 eo
2865 4000 3026 4081 quod
3073 4001 3222 4062 dixit

634 4102 919 4183 Vergilius

932 4206 1171 4285 primo
1212 4204 1575 4283 surgebat
1616 4204 1768 4266 Eoo

631 4326 705 4371 an
748 4310 833 4370 sic
880 4310 964 4369 uti
1012 4309 1189 4370 Inous
1230 4326 1339 4388 per
1376 4326 1581 4369 omnes
1624 4325 1796 4369 casus
1847 4306 2060 4370 debeat
2102 4306 2403 4369 declinari.
2493 4326 2679 4389 quare
2725 4307 2840 4369 boc
2883 4325 3218 4375 monemus,

631 4411 789 4492 quod
856 4428 1269 4491 quaecumque
1328 4410 1569 4471 nomina
1636 4409 1888 4471 ablativo
1945 4428 2086 4474 casu
2139 4410 2384 4471 'numeri
2439 4410 2753 4489 singularis
2821 4426 2932 4489 per
2989 4410 3140 4471 duas
3183 4430 3220 4469 o

771 4615 797 4665 l
834 4614 916 4665 uel
955 4614 999 4665 is
1036 4617 1087 4667 B
1119 4614 1201 4665 uel
1238 4615 1274 4664 ii
1310 4614 1356 4665 R
1493 4617 1527 4665 2
1560 4614 1661 4665 duo
1700 4616 1718 4665 i
1752 4632 1780 4665 v
1817 4614 1947 4666 duos
1980 4615 1998 4664 i
2035 4615 2086 4665 B
2123 4614 2252 4665 duos
2291 4614 2337 4665 R
2475 4614 2509 4666 8
2549 4630 2730 4666 nomen
2768 4616 2831 4665 ab
2860 4614 2958 4664 hoc
2996 4614 3139 4665 ebrio
3179 4616 3224 4665 R

632 4700 816 4735 nomen
852 4698 953 4735 non
990 4687 1053 4736 ab
1092 4685 1190 4736 hoc
1224 4686 1345 4735 ebro
1374 4684 1427 4735 B
1482 4700 1665 4736 nomen
1702 4700 1804 4737 non
1853 4685 1918 4737 ab
1954 4684 2054 4736 hoc
2083 4685 2203 4736 ebro
2249 4685 2344 4735 sed
2379 4684 2443 4735 ab
2480 4684 2579 4736 hoc
2623 4686 2763 4736 ebrio
2798 4687 3008 4737 coniecit
3053 4686 3228 4736 editor

639 4754 1042 4807 Vindoboneneie
1180 4758 1245 4806 27
1282 4756 1333 4804 in
1370 4755 1597 4811 ultimam
1634 4756 1717 4807 uel
1751 4754 2028 4822 proultima
2065 4754 2334 4821 syllabaB
2371 4756 2424 4805 in
2463 4757 2642 4807 ultima
2675 4756 2758 4806 uel
2796 4770 2962 4823 prope
2993 4755 3230 4806 ultimam

631 4825 883 4893 syllabam
922 4825 968 4876 R
1107 4824 1177 4878 :36
1212 4824 1500 4893 Vergilius]
1542 4824 1675 4878 Aen.
1712 4827 1782 4877 111
1819 4824 1925 4877 508
