3434 5442
667 367 792 428 552
1799 355 2104 438 [suasu]

767 468 799 509 s.
815 469 866 512 ⁸7
894 469 990 510 cod.
1013 467 1118 508 Lav-

665 567 731 610 es
774 556 892 617 est,
949 549 1143 619 eram,
1199 556 1266 608 ut
1317 545 1461 608 illud
1506 545 1662 627 quod
1708 551 1875 606 extra
1920 545 2364 624 coniugationes
2410 563 2537 606 esse
2578 545 2867 616 diximus,
2914 545 3050 616 odi,
3110 544 3241 606 lacit

667 651 988 733 praeterito
1045 648 1310 730 perfecto
1364 665 1503 711 >osus
1561 667 1712 712 sum.
1800 647 1940 709 item
1996 649 2183 708 mirae
2225 648 2499 710 novitatis
2541 654 2631 708 est
2674 647 2921 710 verbum
2964 647 3240 726 coniuga-

670 754 846 815 tionis
887 752 1096 814 tertiae
1139 757 1478 831 correptae,
1509 745 1539 835 ss
1582 749 1763 820 facio,
1808 748 1965 830 quod
2008 751 2211 829 utique
2254 746 2517 812 neutrale
2560 756 2675 820 est,
2720 753 2859 830 quia
2904 769 3029 812 non
3074 749 3243 812 hahet

671 856 1032 917 contrarium
1079 852 1297 923 facior;
1345 861 1539 915 tamen
1583 853 1636 913 si
1677 851 2147 922 consideremus,
2202 869 2313 931 pro
2354 852 2540 913 activo
2582 851 2791 914 baberi
2833 861 3069 937 potest,
3116 854 3241 931 quia

619 975 644 1015 ⁵
669 958 823 1020 facio
867 956 1096 1036 agentis
1138 963 1257 1027 est,
1317 963 1376 1017 et
1420 963 1510 1016 est
1549 955 1626 1016 flo
1669 954 1963 1035 patientis.
2049 971 2199 1016 nova
2244 971 2387 1033 ergo
2432 952 2617 1016 forma
2664 973 2799 1016 cum
2846 953 3007 1018 aliud
3052 972 3241 1034 agere,

667 1058 824 1121 aliud
869 1060 992 1140 pati
1035 1058 1351 1136 significet,
1411 1065 1729 1138 utrumque
1772 1055 2067 1126 neutrale,
2119 1057 2201 1117 ita
2244 1065 2441 1120 tamen
2486 1063 2551 1118 ut
2590 1057 2695 1128 fio,
2753 1057 2913 1138 quod
2956 1074 3073 1135 pro
3118 1073 3243 1134 pas·

665 1163 788 1224 siva
847 1159 1170 1222 neutralem
1226 1159 1422 1222 intulit
1475 1161 1727 1222 formam
1742 1206 1757 1229 ,
1815 1167 2082 1238 tempore
2136 1159 2457 1238 praeterito
2498 1159 2763 1238 perfecto
2805 1167 2869 1222 et
2908 1158 3243 1240 plusquam-

663 1263 931 1344 perfecto
975 1262 1049 1323 ad
1093 1263 1378 1340 passivam
1421 1263 1682 1342 speciem
1724 1259 2083 1323 revolvatur:
2132 1260 2378 1322 dicimus
2426 1261 2582 1322 enim
2626 1261 2817 1323 sactus
2860 1279 3015 1332 sum,
3062 1261 3245 1323 racms

589 1354 596 1362 ’
671 1381 852 1426 eram.
927 1363 1137 1426 barum
1183 1364 1528 1426 varietatum
1571 1362 1861 1444 plurimae
1902 1365 2131 1444 species
2174 1361 2265 1426 rel
2308 1362 2524 1442 legenti
2568 1371 2894 1426 occurrent
2934 1361 3029 1424 vel
3076 1366 3241 1424 etiam

595 1483 643 1524 ιο
669 1469 732 1529 in
777 1474 1044 1546 tempore
1089 1465 1418 1528 disserenti.
1507 1465 1753 1528 medeor
1809 1483 1926 1527 non
1982 1464 2162 1526 habet
2214 1465 2625 1544 praeteritum,
2680 1483 2965 1546 praesens
3008 1465 3247 1526 medeor

662 1568 922 1630 mederis
964 1568 1250 1630 medetur.

839 1671 1181 1749 Coniugatio
1237 1669 1308 1733 ad
1365 1668 1628 1749 regulam
1674 1670 1935 1749 pertinet
1975 1667 2319 1737 verborum,
2364 1686 2516 1749 quae
2560 1669 2761 1740 docet,
2804 1671 2869 1730 in
2913 1688 3095 1750 quam
3138 1668 3246 1750 syl·

668 1771 864 1835 labam
921 1779 1092 1834 exeat
1141 1771 1410 1834 futurum
1457 1779 1688 1852 tempus
1731 1771 2045 1834 verborum
2063 1819 2077 1840 ,
2138 1787 2213 1831 ne
2256 1787 2365 1849 per
2406 1770 2843 1852 inprudentiam
2890 1773 3053 1834 dicat
3092 1774 3243 1851 quis-

669 1877 826 1956 piam
885 1877 906 1908 ‘
923 1892 1034 1952 ego
1089 1873 1197 1935 tibi
1253 1873 1498 1953 legebo’
1545 1893 1656 1954 pro
1699 1871 1891 1953 legam
1948 1880 2008 1934 et
2050 1871 2435 1950 cognoscebis
2478 1891 2588 1953 pro
2632 1889 2973 1951 cognosces.
3060 1876 3244 1955 prima

597 1993 646 2034 ιε
673 1977 854 2039 mittit
895 1977 1158 2038 futurum
1199 1983 1434 2057 tempus
1475 1978 1537 2038 in
1580 1975 1692 2046 bo;
1752 1974 2025 2036 similiter
2070 1981 2129 2036 et
2170 1974 2425 2036 secunda
2468 1977 2533 2036 in
2576 1975 2653 2038 bo
2696 1977 2844 2045 exit;
2892 1977 3069 2038 tertia
3114 1995 3244 2037 vero

666 2080 731 2140 in
775 2097 896 2149 am,
945 2085 1010 2140 nt
1051 2077 1260 2158 legam.
1349 2097 1383 2140 a
1437 2076 1739 2158 plerisque
1794 2083 1991 2140 autem
2048 2074 2263 2139 dicitur
2323 2085 2381 2140 et
2436 2084 2642 2158 quarta
2686 2079 3055 2157 coniugatio,
3100 2097 3243 2159 quae

671 2181 932 2242 futurum
993 2187 1224 2259 tempus
1277 2180 1454 2242 mittit
1506 2181 1571 2240 in
1629 2198 1721 2241 am
1768 2185 1828 2240 et
1870 2180 1929 2240 in
1973 2177 2081 2249 bo,
2136 2197 2310 2259 quam
2356 2180 2443 2241 sic
2486 2179 2895 2242 discernimus,
2982 2183 3245 2261 quotiens

673 2283 1054 2363 imperativus
1098 2281 1308 2345 modus
1351 2282 1424 2346 ad
1469 2281 1787 2344 secundam
1831 2298 2145 2363 personam
2193 2283 2214 2341 i
2258 2280 2451 2344 littera
2494 2281 2674 2344 fuerit
2714 2283 3081 2353 terminatus,
3126 2285 3243 2362 ipsa

675 2393 765 2448 est
807 2384 1142 2464 coniugatio
1186 2403 1335 2465 quae
1393 2385 1606 2446 dicitur
1650 2390 1858 2464 quarta
1874 2431 1889 2454 ,
1946 2390 2013 2444 ut
2064 2390 2154 2444 est
2196 2384 2351 2446 servi
2393 2381 2530 2444 audi
2570 2385 2593 2444 i
2636 2383 2777 2446 fulci
2820 2393 2880 2445 et
2924 2393 3150 2454 cetera,
3192 2394 3245 2445 et

546 2491 570 2512 ·
595 2487 817 2549 solacii
859 2485 1118 2548 futurum
1175 2493 1410 2566 tempus
1463 2487 1712 2550 serviam
1770 2493 1829 2546 et
1880 2484 2143 2546 servibo:
2207 2484 2521 2548 Terentius
2574 2485 2639 2546 in
2681 2486 2911 2566 Hecyra
2956 2489 3243 2550 ‘matris

673 2587 983 2650 servibo
1028 2588 1498 2650 commodis’:
1543 2586 1777 2650 audiam
1823 2585 2067 2658 audibo,
2114 2604 2241 2648 eam
2284 2585 2415 2658 ibo,
2460 2587 2521 2650 in
2564 2584 2849 2650 bucolicis

974 2689 1098 2752 ibo
1143 2698 1214 2751 et
1255 2690 1642 2754 Calcidico
1685 2707 1867 2771 quae
1912 2696 2087 2752 sunt
2128 2689 2306 2750 mihi
2351 2688 2653 2752 condita
2694 2709 2923 2754 versu

977 2793 1304 2854 carmina
1349 2793 1682 2873 pastoris
1726 2790 1971 2853 Siculi
2014 2789 2435 2852 meditabor
2478 2808 2729 2854 avena.

672 2894 807 2976 lego
851 2893 998 2974 legis
1038 2893 1213 2974 legit,
1257 2893 1411 2956 facio
1455 2894 1600 2954 sacis
1642 2893 1809 2963 facit,
1869 2893 2065 2955 futuro
2110 2901 2377 2974 tempore
2420 2891 2609 2972 legam
2656 2893 2885 2957 faciam.
2974 2897 3243 2974 coniuga-

597 3015 649 3055 25
676 3000 758 3059 tio
801 2997 1057 3060 secunda
1102 2997 1164 3057 in
1209 2994 1320 3066 bo,
1367 3013 1582 3059 moneo
1627 3013 1863 3066 mones,
1920 2995 2117 3058 futuro
2162 3004 2427 3076 tempore
2469 2994 2753 3064 monebo:
2800 2997 3029 3076 passivo
3070 2998 3243 3060 verbo

671 3117 920 3162 moneor
975 3097 1113 3162 facit
1169 3097 1370 3158 futuro
1427 3095 1736 3160 monebor.
1824 3095 1979 3158 aliud
2036 3104 2127 3158 est
2180 3095 2313 3177 lego
2356 3095 2571 3160 librum
2590 3144 2605 3169 ‚
2652 3097 2809 3160 aliud
2854 3105 2943 3160 est
2985 3099 3144 3180 lego,
3188 3101 3241 3162 id

673 3208 764 3262 est
805 3199 1255 3263 custodiendum
1301 3199 1684 3262 commendo:
1731 3199 1870 3259 hinc
1916 3201 2071 3260 venit
2114 3197 2325 3279 delego
2369 3197 2599 3278 relego:
2647 3199 2941 3280 Vergilius

979 3310 1050 3362 et
1091 3301 1462 3382 nymphae
1505 3302 1819 3382 Egeriae
1862 3301 2297 3382 nemorique
2341 3301 2660 3380 relegat,

675 3413 736 3466 et
798 3403 871 3466 de
929 3405 1213 3466 armentis
1267 3404 1380 3475 sic,
1441 3404 1548 3465 ‘in
1613 3402 1771 3464 sola
1834 3401 2187 3482 relegant
2234 3407 2540 3484 pascua’
2601 3403 2873 3485 [muscus
2926 3405 3027 3467 ubi
3066 3405 3239 3468 herba

597 3522 648 3566 so
678 3505 920 3587 suavis}

829 3607 1124 3687 -Plerique
1167 3606 1386 3670 docent
1427 3614 1486 3669 et
1527 3609 1914 3669 conexionem
1960 3624 2091 3670 esse
2133 3607 2195 3668 in
2238 3605 2633 3670 declinatione
2676 3607 3023 3677 verborum.
3078 3630 3239 3691 quam

681 3710 939 3772 Donatus
983 3708 1146 3771 siluit
1187 3709 1276 3770 vel
1321 3709 1597 3772 Scaurus.
2852 3791 2855 3794 Δ

848 3810 1067 3873 Neutra
1121 3819 1260 3874 sunt
1317 3830 1465 3892 quae
1521 3828 1632 3872 nec
1685 3811 1957 3892 accipere
2000 3819 2245 3892 possunt
2287 3831 2320 3873 r
2362 3811 2617 3874 litteram
2664 3829 2775 3874 nec
2816 3831 3043 3893 ponere
3062 3861 3076 3884 ‚
3120 3817 3237 3896 quia

681 3911 858 3975 simul
901 3931 1032 3975 eam
1075 3914 1346 3993 recipere
1391 3921 1716 3990 nequeant,
1762 3922 1830 3976 ut
1872 3921 1963 3975 sto
2006 3931 2217 3976 curro:
2264 3921 2389 3976 stor
2434 3931 2645 3978 curror
2686 3914 2892 3979 Latina
2936 3934 3059 3978 non
3098 3925 3241 3979 sunt.

818 4102 851 4152 4
888 4101 1134 4152 contrario
1176 4099 1226 4149 L
1394 4100 1428 4152 5
1465 4108 1514 4151 et
1545 4105 1630 4152 est
1662 4103 1715 4152 in
1753 4115 1910 4166 mar-9.
1947 4103 2069 4152 add.
2109 4103 2158 4152 L
2332 4099 2397 4152 19
2436 4110 2483 4152 et
2519 4109 2688 4152 cetera
2720 4099 2844 4152 facit
2878 4103 2927 4152 L
3102 4103 3167 4156 20
3195 4105 3238 4152 iu

679 4167 894 4238 Hecyra]
936 4171 1004 4220 111
1041 4173 1091 4234 5,
1126 4172 1194 4222 45
1335 4170 1487 4221 matri
1519 4173 1568 4222 L
1707 4171 1770 4223 21
1820 4172 1870 4220 in
1910 4169 2173 4239 bucolicis]
2212 4169 2296 4231 10,
2334 4172 2403 4224 50
2564 4172 2632 4222 22
2669 4173 2872 4224 condita
2903 4177 2924 4224 ἱ
2972 4175 3165 4225 candita
3202 4175 3241 4222 Ι,

815 4241 886 4294 23
920 4240 1119 4292 habena
1153 4242 1203 4292 L
1377 4242 1444 4292 27
1481 4257 1628 4308 uerg.
1667 4251 1716 4292 et
1753 4243 1885 4291 euim
1924 4241 2007 4292 fae
2045 4241 2131 4291 L:
2172 4243 2331 4307 Ver-q.
2369 4241 2503 4295 Aen.
2540 4241 2635 4292 vn
2676 4243 2780 4294 775
2920 4245 2991 4296 ²8
3032 4244 3243 4311 relegant

679 4311 843 4377 (corr.
882 4309 1023 4379 -gat)
1060 4321 1110 4362 et
1149 4311 1210 4361 de
1241 4312 1397 4362 armis
1433 4313 1508 4362 sic
1546 4311 1629 4360 L.-
1675 4313 1835 4377 Ver-9.
1870 4312 2154 4378 aeor9.1l1
2189 4311 2289 4363 213
2427 4312 2497 4364 29
2537 4325 2745 4362 muscus
2781 4313 2869 4364 ubi
2904 4313 3092 4365 herbas
3128 4313 3240 4364 fabia

679 4383 843 4446 (corr.
876 4381 1046 4442 nauis)
1086 4383 1170 4432 L.-
1205 4380 1276 4444 ef.
1315 4383 1471 4448 Vera.
1502 4397 1677 4447 geor-9.
1718 4382 1789 4432 Ill
1828 4383 1947 4433 144.
1980 4389 2193 4432 ceterum
2221 4397 2292 4433 ex
2327 4381 2744 4448 interpretatione
2774 4385 3062 4448 super-ion}
3086 4399 3243 4436 verm

677 4453 804 4503 haee
836 4453 1017 4504 relicta
1048 4466 1160 4504 esse
1188 4451 1418 4503 videntur
1555 4451 1618 4503 31
1655 4453 1730 4502 ad
1752 4454 1971 4517 regulam
2008 4451 2072 4502 de
2100 4455 2375 4504 conexione
2414 4461 2701 4516 tempor-mu,
2728 4469 2829 4518 qua
2864 4455 3094 4518 doceam,
3134 4469 3241 4520 quae

679 4529 950 4586 tempor-aa
969 4523 1146 4588 quibus
1165 4529 1419 4574 sumuntur
1439 4519 1580 4584 (exc.
1607 4520 1737 4572 Bob.
1754 4525 1849 4572 vol.
1878 4523 1897 4570 1
1924 4537 1979 4587 p.
2005 4521 2126 4580 563,
2148 4522 2259 4584 26),
2295 4525 2553 4586 pertinent
2574 4539 2637 4574 ea
2658 4539 2791 4590 quae
2806 4523 2927 4585 553,
2954 4525 2989 4578 3
3012 4525 3080 4576 de
3094 4527 3239 4589 prim

677 4591 936 4642 verborum
984 4594 1229 4655 positione
1279 4591 1420 4656 (exc.
1456 4591 1586 4645 Bob.
1615 4605 1672 4654 ρ.
1711 4589 1831 4656 563,
1858 4590 1951 4653 34)
1986 4600 2037 4643 et
2072 4593 2213 4656 infra
2250 4594 2373 4655 554,
2404 4597 2437 4642 4
2474 4594 2539 4646 de
2562 4595 2851 4660 imperativo
2884 4603 2937 4645 et
2964 4597 3239 4659 promissivo

679 4663 823 4712 modo
853 4664 1050 4726 scripta
1085 4670 1216 4716 sunt.
1265 4669 1544 4727 praeterea
1578 4675 1708 4727 quae
1741 4662 1807 4712 de
1840 4661 1990 4712 verbo
2014 4661 2079 4712 fio
2100 4661 2222 4728 553,
2242 4663 2277 4714 6
2304 4671 2359 4714 et
2373 4664 2438 4714 de
2455 4667 2737 4728 praeterito
2752 4673 2973 4728 tmpore
3001 4666 3237 4718 verbor·

683 4731 1036 4794 defectivam
1059 4733 1179 4794 553,
1207 4733 1242 4785 9
1265 4734 1510 4784 adnotata
1535 4739 1655 4783 sunt
1685 4732 1856 4784 eodem
1888 4731 2125 4784 videntur
2145 4733 2421 4796 referenda
2442 4749 2574 4790 esse.
2613 4742 2830 4785 ceter-itm
2846 4737 2897 4785 ἔτι
2918 4735 3001 4787 leis
3026 4736 3235 4787 obser-w

677 4801 890 4852 tionibus
921 4801 1198 4864 verbor-m,
1237 4817 1341 4852 αιηι
1370 4805 1521 4854 naalia
1555 4816 1801 4865 perverso
1840 4803 2021 4855 ordine
2052 4805 2249 4867 scripta
2280 4806 2397 4866 aine,
2428 4813 2617 4855 cer-tm
2654 4807 2809 4870 leym
2836 4820 2903 4856 ne
2924 4806 3037 4869 ipse
3064 4806 3235 4874 qudda-

677 4872 1030 4934 gramaticus
1063 4879 1262 4921 secutus
1301 4887 1413 4923 esse
1447 4871 1643 4922 videtur
1782 4871 1849 4924 33
1888 4881 2003 4924 sunt
2038 4887 2129 4923 om.
2170 4872 2220 4922 L
