3434 5442
1132 359 1361 420 COMM.
1410 357 1486 420 ΙΝ
1532 358 1890 420 DONATVM
2686 364 2806 425 445

2199 478 2245 519 p.
2277 465 2400 506 181³.
2429 465 2480 506 82
2505 467 2602 507 coa.
2631 463 2728 506 Par.

226 545 548 608 scribendo
594 565 723 608 esse
768 545 983 608 dicitur
1028 565 1161 608 cum
1207 545 1467 609 anhelitu
1512 547 1575 608 in
1618 545 2073 626 pronuntiando.
2161 546 2318 608 inter
2357 546 2803 606 inmutationem

232 660 293 710 et
333 649 886 710 transmutationem
929 648 1042 709 hoc
1081 649 1359 719 interest,
1407 648 1563 728 qnod
1606 649 1916 710 inmutatio
1962 648 2192 717 dicitur,
2240 647 2340 710 ubi
2384 645 2564 708 altera
2610 646 2802 707 littera

234 768 345 830 pro
392 749 585 812 littera
632 751 897 830 ponitur,
946 758 1009 810 ut
1039 748 1138 811 olli
1168 768 1279 831 pro
1323 748 1431 820 illi;
1478 753 1888 813 transmutatio
1918 757 2110 811 autem
2143 758 2261 818 est,
2311 748 2410 811 ubi
2455 747 2614 810 solus
2657 746 2804 809 ordo

226 859 489 914 mutatur
544 854 687 932 ipsis
756 851 1133 915 manentibus
1188 850 1427 922 litteriS,
1500 860 1564 913 ut
1616 851 1892 914 Euandre
1948 870 2058 933 pro
2114 851 2408 914 Euander.
2499 849 2806 912 conversio

226 955 389 1014 enim
435 952 589 1016 facta
633 962 723 1016 est
764 953 1117 1017 litterarum.
2833 969 2857 1009 5

402 1056 507 1118 His
548 1057 629 1118 ita
672 1073 737 1116 se
780 1055 1135 1118 habentibus
1178 1055 1319 1116 dicit
1348 1073 1476 1117 esse
1506 1055 1794 1136 quaedam
1840 1057 2002 1125 vitia,
2052 1054 2264 1137 quibus
2307 1054 2540 1136 quidem
2589 1071 2804 1115 nomen

224 1175 347 1218 non
408 1157 641 1226 tribuit,
706 1165 899 1220 tamen
966 1156 1199 1220 vitanda
1263 1159 1583 1238 praecepit.
1673 1164 1812 1219 sunt
1875 1165 2070 1220 autem
2123 1158 2415 1220 iotacismi
2467 1155 2804 1218 labdacismi

225 1260 599 1339 myotacismi
650 1259 846 1322 hiatus
901 1267 961 1322 et
1016 1257 1367 1320 collisiones.
1454 1259 1746 1322 iotacismi
1799 1267 1966 1331 sunt,
2022 1261 2294 1340 quotiens
2348 1268 2482 1340 post
2527 1260 2567 1319 ti
2613 1256 2703 1318 vel
2747 1257 2807 1318 di

226 1360 515 1441 syllabam
562 1363 825 1441 sequitur
878 1360 1128 1433 vocali5‚
1186 1370 1245 1422 et
1295 1360 1645 1442 plerumque
1688 1380 1866 1442 supra
1911 1361 2102 1424 dictae
2153 1361 2409 1443 syllabae
2466 1362 2524 1422 in
2569 1357 2802 1422 sibilum

226 1471 567 1532 transeunt,
636 1470 777 1524 tunc
843 1461 1096 1536 scilicet,
1171 1463 1407 1544 quando
1477 1462 1738 1526 medium
1803 1463 1998 1527 locum
2062 1471 2294 1534 tenent,
2371 1471 2436 1525 ut
2503 1461 2802 1524 meridies.
2832 1479 2880 1518 ιο

224 1565 467 1646 quando
524 1571 719 1626 autem
776 1567 1035 1645 primum
1090 1565 1285 1628 locum
1346 1571 1580 1638 tenent,
1640 1567 1816 1628 etiam
1874 1567 1960 1627 sic
2003 1566 2254 1647 positae,
2311 1567 2464 1627 sicut
2505 1564 2802 1634 dicuntur,

224 1669 303 1728 ita
352 1668 531 1728 etiam
576 1664 877 1728 sonandae
922 1673 1096 1737 sunt,
1142 1675 1207 1730 ut
1250 1666 1375 1729 dies
1419 1668 1614 1729 tiaras.
1704 1665 2046 1730 labdacismi
2087 1668 2260 1738 fiunt,
2321 1669 2370 1728 si
2415 1673 2514 1728 aut
2557 1684 2738 1728 unum
2785 1668 2808 1726 l

226 1770 465 1830 tenuius
507 1767 655 1830 dicis
700 1766 1173 1851 [solecismum],
1218 1778 1284 1832 ut
1311 1769 1553 1839 Lucius,
1600 1775 1701 1830 aut
1745 1770 2046 1848 geminum
2073 1771 2374 1850 pinguiuS,
2421 1776 2490 1828 ut
2517 1765 2802 1828 Metellus,

224 1871 643 1951 myotacismus
700 1871 791 1940 iit,
847 1871 1119 1950 quotiens
1169 1879 1304 1951 post
1357 1877 1585 1951 partem
1643 1871 1924 1932 orationis
1978 1872 2040 1932 in
2097 1890 2154 1933 m
2199 1870 2392 1934 littera
2437 1868 2802 1930 desinentem

222 1973 495 2054 sequitur
538 1971 653 2032 alia
681 1989 821 2050 pars
864 1974 1145 2034 orationis
1188 1991 1339 2053 quae
1380 1971 1619 2034 inchoat
1648 1991 1681 2033 a
1725 1971 1939 2044 vocali,
1997 1979 2062 2034 ut
2105 1971 2444 2034 ‘bominem
2489 1972 2798 2032 amicum'.
2830 1988 2878 2030 15

222 2075 343 2136 hoc
396 2075 599 2136 vitium
656 2074 837 2136 vitare
890 2093 1203 2155 possumus
1258 2082 1358 2136 aut
1412 2091 1519 2154 per
1572 2076 2018 2154 suspensionem
2075 2073 2495 2154 pronuntiandi
2549 2080 2648 2136 aut
2702 2091 2802 2134 ex·

222 2176 489 2238 elusione
545 2176 727 2256 ipsius
781 2195 839 2236 m
894 2174 1145 2239 litterae.
1234 2177 1338 2239 sed
1394 2175 1605 2238 melius
1666 2183 1755 2238 est
1808 2185 1874 2238 ut
1935 2177 2320 2256 suspensione
2383 2174 2804 2256 pronuntiandi

222 2279 337 2339 boc
387 2278 584 2340 vitium
650 2275 1069 2358 relinquamus,
1160 2279 1209 2338 si
1266 2279 1420 2339 enim
1479 2276 1836 2342 voluerimus
1891 2297 1950 2338 m
2005 2274 2258 2339 litteram
2319 2277 2663 2350 excludere,
2719 2279 2802 2338 vi·

218 2389 415 2442 tamus
474 2378 711 2460 quidem
770 2380 1239 2459 myotacismum,
1298 2379 1399 2441 sed
1458 2379 1722 2443 cadimus
1772 2381 1836 2440 in
1887 2379 2130 2442 hiatum.
2219 2380 2412 2444 hiatus
2455 2387 2650 2443 autem
2697 2386 2801 2450 est,

220 2481 461 2562 quando
516 2480 730 2542 vocalis
789 2479 1045 2542 vocalem
1100 2483 1365 2562 sequitur
1419 2484 1481 2543 in
1537 2480 1764 2544 duabus
1820 2481 2084 2562 partibus
2139 2483 2451 2552 orationis,
2500 2489 2564 2544 ut
2605 2481 2801 2543 ‘Musa
2828 2497 2880 2538 20

221 2583 497 2646 amavit’.
584 2582 743 2663 quod
798 2581 1030 2645 foedius
1086 2593 1203 2656 est,
1263 2585 1315 2644 si
1357 2585 1596 2646 eaedem
1640 2567 1874 2648 vocales
1917 2602 1980 2646 se
2024 2591 2377 2664 sequantur;
2447 2591 2710 2646 ceterum
2753 2583 2803 2643 si

220 2685 402 2757 aliae,
470 2683 653 2747 levius
707 2684 969 2756 videtur,
1026 2693 1095 2748 ut
1152 2686 1347 2747 ‘Musa
1394 2687 1738 2766 optimum’.
1829 2684 2160 2748 collisiones
2203 2694 2367 2756 sunt,
2414 2688 2686 2768 quotiens
2727 2684 2802 2746 ab

218 2787 431 2848 iisdem
490 2785 729 2866 syllabis
780 2787 1130 2849 inchoamus
1184 2796 1497 2869 sequentes
1552 2797 1752 2870 partes
1797 2789 2107 2859 orationis,
2153 2787 2368 2869 quibus
2411 2790 2804 2850 terminantur

220 2891 485 2970 priores,
532 2895 599 2950 ut
641 2890 660 2920 ‘
681 2895 871 2950 mater
914 2890 1099 2952 trahis
1116 2892 1159 2950 '.
1230 2896 1296 2951 ut
1340 2887 1620 2960 diximus,
1685 2891 1834 2952 vitiis
1879 2909 2096 2953 nomen
2140 2893 2426 2970 inponere
2471 2888 2804 2952 nullatenus

222 2998 549 3072 potuerunt
560 3009 576 3060 ;
626 2989 1029 3054 definitionem
1071 2998 1273 3052 tamen
1316 2991 1611 3054 intuentes
1654 3010 1966 3072 possumus
2009 2993 2088 3053 ita
2131 2991 2469 3057 defendere.
2505 2987 2534 3075 ΙΙ
2570 3009 2706 3053 nam
2751 2992 2802 3052 si
2826 3007 2878 3050 25

222 3091 629 3155 barbarismus
686 3101 777 3154 est
830 3093 1031 3157 vitium
1088 3091 1303 3156 lactum
1366 3094 1429 3154 in
1483 3112 1597 3155 una
1652 3103 1820 3174 parte
1877 3095 2186 3166 orauonis,
2245 3102 2470 3156 tantum
2525 3111 2647 3155 non
2691 3093 2806 3154 erit

220 3193 609 3258 barbarismis
662 3193 1043 3275 adplicandus
1096 3195 1435 3258 iotacismus
1490 3203 1551 3257 et
1608 3193 2029 3268 labdacismuS,
2088 3197 2190 3277 qui
2245 3197 2308 3256 in
2365 3194 2614 3275 singulis
2655 3194 2806 3256 fiunt

220 3296 491 3377 partibus
535 3296 844 3366 orationis;
891 3305 1154 3358 ceterum
1198 3298 1613 3378 myotacismus
1655 3297 1850 3360 hiatus
1880 3306 1939 3359 et
1967 3297 2328 3370 collisiones,
2375 3297 2651 3377 quoniam
2683 3313 2802 3357 non

228 3417 549 3480 numquam
606 3399 667 3460 in
723 3417 839 3460 una
896 3407 1065 3478 parte
1122 3400 1401 3460 orationis
1456 3407 1703 3479 possunt
1759 3399 1933 3463 effici.
1991 3398 2064 3460 de
2109 3417 2222 3481 qua
2266 3417 2334 3461 re
2377 3417 2442 3460 se
2485 3417 2518 3460 a
2563 3399 2802 3460 nomine

222 3500 524 3562 abstinuit.
612 3507 919 3580 praeterea
982 3499 1265 3582 [hiatum]
1323 3509 1462 3564 sunt
1504 3499 1856 3564 barbarismi
1898 3503 2000 3580 qui
2043 3501 2117 3563 ad
2161 3503 2574 3582 grammaticos
2616 3501 2797 3580 perti·
2825 3517 2879 3560 so

224 3611 399 3672 nent;
476 3600 563 3662 illi
617 3619 782 3674 vero,
843 3603 943 3684 qui
998 3603 1057 3664 in
1115 3601 1353 3683 syllabis
1408 3604 1584 3675 fiunt,
1641 3623 1836 3685 neque
1889 3602 1962 3666 ad
2030 3605 2444 3684 grammaticos
2501 3604 2802 3684 pertinent

225 3723 417 3785 neque
462 3703 811 3768 barbarismi
866 3703 981 3766 dici
1040 3713 1305 3785 possunt.
1392 3705 1736 3786 frequenter
1781 3707 1936 3768 enim
1981 3707 2044 3768 in
2087 3706 2316 3769 duabus
2358 3707 2624 3787 partibus
2667 3725 2801 3768 ora·

222 3807 399 3868 tionis
442 3806 616 3877 fiunt,
676 3805 831 3888 quod
892 3814 1095 3868 contra
1154 3805 1552 3869 definitionem
1610 3815 1699 3870 est
1741 3807 2122 3880 barbarismi,
2167 3817 2234 3872 ut
2275 3808 2472 3890 ‘leges
2513 3817 2744 3875 nostras
2757 3810 2800 3878 ’,

220 3908 239 3938 ‘
259 3924 407 3986 ergo
449 3909 699 3969 revoco'
746 3915 805 3969 et
846 3907 1076 3970 similia.
1137 3907 1249 3970 hae
1293 3908 1569 3971 dicuntur
1612 3908 1802 3972 malae
1847 3911 2322 3992 compositiones.

1194 4077 1293 4140 BE
1336 4077 1825 4144 SOLOECISMO.
2825 4095 2876 4138 ss

393 4196 786 4260 Soloecismus
830 4196 1021 4260 dictus
1065 4204 1156 4259 est
1197 4195 1286 4259 vel
1332 4215 1405 4259 ex
1449 4198 1673 4262 Graeca
1729 4197 2110 4280 etymologia,
2155 4201 2320 4281 quasi
2366 4193 2550 4284 σῷον
2593 4195 2801 4280 λόγου

224 4379 413 4420 etcum
450 4369 629 4418 vitium
666 4369 875 4434 linguae
903 4370 987 4433 sit,
1024 4368 1292 4420 scribendo
1322 4385 1436 4419 esse
1467 4369 1676 4431 dicitur3
1729 4372 1828 4422 m‘ri
1847 4372 2016 4434 pocius
2037 4380 2155 4435 post
2195 4372 2377 4422 dicitur
2411 4387 2524 4421 cum
2568 4373 2802 4435 exempla

220 4439 527 4489 barbarismi
555 4454 654 4501 per
683 4439 1097 4503 adspirationem,
1127 4453 1257 4502 quae
1290 4442 1341 4490 in
1366 4442 1555 4502 scripto
1586 4442 1833 4492 invenuur
1857 4439 2079 4505 (citaris.
2107 4456 2162 4504 p.
2201 4439 2344 4501 238),
2369 4441 2666 4493 exciderunt

228 4512 249 4562 1
288 4511 751 4560 intermu.ationem
782 4509 831 4557 P
966 4507 1001 4560 8
1036 4516 1150 4574 post
1177 4511 1192 4559 i
1220 4507 1271 4558 P
1410 4509 1469 4560 11
1494 4510 1662 4575 posita
1688 4512 1739 4560 P
1881 4510 1945 4560 12
1969 4525 2124 4562 unum
2163 4512 2366 4561 tenuius
2403 4511 2452 4560 P
2594 4512 2658 4564 13
2688 4512 2801 4577 pin—

222 4581 341 4645 guis
369 4581 420 4629 P
571 4579 633 4630 21
674 4578 825 4629 fidius
856 4586 1012 4628 estse
1041 4593 1101 4645 eq
1134 4579 1337 4628 uocales
1373 4579 1424 4628 P
1592 4581 1659 4632 22
1696 4579 1934 4631 uidentur
1961 4582 2012 4632 P
2179 4581 2246 4632 28
2268 4581 2361 4630 hoc
2389 4583 2558 4644 potius
2587 4583 2802 4634 voluisse

222 4651 421 4700 videtur
450 4650 803 4714 yrarmnatt‘eus
818 4685 832 4708 ,
864 4649 1223 4713 myotact‘smum
1255 4647 1438 4700 hiatum
1470 4657 1521 4700 et
1562 4651 1857 4711 collisiones,
1883 4652 2111 4716 quoniam
2148 4667 2407 4716 nmquam
2431 4654 2484 4702 in
2519 4669 2620 4704 una
2649 4662 2802 4716 parce

222 4721 463 4770 orationis
495 4728 708 4784 possent
741 4719 894 4782 effici,
932 4734 1031 4769 non
1065 4726 1203 4769 recte
1240 4719 1343 4770 dici
1366 4719 1706 4772 barbarismos
1845 4720 1912 4771 33
1957 4724 2186 4785 exempla
2216 4739 2250 4773 a
2279 4723 2600 4787 grammatico
2629 4726 2802 4786 posita

222 4791 455 4840 videam·
485 4790 559 4839 ad
590 4791 712 4840 vitia
744 4796 1031 4841 structurae
1074 4790 1358 4854 pertinere,
1398 4791 1463 4842 de
1504 4791 1681 4858 quibus
1728 4791 1862 4844 divit
1895 4791 2188 4847 Consentius
2221 4793 2288 4844 de
2335 4791 2481 4848 barb.
2533 4807 2590 4857 p.
2625 4795 2684 4845 17
2717 4795 2800 4848 ed.

226 4859 406 4910 Bateni.
