3434 5442
616 326 844 377 xxv111
1687 315 2111 377 PRAEFATIO

617 508 682 565 et
726 498 808 565 de
849 499 1145 587 partibus
1200 502 1508 566 orationis
1559 502 1628 566 in
1691 523 1767 567 eo
1823 502 1988 567 libro
2044 502 2410 589 expositum
2449 504 2674 567 fuisse.
2730 503 2910 590 atqui
2963 503 3203 569 eodem

617 603 873 667 nomine
917 603 1298 689 inscriptum
1353 605 1667 670 habemus
1722 603 1962 669 librum
2017 604 2096 669 de
2150 614 2289 669 arte
2347 606 2801 691 grammatica,
2867 608 2973 670 cui
3024 606 3203 671 illud

617 726 850 769 nomen
891 703 1223 771 vindicavi
1267 707 1641 772 auctoribus
1687 707 2019 771 Prisciano
2066 706 2193 771 vol.
2242 708 2275 772 Ι
2329 731 2391 794 p.
2450 715 2601 789 383,
2666 718 2704 777 7
2761 721 2827 772 61
2880 708 3205 795 Pompeio

615 830 680 893 p.
716 816 837 877 156
867 815 934 871 et
969 815 1088 878 187
1123 807 1650 894 (p.V111.X1X.
1677 809 1913 893 XXI),
1954 830 2102 873 eum
2130 820 2321 873 antea
2350 818 2555 875 artem
2582 812 2894 875 minorem
2924 793 3205 896 inscri'p-

617 910 853 973 sissent
894 908 1430 975 Vindobonenses
1476 911 1777 976 editores.
1822 910 1992 977 1111116
2023 910 2351 975 diversum
2381 934 2523 977 esse
2566 913 2650 978 ab
2692 912 2803 977 illo
2848 910 3035 989 libro,
3080 914 3203 997 qui

617 1010 770 1075 olim
813 1034 961 1077 cum
1005 1012 1340 1077 catholicis
1385 1013 1767 1079 coniunctus
1814 1023 1979 1094 erat,
2036 1036 2163 1077 non
2208 1017 2417 1100 magis
2464 1036 2547 1077 ex
2589 1015 2668 1078 iis
2715 1036 2882 1099 quae
2924 1013 3202 1079 catholi-

617 1135 740 1179 con
805 1115 1078 1200 scriptor
1131 1115 1198 1179 in
1248 1115 1564 1179 institutis
1621 1136 1692 1179 se
1746 1116 2129 1181 tractavisse
2174 1116 2283 1197 ait,
2338 1138 2535 1202 quam
2578 1137 2664 1179 ex
2704 1117 3011 1181 universa
3054 1118 3203 1181 eius

617 1215 766 1281 libri
812 1214 1027 1281 indole
1072 1224 1136 1280 et
1179 1217 1426 1281 ratione
1471 1216 1764 1303 adparet.
1810 1240 1961 1281 nam
2005 1238 2215 1304 neque
2259 1240 2337 1283 ea
2380 1239 2547 1305 quae
2588 1216 2697 1282 ille
2742 1219 2925 1304 ponit
2954 1220 3207 1304 scripta

617 1319 1038 1383 inveniuntur
1064 1320 1133 1382 in
1165 1316 1308 1399 hoc,
1341 1328 1406 1384 et
1434 1320 1640 1383 omnis
1687 1318 2065 1406 disputandi
2096 1330 2161 1385 et
2202 1319 2531 1385 scribendi
2572 1321 2739 1384 ratio
2780 1342 2821 1383 a
2861 1318 3203 1384 catholicis

619 1421 940 1487 abhorret.
985 1422 1204 1506 agitur
1246 1429 1480 1503 autem,
1510 1433 1587 1487 ut
1613 1444 1786 1487 nunc
1814 1423 2093 1510 primum
2138 1422 2219 1487 de
2262 1423 2384 1487 hoc
2426 1425 2570 1509 ipso
2614 1420 2782 1488 libro
2826 1422 3066 1503 dicam,
3114 1422 3203 1487 de

618 1533 764 1589 octo
809 1524 1102 1610 partibus
1134 1526 1460 1606 orationis,
1507 1526 1734 1590 ordine
1773 1526 2056 1612 partium
2086 1523 2344 1610 vulgari
2372 1525 2468 1590 ita
2494 1534 2762 1606 mutato,
2810 1524 2890 1589 de
2918 1525 3201 1605 nomine,

620 1626 702 1691 de
744 1626 1152 1712 pronomine,
1215 1626 1298 1691 de
1339 1628 1716 1714 participio,
1786 1628 1867 1693 de
1911 1628 2389 1709 coniunctione,
2458 1628 2539 1693 de
2580 1628 3055 1708 interiectione,
3114 1626 3203 1691 de

617 1729 1127 1816 praepositione,
1196 1729 1276 1793 de
1333 1730 1675 1811 adverbi0,
1744 1730 1825 1795 de
1870 1729 2093 1795 verbo.
2151 1731 2583 1817 antiquiorum
2628 1729 3201 1815 grammaticorum

621 1832 972 1897 auctoritas
1015 1853 1165 1896 raro
1211 1832 1508 1898 adhibita
1550 1842 1669 1897 est.
1716 1854 1867 1897 nam
1911 1842 2168 1919 praeter
2210 1833 2569 1897 Varronem
2626 1832 2835 1897 tribus
2889 1831 3050 1897 locis
3094 1838 3200 1913 48,

622 1941 734 2015 373
803 1941 942 2014 127,
991 1942 1065 2003 31
1086 1924 1108 2016 ς’
1172 1942 1324 2017 152,
1385 1942 1464 2005 30
1511 1944 1577 2000 et
1619 1942 1699 2007 38
1746 1943 1810 1999 et
1852 1933 2135 1999 Plinium
2180 1937 2333 1999 item
2376 1944 2476 1999 ter
2520 1942 2619 2013 89,
2669 1943 2779 2017 103
2839 1942 2990 2015 133,
3048 1942 3081 2000 7
3132 1942 3201 1998 et

623 2044 733 2117 113
782 2044 922 2115 137,
972 2045 1045 2104 11
1097 2044 1162 2100 ct
1193 2036 1537 2102 Caesarem
1584 2036 1783 2102 semel
1818 2045 1920 2118 50,
1965 2044 2048 2106 22
2092 2038 2361 2101 citatum
2405 2035 2621 2101 nullus
2664 2036 3045 2101 nominatim
3088 2058 3199 2121 ap-

617 2136 898 2223 pellatus
957 2146 1078 2202 est.
1147 2160 1224 2203 ac
1277 2160 1357 2203 ne
1411 2138 1669 2203 illorum
1715 2138 1975 2225 quidem
2020 2137 2223 2203 libros
2269 2140 2410 2224 ipse
2454 2139 2913 2224 grammaticus
2958 2135 3199 2223 legisse

617 2239 905 2322 videtur,
963 2240 1078 2305 sed
1116 2239 1274 2326 quid
1329 2241 1676 2305 statuerint
1721 2264 1761 2305 a
1804 2241 2269 2306 recentioribus
2314 2241 2473 2305 artis
2510 2238 2827 2305 latoribus
2884 2241 3064 2323 (nam
3102 2239 3201 2303 ita

620 2340 834 2407 dicere
862 2342 1228 2426 consuevit)
1277 2342 1546 2428 accepit.
1595 2344 1853 2408 omnino
1899 2352 2150 2408 veteres
2198 2342 2543 2429 scriptores
2586 2363 2736 2407 cum
2778 2363 3023 2429 paucos
3061 2351 3201 2406 tum

620 2466 728 2507 eos
773 2444 1055 2508 maxime
1099 2445 1208 2530 qui
1252 2446 1322 2508 in
1365 2444 1600 2509 scholis
1644 2443 2056 2530 legebantur,
2118 2446 2498 2530 Vergilium,
2546 2444 2941 2524 Terentium,
2988 2442 3199 2508 Sallu-

621 2547 834 2624 stium,
883 2544 1212 2611 Ciceronis
1267 2548 1334 2611 in
1380 2548 1650 2612 Verrem
1704 2555 1771 2612 et
1822 2549 1889 2611 in
1938 2548 2282 2613 Catilinam
2338 2548 2660 2611 orationes
2720 2546 2895 2629 (nam
2941 2556 3201 2634 praeter

619 2646 736 2711 has
764 2646 866 2711 bis
913 2654 1162 2712 tantum
1192 2649 1562 2734 fragmenta
1591 2648 1923 2714 Ciceronis
1955 2650 2282 2737 adscripta
2310 2650 2549 2729 inveni,
2595 2668 2761 2734 quae
2790 2646 2965 2712 unde
2994 2650 3200 2736 petita

622 2749 749 2813 sint
791 2749 1071 2835 nescio),
1131 2750 1326 2815 semel
1381 2754 1574 2817 etiam
1630 2750 1955 2817 Lucilium
2006 2753 2253 2817 citavit.
2313 2772 2415 2815 res
2469 2753 2650 2836 ipsae
2708 2758 2925 2815 autem
2976 2749 3199 2815 multis

619 2851 966 2915 verborum
1012 2853 1399 2938 ambagibus
1447 2862 1512 2918 et
1553 2855 1777 2940 inepta
1807 2852 2179 2939 disputandi
2217 2852 2591 2939 prolixitate
2632 2851 2863 2917 iisdem
2892 2852 3087 2917 rebus
3134 2860 3203 2916 et

618 2953 840 3018 verbis
897 2974 1092 3039 saepe
1145 2957 1438 3041 repetitis
1499 2959 1835 3042 expositae
1890 2965 2059 3025 sunt.
2117 2962 2312 3042 atque
2366 2956 2433 3020 in
2488 2976 2562 3018 eo
2618 2954 2755 3019 fere
2800 2954 3017 3018 omnia
3058 2976 3199 3017 ver-

623 3064 868 3138 santur,
899 3066 974 3121 ut
1001 3056 1326 3138 doceatur,
1373 3080 1564 3143 quem
1611 3056 1696 3122 ad
1740 3058 2003 3124 modum
2046 3057 2369 3123 vocabulo
2401 3057 2618 3143 aliquo
2648 3056 2980 3141 proposito
3010 3077 3201 3121 casus

621 3158 973 3240 nominum,
1019 3158 1264 3244 gradus
1309 3162 1815 3245 conparationis‚
1862 3169 2157 3247 tempora
2200 3168 2265 3224 ct
2310 3158 2477 3223 modi
2508 3158 2876 3238 verborum,
2925 3158 3201 3243 denique

619 3260 906 3348 reliquae
950 3261 1296 3326 verborum
1341 3262 1588 3327 formae
1631 3261 1812 3327 nullo
1856 3263 2117 3350 quidem
2156 3263 2395 3328 iudicio
2427 3259 2719 3326 adhibito
2760 3260 2869 3324 vel
2898 3262 3199 3346 cognosci

619 3362 728 3427 vel
770 3362 930 3447 fingi
973 3366 1243 3449 possint.
1289 3375 1355 3429 et
1396 3385 1528 3429 non
1570 3373 1706 3429 tam
1750 3366 1833 3429 ad
1878 3388 2067 3430 usum
2098 3363 2403 3452 loquendi
2434 3384 2629 3449 quam
2658 3362 2743 3427 ad
2770 3363 3197 3427 constantiam

619 3464 1012 3549 regularum,
1059 3488 1220 3553 quas
1265 3469 1542 3551 scriptor
1583 3466 1827 3551 posuit,
1872 3474 2223 3552 praecepta
2263 3475 2669 3545 revocantur,
2715 3464 2887 3550 quod
2918 3466 3197 3529 maxime

621 3568 690 3631 in
731 3567 812 3631 iis
857 3589 1025 3653 quae
1070 3567 1152 3632 de
1196 3566 1482 3632 ablativo
1527 3589 1688 3633 casu
1733 3577 1797 3632 et
1842 3568 1922 3631 de
1966 3566 2233 3653 reliquis
2289 3568 2553 3631 casibus
2610 3588 2695 3631 ex
2748 3566 3037 3631 ablativo
3092 3567 3195 3632 de-

619 3668 914 3733 rivandis
959 3670 1290 3757 disputata
1333 3678 1485 3734 sunt
1525 3691 1587 3755 p.
1635 3678 1715 3740 75
1762 3691 1900 3755 sqq.
1960 3669 2253 3755 adparet.
2310 3689 2505 3752 saepe
2560 3668 3060 3754 disputationem
3113 3668 3190 3733 ad

623 3794 904 3837 summas
948 3772 1224 3859 ineptias
1267 3770 1402 3836 labi
1445 3772 1702 3851 videas,
1760 3782 1833 3837 ut
1875 3792 1953 3836 ea
1994 3793 2160 3858 quae
2205 3769 2286 3835 de
2330 3770 2543 3856 figura
2585 3771 2915 3835 nominum
2958 3770 3198 3856 scripta

624 3883 776 3939 sunt
817 3896 882 3960 p.
931 3883 1009 3944 53
1055 3896 1194 3961 sqq.
1261 3874 1418 3961 quin
1475 3874 1670 3938 etiam
1727 3876 1797 3938 in
1849 3874 2045 3939 rebus
2098 3874 2484 3953 tritissimis,
2550 3872 2631 3937 de
2687 3872 2924 3959 quibus
2980 3872 3193 3935 nullus

623 3976 966 4042 dubitandi
1009 3975 1190 4041 locus
1234 3974 1338 4039 vel
1384 3975 1615 4040 leviter
1657 3976 1909 4041 erudito
1954 3976 2219 4041 relictus
2262 3984 2379 4056 est,
2425 3974 2597 4039 hunc
2629 3976 3005 4060 scriptorem
3049 3973 3195 4038 hae·

623 4082 921 4144 sitantem
987 4088 1054 4143 et
1117 4099 1196 4143 ea
1261 4100 1426 4164 quae
1490 4079 1809 4163 praecipit
1872 4076 2114 4163 regulis
2180 4086 2247 4142 et
2303 4075 2606 4161 analogia
2662 4076 3023 4141 firmantem
3091 4076 3195 4140 de-

621 4180 1016 4268 prehendas:
1074 4179 1159 4244 cf.
1205 4188 1315 4261 68,
1376 4189 1454 4249 10
1499 4178 1880 4261 facillimuS,
1938 4188 2050 4259 72,
2098 4186 2181 4247 29
2226 4200 2516 4243 summus
2560 4179 2824 4243 intimus
2870 4188 3193 4243 extremus

623 4284 910 4364 ultimus,
957 4289 1056 4363 98,
1104 4289 1185 4351 20
1230 4282 1422 4363 vires,
1471 4291 1612 4361 105,
1664 4290 1743 4352 16
1788 4280 2186 4363 oMercurii,
2234 4289 2385 4362 124,
2434 4289 2513 4350 22
2558 4281 2867 4365 agrestis3
2914 4282 3193 4367 itemque

621 4386 689 4448 in
731 4383 1222 4471 quaestionibus
1265 4383 1614 4449 verborum
1661 4394 1813 4465 181,
1870 4392 1949 4452 22
1996 4406 2135 4470 sqq.
2180 4382 2373 4469 plura
2417 4384 2555 4447 eius
2601 4383 2857 4467 generis
2902 4383 3197 4469 exempla

619 4486 1054 4550 inveniuntur.
1112 4508 1504 4572 quamquam
1557 4486 1718 4551 haec
1772 4486 1913 4570 ipsa
1967 4485 2450 4551 demonstrandi
2506 4507 2663 4550 cura
2718 4494 2783 4549 et
2833 4483 3062 4569 religio
3116 4484 3195 4549 ad

621 4587 1046 4673 inperitorum
1099 4587 1430 4652 hominum
1485 4610 1676 4652 usum
1732 4596 1797 4652 et
1852 4588 2139 4673 corrupti
2197 4589 2507 4653 sermonis
2564 4585 3075 4652 emendationem
3131 4588 3195 4651 in

621 4688 848 4775 primis
903 4688 1164 4754 videtur
1217 4690 1703 4755 accommodata
1756 4689 1983 4754 fuisse.
2050 4712 2495 4776 quaecumque
2561 4699 2775 4755 autem
2832 4687 3198 4755 difficiliora

625 4799 776 4855 sunt
817 4790 924 4855 vel
967 4789 1325 4877 longiorem
1369 4790 1872 4878 disputationem
1914 4793 2282 4879 requirunt,
2340 4792 2499 4857 haec
2554 4788 2679 4855 alio
2734 4790 2876 4856 loco
2921 4812 2991 4857 se
3034 4802 3193 4857 trac·
