3434 5442
655 334 780 398 208
1836 334 2065 397 PROBl

1107 475 1116 482 ⁶
2841 449 2976 493 am.
2996 450 3047 492 ιτ
3086 450 3141 494 ν.

654 521 970 601 syllabam,
1027 527 1096 582 ut
1137 519 1345 582 vulnus
1387 519 1676 593 vulneris»,
1724 519 1901 582 holus
1943 520 2181 584 holeris.
2272 521 2453 584 altera
2501 529 2619 592 est,
2678 463 2836 599 quag
2866 520 3141 584 similiter
3184 522 3243 582 in

653 627 736 686 ris
779 622 1060 704 syllabam
1104 623 1250 693 exit,
1305 623 1408 685 sed
1452 641 1493 684 u
1537 625 1598 682 in
1645 641 1679 682 o
1722 629 1938 693 mutat,
1994 631 2059 684 ut
2102 641 2312 684 nemus
2368 624 2660 691 nemoris,
2724 621 2925 704 [lepus
2972 621 3243 702 leporis],

653 743 834 804 pecus
876 726 1128 802 pecoriS,
1174 731 1380 803 pectus
1423 726 1712 802 pectoris:
1772 724 1878 786 sed
1921 730 2172 804 utraque
2216 723 2433 805 syllaba
2480 731 2774 786 crescunt.
2863 725 3245 786 inveniuntur

653 838 848 888 tamen
893 827 944 887 Π
989 827 1246 896 nomina,
1289 845 1441 907 quae
1481 824 1554 888 ab
1593 824 1704 886 hac
1745 827 1974 888 ratione
2013 826 2376 895 dissentiant,
2430 826 2485 886 id
2518 833 2607 887 est
2644 824 2887 903 pelagus
2916 833 2976 886 et
3010 824 3241 903 vulguS,

601 954 626 993 s
653 948 805 1008 quae
850 927 1006 1006 apud
1047 935 1254 1006 poetas
1292 913 1618 988 masculino
1663 944 1886 1005 genere
1933 935 2269 1006 ponuntur,
2330 946 2397 990 ea
2442 929 2705 998 ratione,
2766 926 2923 1006 quod
2968 928 3241 1006 genetivo

651 1029 936 1108 singulari
979 1031 1036 1090 in
1083 1031 1104 1089 i
1144 1033 1356 1091 exeant
1399 1037 1456 1090 et
1495 1029 1670 1091 huius
1715 1029 1905 1107 pelagi
1950 1028 2124 1106 vulgi,
2172 1031 2326 1090 sicut
2360 1027 2543 1098 bulbi,
2592 1029 2823 1098 saciant,
2869 1047 2981 1090 nec
3018 1026 3241 1108 syllaba
3334 1027 3339 1030 ’

653 1138 938 1192 crescant.
1027 1130 1160 1193 ideo
1199 1137 1396 1192 autem
1437 1129 1682 1209 pelagus
1728 1130 2042 1193 dissentire
2090 1131 2346 1201 videtur,
2392 1133 2532 1212 quia
2578 1131 2867 1194 Graecum
2904 1137 3012 1192 est.
3106 1148 3241 1190 nam

650 1231 884 1311 vulgus,
943 1251 1078 1295 cum
1133 1235 1207 1294 sit
1258 1232 1565 1302 Latinum,
1627 1250 1747 1294 non
1806 1231 1983 1294 debet
2032 1234 2185 1293 inter
2242 1240 2451 1294 neutra
2505 1249 2727 1310 genera
2786 1233 2961 1310 poni;
3032 1229 3243 1293 melius

651 1336 807 1395 enim
853 1335 1005 1395 inter
1047 1333 1370 1395 masculina
1411 1341 1765 1412 poneretur:
1812 1351 2167 1414 quamquam
2199 1333 2491 1412 Vergilius
2532 1341 2590 1395 et
2615 1332 2940 1395 masculino
2986 1335 3240 1412 ‘spar-

575 1460 625 1501 ιο
653 1453 831 1514 gere
875 1453 1092 1496 voces
1147 1435 1224 1496 ln
1269 1435 1564 1513 vulgum
1609 1435 2034 1514 ambiguas’
2098 1443 2157 1498 et
2193 1442 2407 1498 neutro
2455 1435 2671 1496 dixerit
2728 1433 2913 1496 ‘tum
2965 1434 3240 1512 vulgus

651 1545 722 1597 et
764 1555 1052 1598 omnem
1089 1535 1351 1600 Miscet
1393 1553 1625 1616 agens
1666 1535 1847 1598 telis
1884 1555 1941 1596 n.
1982 1539 2019 1596 i.
2068 1536 2107 1596 f.
2156 1542 2243 1607 t.’,
2290 1545 2503 1600 neutro
2548 1539 2689 1598 item
2732 1553 2954 1616 genere

955 1639 1336 1700 scinditur
1381 1641 1755 1701 incertum
1800 1638 2037 1700 studia
2080 1639 2151 1698 in
2196 1639 2586 1700 contraria
2634 1636 2897 1716 vulgus

650 1747 708 1801 et
1517 1743 1765 1802 saevit
1806 1741 2077 1802 animis
2118 1739 2459 1818 ignobile
2500 1739 2783 1818 vulgus.
3144 1763 3183 1798 -ε

649 1842 720 1903 ad
764 1841 880 1903 hoc
925 1859 1068 1922 ergo
1109 1859 1296 1920 genus
1339 1843 1735 1904 accusativum
1774 1839 2166 1904 masculinum
2204 1843 2430 1921 posuit,
2474 1859 2595 1903 non
2642 1849 2949 1903 neutrum:
3006 1859 3148 1902 nam
3192 1845 3239 1902 si

571 1967 622 2007 ιε
648 1951 954 2013 neutrum,
1014 1941 1114 2004 illa
1167 1945 1373 2022 utique
1425 1944 1656 2005 ratione
1699 1941 1968 2014 dixisset,
2033 1944 2193 2024 quod
2239 1942 2582 2006 nominibus
2626 1945 2851 2004 neutris
2894 1952 3019 2004 tres
3066 1961 3239 2004 casus

645 2045 866 2106 similes
929 2047 1216 2115 serviant,
1287 2053 1346 2106 et
1410 2045 1644 2106 fecisset
1707 2043 1918 2124 vulgus
1982 2063 2103 2116 non
2168 2044 2431 2125 vulgum.
2520 2053 2579 2106 et
2622 2043 2931 2108 Cornelius
2976 2045 3241 2107 Severus

645 2164 850 2209 rerum
890 2145 1290 2208 Romanarum
1335 2145 1490 2207 libro
1533 2146 1560 2207 1
1604 2147 1749 2208 dixit

1455 2248 1799 2329 pelagum
1842 2256 2301 2328 pontumque
2338 2250 2641 2310 moveri.

645 2353 806 2413 virus
867 2357 1062 2412 autem
1127 2355 1365 2429 aptoton
1423 2358 1528 2411 est.
1619 2367 2029 2431 quaecumque
2085 2352 2325 2412 nomina
2368 2358 2582 2412 neutra
2636 2369 2707 2412 us
2758 2348 2967 2412 litteris
3030 2353 3240 2412 termi-

567 2473 621 2516 πο
647 2459 862 2513 uantur
903 2451 1262 2513 nominativo
1301 2469 1443 2512 casu
1479 2451 1795 2530 singulari,
1850 2453 1913 2512 in
1960 2455 2233 2529 genetivo
2280 2471 2351 2514 us
2395 2453 2669 2512 amittunt
2723 2458 2785 2514 et
2824 2459 2925 2513 aut
2976 2471 3013 2512 o
3058 2461 3166 2512 aut
3208 2472 3243 2513 e

644 2556 939 2632 recipiunt
991 2560 1051 2614 et
1105 2554 1187 2613 ris
1242 2551 1462 2633 syllaba
1511 2552 1823 2632 adsumpta
1878 2552 2279 2622 declinantur,
2335 2563 2401 2616 ut
2454 2571 2639 2632 pecus
2693 2555 2959 2632 pecoris,
3024 2571 3242 2616 nemus

643 2657 920 2724 nemoris,
967 2653 1152 2716 vellus
1195 2653 1441 2724 velleris,
1485 2681 1525 2716 u·
1573 2663 1676 2716 aut
1711 2657 1781 2726 is,
1828 2663 1893 2716 ut
1934 2657 2126 2716 viscus
2170 2656 2429 2725 visceris,
2478 2654 2646 2716 cibus
2688 2654 2925 2716 ciberis.
2956 2651 2983 2738 Ι]

665 2833 668 2838 ¹
815 2757 1028 2819 Omnia
1074 2757 1314 2817 nomina
1357 2754 1605 2834 pluralia
1647 2757 1701 2817 ia
1746 2754 1961 2818 litteris
2017 2757 2377 2819 nominativo
2416 2757 2580 2818 finita
2630 2758 2962 2834 genetivum
3006 2758 3075 2817 in
3119 2759 3239 2818 ium

641 2857 924 2939 syllabam
976 2860 1240 2928 mittunt,
1299 2867 1364 2920 ut
1417 2860 1652 2920 moenia
1709 2856 1929 2920 Hilaria
1982 2857 2325 2938 Compitalia
2378 2856 2627 2920 vestalia
2685 2860 2951 2928 comitia,
3012 2859 3239 2920 horum

565 2980 616 3023 π
648 2961 944 3022 moenium
988 2959 1276 3020 Hilarium
1324 2957 1733 3040 Compitalium
1790 2969 1847 3021 et
1904 2967 2118 3022 cetera.
2207 2961 2311 3022 sed
2357 2960 2667 3022 Lucretius
2720 2967 2977 3022 metrum
3036 2970 3241 3022 custo·

641 3063 809 3122 diens
851 3063 1137 3123 rationem
1183 3061 1424 3140 regulae
1470 3064 1748 3131 excessit,
1804 3064 1905 3144 qui
1958 3063 2037 3123 ait
2080 3061 2455 3133 anciliorum,
2520 3081 2639 3123 non
2684 3060 2981 3124 ancilium.
3077 3065 3241 3124 inter

641 3163 788 3224 haec
825 3181 970 3241 ergo
1009 3165 1246 3224 nomina
1288 3163 1412 3226 sola
1458 3162 1675 3225 distant
1717 3165 1980 3233 comitia,
2028 3181 2181 3244 quae
2223 3166 2495 3242 genetivo
2538 3163 2750 3244 plurali
2792 3165 2969 3226 missa
3020 3167 3089 3226 in
3139 3183 3239 3226 um

640 3283 760 3325 non
799 3266 914 3326 vim
961 3267 1214 3327 nominis
1260 3267 1447 3345 magis
1495 3283 1670 3344 quam
1716 3265 1834 3327 loci
1878 3284 2093 3327 nomen
2144 3264 2484 3344 adsignant,
2544 3275 2611 3327 ut
2645 3267 2859 3328 horum
2900 3268 3239 3335 comitium,

640 3373 698 3426 et
742 3366 932 3452 dativo
977 3365 1064 3428 vel
1109 3367 1360 3428 ablativo
1417 3367 1510 3428 his
1555 3365 1897 3438 comitibuS,
1952 3369 2119 3446 quasi
2173 3368 2247 3430 de
2300 3368 2557 3446 propriis
2601 3366 2939 3430 nominibus
2988 3368 3242 3430 definiat

561 3488 616 3530 so
641 3469 1003 3547 dignitatem.
1091 3478 1456 3550 quapropter
1508 3469 1624 3531 hoc
1668 3471 1781 3531 vim
1824 3469 2123 3550 quandam
2160 3468 2517 3532 nominibus
2564 3471 2909 3531 secretionis
2958 3469 3239 3531 videmur

637 3570 860 3630 i'nt'erre
910 3570 969 3629 in
1013 3572 1280 3648 genetivo
1323 3570 1570 3650 plurali,
1617 3579 1684 3633 ut
1722 3574 2093 3633 comitiorum
2112 3619 2127 3642 ‚
2176 3589 2293 3634 non
2336 3573 2639 3633 comitium
2682 3572 2978 3641 dicamus,
3022 3579 3093 3633 et
3136 3589 3237 3632 co-

639 3671 835 3741 mitiis,
878 3689 996 3731 non
1043 3672 1374 3734 comitibus
1465 3673 1672 3734 eodem
1718 3674 1895 3735 modo
1944 3672 2163 3735 cibaria
2200 3681 2485 3735 constant.
2552 3674 2601 3733 si
2644 3691 2746 3734 um
2780 3672 2999 3752 syllaba
3048 3692 3239 3753 gene-

639 3773 818 3832 tivum
858 3773 1128 3834 tiniamus
1169 3781 1228 3834 et
1269 3774 1554 3835 faciamus
1595 3773 1905 3846 cibarium,
1950 3792 2069 3836 non
2104 3776 2291 3854 ipsius
2334 3776 2590 3837 nominis
2628 3773 2893 3854 regulam
2938 3793 3240 3838 senumve

639 3872 1116 3952 complectimur,
1173 3894 1352 3956 quam
1397 3877 1582 3955 magis
1621 3875 1893 3946 alterius,
1952 3877 2109 3956 quod
2155 3885 2245 3939 est
2289 3877 2595 3939 sordidum
2640 3875 2789 3958 [et];
2846 3876 3042 3938 dativo
3080 3895 3241 3948 ,vero

775 4104 810 4156 6
845 4103 1037 4154 faciant
1069 4122 1098 4155 v
1135 4105 1328 4156 faciunt
1362 4106 1412 4155 B
1547 4107 1582 4158 9
1619 4119 1926 4170 quamquam
1962 4123 1991 4156 υ
2026 4121 2175 4170 quam
2213 4106 2265 4156 B
2390 4107 2638 4174 uer-gilius
2674 4105 2955 4157 masculino
2992 4117 3049 4156 et
3081 4107 3139 4158 B

635 4175 904 4242 spargere]
951 4177 1110 4240 Vero.
1151 4177 1281 4228 Aen.
1322 4177 1366 4225 ll
1399 4177 1467 4228 98
1635 4175 1700 4227 10
1733 4173 1861 4240 tum]
1909 4178 2069 4240 Ver-9.
2110 4177 2241 4230 Aen.
2280 4178 2299 4226 1
2340 4176 2439 4228 190
2611 4177 2671 4228 11
2710 4191 2859 4228 omne
2890 4177 2943 4227 B
3095 4193 3151 4226 n.
3188 4190 3235 4224 s.

637 4245 674 4294 f.
709 4255 744 4294 t.
780 4247 831 4294 B
939 4246 1001 4295 12
1033 4243 1304 4311 scinditur]
1355 4245 1662 4311 Verq.Aen.
1702 4245 1843 4298 1139
1985 4244 2049 4296 13
2093 4245 2276 4311 saevit]
2328 4249 2487 4311 Ver-9.
2514 4246 2647 4298 Aen.
2688 4245 2832 4298 ¹149
2948 4246 3020 4295 2²
3064 4246 3239 4296 vellus

637 4315 857 4382 velleris,
889 4316 1060 4366 viscus
1097 4317 1330 4379 visceris,
1367 4325 1418 4365 at
1455 4317 1470 4365 i
1508 4317 1676 4365 viscus
1708 4315 1851 4364 cibus
1883 4318 2093 4366 coniecit
2127 4319 2294 4368 editor
2326 4316 2743 4367 Vindobonensie.
2795 4315 3031 4366 videntur·
3056 4319 3241 4380 potius

633 4385 878 4449 quaedam
913 4387 1196 4446 excidisse,
1243 4390 1295 4435 in
1327 4387 1502 4450 quibus
1535 4386 1782 4451 quaedam
1810 4389 2007 4438 nonaina
2040 4401 2101 4435 ηε
2132 4387 2319 4438 linceis
2350 4388 2499 4449 finita
2530 4397 2619 4438 am
2646 4388 2665 4435 i
2698 4393 2785 4436 aut
2818 4388 2863 4436 is
2898 4387 3141 4449 recipere
3180 4388 3241 4435 in

631 4459 859 4518 yeneeivo
891 4471 1017 4506 casu
1051 4457 1230 4506 dictum
1261 4463 1376 4506 erat
1538 4458 1606 4506 25
1641 4455 1943 4505 anciliorum
1981 4456 2117 4506 dixit
2150 4458 2401 4507 Horatius
2437 4472 2589 4506 carm.
2630 4456 2699 4505 lll
2728 4457 2779 4518 5,
2820 4453 2883 4505 10
2916 4456 3237 4505 anciliorum

635 4536 685 4573 et
721 4527 943 4575 nominis
976 4535 1025 4575 et
1061 4530 1229 4591 togae.
1291 4540 1430 4590 quem
1467 4541 1662 4576 versum
1704 4524 1979 4590 adscripsit
2016 4527 2277 4577 Charisius
2316 4543 2369 4592 p.
2406 4526 2476 4578 46
2510 4527 2559 4574 P
2601 4533 2721 4588 post
2763 4539 2958 4574 versum
2996 4525 3245 4576 Lucretii

636 4593 656 4642 l
693 4595 794 4645 2⁶27
829 4595 964 4644 unde
999 4596 1221 4645 animale
1257 4609 1438 4661 genus.
1494 4597 1609 4646 hinc
1644 4602 1795 4645 natus
1830 4611 1944 4646 esse
1976 4597 2175 4646 videtur
2210 4611 2363 4646 err-or
2392 4597 2730 4659 gramatici,
2782 4596 2869 4659 qui
2899 4611 3081 4647 nomen
3120 4595 3237 4644 Lu·-

633 4665 782 4713 cretii
825 4665 898 4713 ad
944 4669 1219 4726 exemplvm
1273 4665 1481 4716 Horatii
1524 4666 1735 4717 rettulit.
1802 4665 1988 4716 Lucilii
2032 4681 2207 4718 nomen
2258 4666 2559 4716 substituere
2612 4665 2814 4716 volebat
2856 4663 2906 4714 I.
2957 4665 3241 4716 Becker-us

633 4731 816 4848 ΡΙιιἹᾳΙῖ.
853 4734 898 4782 ll
924 4748 982 4796 p.
1019 4737 1084 4784 47
1121 4743 1172 4785 et
1201 4735 1304 4787 592
1441 4735 1509 4784 27
1542 4735 1735 4786 distant
1771 4751 1801 4784 υ
1834 4736 2023 4785 distare
2058 4743 2248 4787 mutata
2285 4751 2313 4784 e
2346 4737 2521 4786 littera
2548 4736 2599 4785 in
2631 4745 2649 4783 t
2685 4733 2736 4782 B
2850 4735 2919 4786 34
2956 4736 3239 4786 sordidum

636 4813 685 4851 et
721 4817 766 4850 vi
793 4817 818 4849 e
857 4819 884 4852 υ
