3434 5442
1339 358 1762 423 PRAEFATIO
2788 378 2861 425 xx

291 546 372 611 ad
417 546 856 611 Caelestinum
911 547 1007 610 ita
1060 546 1472 632 inscriptum,
1532 547 1766 613 ‘Probi
1824 548 2233 633 grammatici
2285 550 2584 614 instituta
2626 551 2861 614 artium

290 650 372 713 ad
415 646 908 729 Caelestinum'‚
963 670 1094 711 uua
1136 671 1284 712 cum
1329 647 1603 714 aliorum
1645 650 2214 737 grammaticorum
2257 650 2441 715 libris
2486 651 2688 717 edidit
2729 651 2863 717 Me-

289 749 530 815 diolani
547 774 606 815 a.
633 758 818 830 1504,
833 749 1066 814 deinde
1089 760 1155 815 et
1174 752 1474 816 instituta
1501 752 1757 834 artium,
1793 774 1959 837 quae
1991 752 2266 835 dixerat,
2290 753 2499 839 magis
2522 753 2865 819 emendata

287 864 352 917 et
391 851 716 919 catholica
767 875 916 917 cum
973 852 1136 918 libro
1194 854 1538 919 Frontonis
1597 854 1678 919 de
1736 854 2117 920 differentiis
2164 863 2229 919 et
2270 854 2527 921 Phocae
2568 855 2651 920 de
2692 858 2863 943 aspi-

287 956 536 1021 ratione
589 954 882 1021 Vicetiae
936 978 994 1020 a.
1045 962 1207 1026 1509
1264 956 1558 1039 edidit.*)
1646 957 2065 1021 Parrhasium
2120 966 2337 1023 autem
2392 958 2683 1023 codicem
2736 959 2861 1023 Bo-

285 1058 606 1138 biensem,
649 1079 824 1123 nune
851 1056 1450 1140 Vindobonensem,
1495 1060 1895 1146 expressisse
1936 1080 2068 1125 non
2112 1059 2319 1125 solum
2347 1062 2416 1125 in
2459 1059 2863 1147 praefatione

449 1280 500 1348 *)
555 1281 990 1334 Mediolanensis
1037 1282 1296 1335 editionis
1339 1283 1433 1334 hic
1479 1290 1566 1335 est
1609 1283 1833 1347 titulus,
1883 1282 2035 1335 ‘Hoc
2080 1288 2138 1335 in
2182 1283 2461 1336 volumine
2510 1286 2863 1337 continentur

283 1374 542 1419 auctores
583 1369 738 1418 Infra
783 1368 992 1433 scripti.
1065 1370 1233 1421 Probi
1278 1370 1538 1420 instituta
1583 1370 1785 1421 artium
1836 1368 2067 1420 Maximi
2099 1370 2373 1422 Victorini
2423 1369 2491 1421 de
2544 1372 2860 1434 quantitate

279 1453 624 1518 syllabarum
660 1454 868 1505 Donati
904 1454 1080 1519 prima
1116 1470 1206 1505 ars
1244 1453 1470 1505 Seruius
1509 1454 1580 1505 ad
1613 1454 1875 1506 Albinum
1912 1455 1977 1505 de
2016 1458 2229 1507 naturis
2274 1456 2591 1507 ultimarum
2634 1454 2863 1523 Sergius

280 1540 336 1589 in
372 1542 554 1590 artem
587 1538 794 1589 Donati
829 1540 1076 1605 primam.
1125 1540 1355 1591 Attilius
1390 1540 1826 1592 Fortunatianus
1862 1539 1929 1591 de
1964 1542 2155 1591 metris
2190 1541 2519 1591 Horatianis
2554 1540 2863 1591 Donatiani

281 1624 502 1689 generis
549 1622 796 1674 eiusdem
839 1624 1208 1689 fragmentum
1252 1625 1392 1675 Item
1437 1623 1628 1676 Cassii
1671 1626 1839 1675 Bassi
1883 1626 2254 1677 Terentianus
2300 1625 2499 1687 Beda’,
2550 1630 2606 1677 et
2649 1627 2707 1675 in
2754 1624 2862 1676 fine

277 1708 404 1761 libri
452 1708 810 1774 ‘Impressum
853 1708 1157 1760 Mediolani
1210 1724 1308 1775 per
1360 1710 1623 1761 Ioannem
1676 1711 1949 1777 Angelum
2002 1710 2395 1762 Scinzenzeler
2446 1711 2546 1761 sub
2599 1712 2863 1778 impensis

279 1794 506 1845 Ioannis
543 1794 736 1845 Iacobi
773 1797 830 1844 et
861 1794 1118 1845 Fratrum
1153 1794 1222 1847 de
1259 1796 1530 1861 Lignano.
1566 1795 1725 1847 Anno
1762 1797 1985 1847 Domini
2020 1794 2442 1847 mccccclm.
2480 1796 2602 1850 Die.
2638 1797 2710 1847 11.
2747 1797 2859 1847 De-

280 1880 564 1930 cembris’.
612 1880 914 1945 praemissa
963 1884 1050 1930 est
1093 1879 1334 1946 epistula
1369 1881 1656 1931 Parrhasii
1702 1881 1773 1931 ad
1818 1882 1891 1933 M.
1929 1882 2227 1931 Antonium
2274 1880 2553 1933 Cusanum
2590 1882 2863 1933 Mediola-

277 1980 502 2017 nensem
539 1964 860 2031 patricium,
909 1966 966 2015 in
1003 1980 1114 2029 qua
1147 1965 1216 2015 de
1253 1966 1618 2035 scriptoribus
1664 1982 1698 2017 a
1735 1982 1795 2017 se
1834 1966 1997 2017 editis
2032 1966 2175 2017 haec
2211 1967 2433 2031 scribit,
2483 1968 2591 2017 ‘Ea
2637 1974 2865 2034 propter

279 2049 692 2100 accuratissimi
737 2051 1086 2115 grammatici
1130 2050 1300 2101 Probi
1346 2052 1609 2102 instituta
1655 2053 1855 2102 artium
1905 2052 2021 2115 (Sic
2069 2052 2213 2103 enim
2259 2052 2401 2103 libro
2437 2052 2657 2103 titulum
2704 2052 2861 2117 fecit)

281 2150 540 2200 quaeque
575 2134 848 2185 Maximus
886 2134 1204 2187 Victorinus
1242 2141 1298 2186 et
1335 2136 1462 2187 alii:
1508 2126 1736 2200 quorum
1782 2138 1997 2189 subieci
2042 2138 2293 2188 nomina:
2351 2138 2503 2202 paris
2550 2140 2865 2203 argumenti

278 2222 680 2271 commentaria
725 2220 1087 2285 scripserunt:
1143 2220 1212 2270 ad
1257 2226 1312 2271 te
1358 2204 1500 2271 misi.
1574 2237 1696 2271 cum
1742 2220 1929 2273 Caesii
1972 2222 2137 2273 Bassi
2182 2222 2249 2272 de
2295 2221 2489 2273 Metris
2534 2222 2861 2273 Horatianis

277 2304 576 2371 opusculo:
635 2306 939 2355 uetustatis
985 2304 1191 2357 iniuria
1235 2304 1510 2359 mutilato.
1584 2306 1728 2370 quod
1788 2306 2044 2358 accidere
2098 2322 2327 2358 necesse
2380 2308 2515 2357 faits
2576 2311 2631 2358 et
2674 2322 2860 2358 eorum

277 2388 436 2456 (quos
463 2390 608 2456 dixi)
645 2390 982 2457 plaerisque.
1019 2391 1222 2457 quippe
1263 2406 1492 2455 quorum
1527 2391 1622 2442 uix
1657 2408 1686 2441 e
1724 2390 1906 2442 media
1930 2390 2403 2444 Bibliothecarum
2440 2396 2658 2459 strage:
2696 2407 2861 2457 quam

275 2478 492 2543 geticus
533 2476 686 2527 dedit
721 2476 899 2527 furor:
946 2476 1170 2526 unicum
1209 2476 1354 2540 quod
1390 2477 1622 2527 extabat
1659 2476 1964 2542 exemplar:
2027 2481 2241 2527 erutum
2278 2478 2369 2527 sit.
2428 2478 2635 2529 auxilio
2670 2478 2859 2528 Patris

275 2561 618 2627 Amplissimi
655 2562 924 2627 Stephani
957 2556 1534 2612 Poncherii‘luteciac
1571 2561 1899 2626 parisiorum
1936 2561 2243 2627 pontificis:
2278 2562 2859 2627 indulgentissimique

276 2648 377 2696 mei
415 2646 688 2712 patroni’.
758 2647 1021 2697 Vicetina
1059 2646 1228 2696 editio
1266 2648 1348 2695 ita
1383 2647 1655 2712 inscripta
1693 2650 1804 2709 est,
1856 2646 1944 2697 ‘In
1981 2648 2085 2698 hoc
2123 2647 2313 2698 codice
2353 2650 2729 2699 continentur:
2778 2650 2858 2698 in-

277 2732 475 2782 stituta
517 2732 720 2780 artium
755 2732 1032 2795 Probiquc
1071 2730 1390 2781 Catholica:
1430 2730 1683 2795 Cor.que
1709 2732 2009 2782 Frontonis
2045 2733 2110 2784 de
2150 2734 2424 2784 nominum
2459 2733 2858 2798 verborumque

275 2816 636 2867 differentiis:
686 2822 742 2866 et
785 2816 1007 2867 Phocae
1055 2816 1402 2881 grammatici
1446 2816 1514 2868 de
1561 2816 1723 2868 flatili
1766 2822 1899 2868 nota
1948 2822 2116 2882 atque
2154 2818 2219 2869 de
2258 2818 2596 2884 aspiratione
2632 2818 2858 2869 libellus

277 2903 568 2953 aureolus:
615 2900 698 2951 Ab
738 2902 817 2953 .A.
855 2901 991 2951 Iano
1027 2900 1328 2952 Parrhasio
1363 2916 1538 2967 nuper
1571 2904 1831 2953 inuenta:
1886 2919 1953 2953 ac
2006 2918 2155 2953 nunc
2204 2904 2435 2970 primum
2473 2902 2669 2967 edita'‚
2710 2908 2767 2954 et
2801 2904 2857 2955 in

275 2987 376 3039 fine
413 2988 553 3040 libri
600 2984 952 3053 ‘Expliciunt
983 2985 1252 3036 Instituta
1291 2988 1490 3037 artium
1529 2991 1585 3038 et
1619 2986 1915 3039 Catholica
1949 2988 2119 3039 Probi
2164 2987 2517 3053 corneliique
2564 2988 2859 3041 Frontonis

274 3074 356 3123 De
391 3074 678 3123 nominum
715 3071 1116 3135 uerborumque
1140 3070 1471 3121 differentiis
1507 3073 1700 3122 unicus
1741 3077 1798 3123 et
1834 3088 2034 3124 aureus
2070 3072 2315 3125 libellus.
2360 3074 2609 3138 Itemque
2634 3074 2855 3125 Phocae

275 3157 625 3223 grammatici
661 3156 728 3206 de
763 3157 1101 3222 aspiratione
1139 3158 1458 3221 praeceptio
1482 3156 1718 3207 nondum
1744 3158 2049 3223 publicata.
2088 3159 2375 3209 Veicetiae
2399 3158 2523 3209 XII.
2550 3158 2857 3209 Februarii.

275 3242 345 3294 M.
381 3244 450 3295 D.
487 3240 592 3292 IX.
629 3240 738 3291 Per
771 3242 1076 3291 Henricum
1113 3245 1169 3291 et
1202 3240 1464 3292 Ioannem
1501 3241 1736 3292 Mariam
1775 3243 1893 3293 eius
1930 3242 2010 3295 .1=·.
2050 3244 2375 3294 Librarios'.
2432 3244 2737 3307 praemissa
2774 3248 2860 3293 est

277 3327 524 3391 epistula
547 3325 836 3377 Parrhasii
871 3326 942 3376 ad
979 3324 1244 3376 Senatum
1267 3326 1631 3391 Veicetinum,
1674 3328 1731 3377 in
1756 3342 1865 3393 qua
1890 3328 1957 3379 de
1984 3328 2162 3379 Probo
2187 3328 2325 3379 haec
2352 3328 2565 3391 scribit,
2604 3326 2855 3391 ‘Quanta

277 3412 416 3476 apud
465 3411 734 3474 antiquos
778 3410 993 3461 Valerii
1037 3411 1204 3462 Probi
1248 3412 1420 3462 fuerit
1464 3414 1771 3463 auctoritas
1832 3414 1913 3465 .A.
1961 3412 2175 3465 Gellius
2219 3413 2277 3463 in
2324 3412 2580 3463 noctibus
2624 3412 2859 3463 Atticis:

275 3496 582 3560 Aeliusque
619 3496 874 3545 Donatus
912 3496 1122 3546 indicat
1159 3499 1216 3547 et
1250 3496 1478 3547 Seruius
1517 3498 1841 3548 honoratus:
1880 3512 1949 3549 ac
1986 3497 2194 3563 (siquid
2226 3500 2373 3550 inter
2394 3498 2493 3551 hos
2530 3498 2701 3549 habet
2722 3498 2857 3561 loci)

277 3581 626 3631 Priscianus:
687 3581 782 3645 qui
827 3580 1158 3631 testimoniis
1205 3582 1324 3631 eius
1370 3586 1431 3631 ut
1479 3583 1721 3634 oraculis
1766 3588 2011 3635 utuntur.
2081 3584 2137 3634 Is
2178 3584 2327 3635 inter
2371 3584 2487 3635 alia
2522 3584 2860 3635 monimenta

277 3664 536 3731 frugiferi
569 3665 657 3715 sui
691 3664 927 3715 laboris:
965 3666 1228 3716 Instituta
1266 3668 1468 3715 artium
1494 3669 1724 3732 reliquit
1758 3675 1814 3720 et
1840 3668 2163 3720 Catholica:
2202 3684 2344 3733 quae
2381 3670 2651 3720 rationem
2687 3668 2858 3718 totius

279 3748 555 3800 emendati
593 3748 860 3801 sermonis
896 3750 1324 3815 amplectuntur.
1372 3752 1458 3801 Ea
1483 3754 1764 3803 sexcentis
1803 3756 1858 3803 et
1893 3754 2132 3819 amplius
2170 3753 2373 3804 abhinc
2410 3754 2570 3803 annis
2607 3752 2661 3801 in
2700 3752 2857 3802 altis-

279 3835 405 3885 simo
441 3834 678 3902 puluere
716 3836 1009 3886 iacuerunt
1044 3836 1358 3903 incognita=
1418 3836 1590 3887 donec
1631 3854 1664 3887 a
1701 3838 1815 3888 situ
1850 3838 2123 3905 Georgius
2160 3840 2392 3904 primum
2427 3836 2647 3889 Merula
2684 3836 2859 3887 uindi-

279 3921 426 3971 cauit
461 3922 522 3971 in
557 3936 716 3971 usum
751 3920 1128 3971 tantummodo
1163 3936 1336 3973 suum.
1405 3922 1534 3973 Mox
1572 3938 1635 3973 eo
1673 3922 1965 3973 defuncto:
2002 3922 2223 3987 quidam
2260 3924 2469 3989 proprii
2502 3924 2641 3974 iuris
2677 3938 2859 3973 exem-

279 4005 454 4069 plaria
490 4007 766 4056 fecerant.
816 4006 1218 4072 Indignumque
1243 4006 1538 4059 uidebatur
1563 4008 1854 4058 ambitioni
1890 4024 2189 4073 paucorum
2226 4009 2437 4059 seruire
2464 4024 2604 4073 quae
2643 4007 2856 4059 latinae

281 4090 503 4157 linguae
540 4090 1005 4155 diligentissimus
1043 4091 1362 4157 indagator:
1400 4092 1456 4142 in
1493 4092 1769 4143 hominum
1805 4093 2131 4145 lucubrarat
2165 4094 2484 4145 utilitatem.
2536 4094 2720 4157 Quare
2757 4109 2857 4145 nos

279 4174 494 4225 iisdem:
549 4175 750 4239 quibus
806 4180 936 4225 ante
987 4176 1232 4226 Merula:
1289 4177 1548 4243 uestigiis
1601 4178 1671 4227 ad
1730 4179 2075 4245 interceptae
2120 4178 2361 4245 praedae
2407 4176 2591 4229 cubile
2636 4178 2859 4228 deducti

282 4258 444 4311 libros
482 4263 670 4311 aetate
709 4262 818 4311 iam
856 4264 1044 4325 putres
1082 4262 1498 4327 exscripsimus:
1547 4262 1845 4313 Incredile:
1900 4268 2107 4328 quanto
2155 4264 2344 4315 labore
2382 4267 2605 4330 propter
2640 4263 2857 4315 obsole-

283 4349 366 4393 tas
409 4350 658 4395 ueterum
705 4344 990 4395 literarum
1036 4350 1228 4397 notas:
1291 4350 1347 4397 et
1391 4348 1499 4397 iam
1544 4348 1805 4413 temporis
1850 4348 2059 4399 iniuria
2117 4349 2551 4401 uanescentium.
2624 4348 2733 4399 Sed
2788 4364 2855 4399 ne

285 4430 416 4491 quod
465 4432 524 4479 in
567 4430 700 4480 aliis
750 4436 1081 4481 accusamus
1129 4432 1336 4482 imitari
1369 4431 1564 4483 uidear
1597 4432 1741 4483 haec
1779 4432 1939 4485 edere
1978 4436 2243 4485 constitui
2278 4434 2445 4485 Probi
2483 4434 2737 4485 manibus
2773 4436 2855 4484 in·

286 4519 488 4577 gratum
526 4516 645 4567 fore
681 4530 792 4567 non
827 4518 1012 4566 ratus:
1071 4515 1120 4565 si
1165 4516 1279 4579 (cui
1315 4518 1524 4583 scripta
1559 4517 1709 4582 sunt)
1758 4518 2000 4583 ingenua
2038 4518 2393 4583 studiosaque
2430 4520 2691 4571 iuuentus
2728 4520 2855 4571 inde

287 4599 574 4661 proficiat'.
646 4606 888 4651 ceterum
927 4600 1069 4664 quod
1107 4600 1347 4653 editores
1382 4602 1837 4654 vindobonenses
1876 4604 2121 4654 analect.
2167 4619 2393 4671 gramm.
2432 4606 2609 4672 praef.
2647 4624 2697 4671 p.
2726 4605 2857 4655 XIV

286 4681 439 4733 Probi
475 4684 756 4735 catholica
792 4687 940 4750 typis
965 4686 1214 4737 Vdalrici
1240 4686 1630 4738 Scinzenzeler
1655 4704 1688 4737 a
1713 4688 1981 4739 Galbiato
2018 4688 2167 4739 edita
2204 4705 2326 4740 esse
2362 4688 2636 4754 dixerunt,
2674 4707 2855 4741 errore

291 4774 498 4833 propter
531 4770 856 4820 Terentiani
895 4770 1190 4823 editionem
1231 4774 1513 4823 commisso
1551 4774 1763 4823 factum
1800 4789 1922 4823 esse
1948 4772 2182 4826 videtur.
2254 4790 2383 4826 nam
2420 4775 2699 4841 descripta
2736 4777 2855 4839 qui-

291 4848 400 4901 dem
435 4869 558 4905 esse
595 4855 876 4907 catholica
914 4872 947 4906 a
986 4856 1268 4921 Galbiato‚
1307 4862 1369 4907 ut
1405 4857 1712 4924 ederentur,
1753 4859 1955 4911 litteris
1992 4860 2237 4911 Sfortiac
2276 4862 2331 4914 iu
2371 4860 2613 4913 editione
2650 4862 2853 4911 Tereu-
