3434 5442
671 333 794 397 498
1804 324 2107 410 [SERGll]

2812 451 2857 491 ρ.
2875 437 3081 480 :oo-soi
3102 435 3149 477 1..

666 517 758 577 his
815 535 956 595 ergo
1011 517 1325 577 auctoritas
1381 513 1680 594 sequenda
1734 521 1849 587 est,
1908 517 2183 595 quoniam
2230 515 2427 577 deficit
2478 518 2657 586 ratio:
2714 518 2979 596 exceptis
3024 514 3247 577 scilicet

667 618 894 680 duobus
951 617 1305 687 nominibuS,
1365 617 1430 676 in
1484 616 1698 697 quibus
1754 636 1889 679 cum
1946 620 2133 698 possit
2176 637 2305 680 esse
2349 617 2727 697 ambiguitas,
2786 627 2987 680 tamen
3030 619 3245 680 veritas

665 719 1033 800 deprehensa
1087 726 1202 790 est,
1261 719 1416 800 quod
1475 736 1507 778 e
1565 717 1759 781 littera
1814 721 2239 790 terminentur,
2296 728 2363 782 ut
2408 722 2570 781 canis
2615 723 2869 782 mensis:
2918 739 3057 780 nam
3105 721 3243 781 baec

665 841 696 883 e
743 829 964 884 tautum
1011 823 1432 888 terminantur.
1481 839 1614 882 cum
1659 821 1735 882 ad
1776 838 1953 902 supra
1999 822 2187 884 dictas
2230 821 2490 902 regulas,
2538 822 2596 882 id
2642 831 2733 883 est
2775 823 2849 883 ad
2894 821 3243 900 ambiguita-

617 940 642 981 s
668 933 818 995 tem,
867 922 1100 1003 alligata
1143 927 1277 985 sint.
1357 941 1491 984 nam
1539 931 1596 983 et
1641 926 1889 994 mensiS,
1938 941 2073 985 cum
2118 926 2193 987 sit
2237 923 2543 986 masculini
2588 933 2815 986 tantum
2860 927 3125 1003 generis,
3168 927 3243 986 si-

663 1026 816 1088 milis
875 1034 964 1087 est
1017 1028 1222 1105 generi
1275 1025 1578 1086 communi
1635 1032 1879 1105 propter
1935 1043 2111 1106 pares
2166 1027 2585 1087 nominativum
2644 1034 2703 1086 et
2766 1028 3123 1105 genitivum,
3188 1039 3245 1088 et

663 1131 854 1200 caniS,
903 1130 1165 1209 quamvis
1211 1130 1287 1188 sit
1330 1129 1566 1206 generis
1611 1129 1974 1199 communiS,
2028 1145 2147 1190 non
2192 1147 2265 1190 ex
2308 1147 2371 1190 se
2417 1127 2556 1190 facit
2598 1145 2782 1207 genus
2827 1137 3141 1196 neutrum:
3188 1139 3245 1188 et

660 1232 793 1292 ideo
852 1231 924 1292 ad
981 1229 1424 1311 ambiguitatem
1481 1230 1783 1309 pertinere
1842 1228 2193 1291 debuerunt.
2283 1231 2415 1302 sed,
2464 1238 2530 1291 ut
2574 1230 2718 1300 dixi,
2766 1231 2983 1291 veritas
3028 1230 3241 1310 depre-

637 1333 842 1414 'hensa
898 1341 1012 1402 est,
1078 1329 1233 1412 quod
1301 1350 1334 1391 e
1399 1338 1627 1392 tautum
1685 1330 1879 1392 littera
1936 1334 2356 1403 terminentur,
2412 1331 2485 1392 ab
2534 1329 2546 1414 Ι
2596 1332 2708 1392 hoc
2764 1350 2939 1402 cane,
2996 1331 3073 1391 ab
3126 1331 3241 1392 boc

585 1449 634 1491 ιο
660 1453 880 1496 mense.
969 1437 1029 1496 in
1075 1432 1287 1514 quibus
1330 1431 1476 1494 adeo
1520 1435 1735 1496 veritas
1778 1433 2149 1512 deprehensa
2193 1442 2311 1507 est,
2358 1441 2420 1495 ut
2464 1433 2537 1494 de
2581 1433 2672 1493 his
2715 1451 3035 1513 numquam
3084 1435 3241 1494 varie

665 1536 880 1599 lectum
925 1537 1018 1597 sit.
1063 1537 1205 1596 item
1251 1536 1490 1596 nomina
1534 1537 1743 1597 tertiae
1789 1534 2212 1605 declinationis,
2260 1553 2413 1614 quae
2458 1537 2788 1596 communis
2832 1537 3073 1614 generis
3118 1553 3237 1596 non

657 1647 796 1699 sunt
839 1645 898 1698 et
938 1639 960 1698 i
1003 1635 1198 1698 littera
1245 1638 1638 1698 terminantur
1690 1639 1751 1696 in
1810 1636 2061 1699 ablativo
2118 1645 2377 1706 tantum,
2436 1639 2827 1698 accusativum
2874 1634 3239 1713 singularem

655 1743 716 1800 in
761 1741 842 1800 im
891 1747 1116 1800 tantum
1161 1723 1429 1810 mittunt,
1476 1748 1542 1800 ut
1583 1739 1658 1800 ab
1703 1739 1814 1800 hac
1858 1742 1913 1800 vi
1957 1739 2111 1801 hanc
2154 1741 2297 1808 vim:
2342 1741 2427 1799 sic
2472 1747 2531 1798 et
2572 1738 2647 1800 ab
2691 1738 2803 1799 boc
2832 1738 3037 1800 Tiberi
3082 1739 3241 1800 hunc

655 1841 934 1903 Tiberim.
1023 1841 1155 1902 ideo
1201 1841 1322 1902 dixi
1367 1846 1681 1912 ‘tautum’,
1730 1843 1864 1921 quia
1907 1858 2173 1922 puppem
2218 1849 2277 1902 et
2319 1843 2559 1920 puppim
2606 1841 2884 1902 dicimus:
2931 1858 3071 1902 nam
3118 1859 3237 1902 non

586 1948 681 2005 15i
725 1951 950 2006 tantum
997 1945 1352 2006 terminatur
1395 1941 1711 2013 ablativuS,
1760 1943 1864 2004 sed
1910 1945 2084 2005 etiam
2131 1961 2183 2004 e.
2270 1944 2417 2004 istae
2474 1960 2615 2022 ergo
2660 1941 2901 2022 regulae
2946 1942 3098 2004 duos
3138 1963 3235 2004 va-

655 2045 920 2107 cillantes
976 2063 1145 2107 casus
1189 2043 1436 2115 habent,
1496 2045 1819 2106 vocativum
1864 2047 1925 2105 in
1970 2044 2229 2106 secunda
2274 2043 2663 2106 declinatione
2706 2033 3128 2106 et'ablativum
3174 2047 3235 2105 in

655 2149 842 2210 tertia.
907 2165 1040 2208 nam
1071 2148 1367 2208 vocativus
1397 2145 1694 2206 secundae
1742 2144 2150 2208 declinationis
2194 2144 2507 2226 aliquando
2550 2149 2611 2206 in
2656 2148 2676 2206 i
2720 2147 2869 2216 exit,
2916 2146 3235 2226 aliquando

651 2255 709 2312 in
755 2269 804 2311 e.
867 2249 1120 2329 denique
1163 2251 1226 2310 in
1269 2249 1386 2309 boc
1429 2261 1571 2309 casu
1614 2245 2055 2328 ambiguitatem
2088 2248 2229 2309 vidit
2258 2246 2547 2327 Vergilius
2576 2258 2635 2308 et
2678 2250 3020 2326 antiptosim
3068 2249 3231 2320 fecit,

650 2371 760 2432 pro
804 2353 1065 2414 vocativo
1109 2352 1532 2412 nominativum
1576 2351 1801 2430 posuit,

575 2469 626 2510 zo
955 2454 1305 2532 corniger
1348 2451 1843 2532 Hesperidum
1890 2451 2168 2514 fluvius
2210 2459 2571 2530 regnator
2615 2469 2985 2532 aquarum.

652 2563 710 2617 et
750 2556 849 2616 hie
894 2573 1033 2616 usus
1077 2562 1338 2615 veterum
1383 2555 1520 2621 fuit,
1570 2555 1808 2615 nomina
1854 2555 2027 2614 etiam
2074 2572 2193 2614 non
2240 2552 2417 2614 dubia
2461 2552 2809 2634 plerumque
2854 2555 2941 2616 sic
2982 2571 3231 2634 ponere,

651 2657 959 2719 ‘Octavius
1003 2655 1178 2716 iudex
1221 2663 1346 2716 esto
1363 2660 1401 2725 ’,
1450 2655 1673 2716 ‘Titius
1716 2656 1892 2717 heres
1936 2663 2060 2716 esto
2076 2661 2115 2715 ’.

817 2759 1218 2837 Interrogatus
1249 2754 1540 2818 Filocalus
1587 2763 1806 2837 ‘quare
1837 2757 2035 2818 dixisti
2064 2756 2222 2837 quod
2268 2759 2326 2818 in
2372 2758 2557 2827 same,
2602 2775 2751 2836 quae
2795 2757 2953 2837 apud
2996 2765 3232 2820 veteres

651 2863 705 2924 ei
750 2859 1131 2941 promittebat
1173 2860 1522 2939 genitivum,
1569 2860 1774 2929 famei,
1822 2877 1973 2921 unus
2018 2877 2186 2920 casus
2230 2866 2493 2920 retentus
2539 2864 2655 2928 est,
2701 2857 2759 2918 id
2804 2866 2899 2920 est
2939 2859 3231 2921 ablativus

572 2993 622 3034 2⁵
648 2964 1001 3045 productus,
1057 2980 1190 3022 cum
1249 2967 1308 3021 et
1361 2963 1753 3022 accusativum
1800 2967 1857 3021 et
1900 2960 2046 3022 alios
2090 2977 2261 3022 casus
2302 2959 2521 3022 similes
2564 2959 2887 3022 habeamus
2930 2963 3231 3024 veteribus

652 3067 918 3148 (dicimus
963 3067 1116 3126 enim
1163 3063 1316 3124 hanc
1361 3062 1609 3132 samem,
1657 3064 1809 3124 sicut
1851 3071 1909 3124 et
1952 3061 2135 3139 illi)?’
2178 3062 2482 3144 respondit
2527 3061 2623 3123 ‘de
2667 3062 2759 3124 bis
2802 3064 3038 3125 casibus
3084 3065 3227 3132 dixi,

647 3171 748 3250 qui
791 3167 1011 3230 habent
1065 3165 1535 3235 distinctionem,
1595 3166 1883 3242 genitivus
1928 3163 2243 3243 singularis
2286 3173 2343 3226 et
2386 3165 2611 3226 dativus
2654 3173 2713 3226 et
2757 3164 3063 3229 ablativus.
3120 3167 3227 3228 sed

648 3271 790 3333 illud
837 3291 870 3333 a
913 3288 1010 3332 me
1053 3284 1340 3348 quaerere
1385 3265 1668 3336 debuisti,
1714 3285 1925 3345 quare,
1972 3284 2107 3326 cum
2138 3267 2200 3328 in
2230 3267 2339 3328 hac
2383 3268 2586 3347 quinta
2631 3265 3023 3329 declinatione
3068 3285 3229 3330 sem·

647 3392 757 3453 per
809 3371 1173 3454 producatur
1228 3387 1288 3438 e,
1346 3375 1410 3428 ut
1463 3375 1553 3428 est
1596 3365 1712 3428 diei
1756 3368 1927 3429 faciei
1970 3371 2301 3447 progeniei,
2364 3369 2737 3431 inveniantur
2779 3370 3071 3450 quaedam
3116 3389 3229 3432 no-

569 3497 620 3541 so
647 3479 807 3537 mina
862 3477 918 3536 ei
971 3473 1283 3534 terminata
1335 3470 1396 3530 in
1452 3471 1740 3546 genitivo,
1795 3487 1947 3549 quae
2006 3477 2340 3551 correptam
2400 3470 2656 3533 babeant
2708 3491 2774 3544 e;
2830 3479 2969 3533 sunt
3023 3481 3229 3534 autem

647 3577 794 3638 haec
838 3579 980 3653 tria,
1037 3576 1132 3634 rei·
1187 3574 1314 3654 spei
1367 3570 1522 3632 fidei.
1610 3571 1757 3632 haec
1812 3573 1959 3632 ratio
2014 3580 2104 3632 est
2146 3573 2450 3634 nominum
2495 3575 2731 3652 quintae
2776 3570 3227 3636 declinationis:

647 3681 695 3740 si
737 3695 948 3758 puram
995 3675 1251 3737 habeant
1292 3676 1354 3735 in
1399 3675 1757 3734 nominativo
1802 3691 1865 3734 es
1907 3671 2217 3753 syllabam,
2263 3674 2327 3735 id
2356 3683 2447 3736 est
2484 3691 2605 3737 non
2649 3675 3071 3738 cohaerentem
3114 3676 3229 3738 ali-

647 3781 743 3842 cui
809 3777 1200 3859 consolnanti,
1268 3777 1328 3836 in
1385 3775 1640 3855 genitivo
1693 3777 1821 3836 sine
1876 3774 2054 3837 dubio
2108 3775 2543 3855 producuntur:
2600 3777 2652 3838 si
2706 3784 2899 3839 autem
2960 3777 3233 3840 babeant

647 3889 1098 3950 consonantem,
1145 3878 1575 3957 corripiuntur,
1621 3862 1857 3956 ut‘spei
1900 3879 1989 3938 rei
2030 3877 2221 3940 fidei'.

567 4071 619 4116 ω
1628 4047 1725 4109 DE
1767 4047 2227 4110 PRONOMINE.

812 4171 1146 4232 Pronomen
1191 4169 1410 4231 dictum
1456 4174 1546 4228 est
1588 4168 1756 4248 quasi
1797 4184 1907 4245 pro
1953 4168 2223 4239 nomine,
2271 4186 2341 4229 eo
2385 4167 2543 4248 quod
2588 4168 2852 4248 fungitur
2880 4169 3081 4230 officio
3110 4189 3229 4232 no-

815 4325 844 4375 1
880 4323 1046 4374 aenon
1085 4323 1170 4375 rs
1204 4323 1391 4373 defecit
1430 4321 1509 4372 Le
1647 4323 1681 4371 4
1717 4335 1831 4370 enm
1866 4335 1958 4372 om.
1999 4322 2068 4380 L,
2111 4321 2234 4372 aaa.
2272 4321 2386 4373 Fse
2524 4305 2908 4388 ambiguitatem
2942 4320 3016 4374 Se
3052 4324 3227 4376 ambi-

641 4396 862 4460 guitates
897 4395 998 4444 LF
1129 4392 1195 4444 10
1239 4402 1295 4443 ut
1337 4395 1401 4444 de
1436 4395 1516 4442 his
1552 4405 1826 4454 numquam
1862 4392 2006 4440 uarie
2042 4391 2224 4441 lectum
2264 4392 2331 4442 sit
2362 4388 2435 4442 Fe
2480 4400 2536 4441 ut
2572 4393 2635 4442 de
2666 4391 2747 4442 his
2783 4393 2927 4442 uarie
2961 4407 3227 4458 nusquam

644 4464 824 4514 lectum
863 4475 940 4516 est
977 4464 1020 4514 S
1051 4471 1106 4512 ut
1135 4477 1234 4512 non
1273 4463 1338 4512 de
1375 4463 1454 4513 his
1491 4462 1749 4510 nariemus
1776 4460 1912 4525 quod
1940 4461 2121 4510 lectum
2159 4462 2224 4512 sit
2260 4461 2312 4510 L
2455 4461 2519 4512 18
2560 4463 2854 4527 antiptosim
2892 4461 3018 4513 fecit
3052 4465 3099 4516 S
3126 4481 3225 4514 an-

642 4535 802 4600 tiptoy
831 4534 954 4584 fecit
989 4534 1039 4582 L
1075 4533 1342 4581 antiit-asin
1379 4533 1498 4583 fecit
1525 4533 1593 4592 F,
1629 4546 1721 4582 om.
1760 4547 1789 4581 e
1960 4529 2029 4580 20
2076 4527 2335 4598 corniger]
2384 4533 2543 4597 Vero.
2582 4532 2715 4586 Aen.
2754 4531 2869 4582 v111
2906 4533 2975 4582 77
3152 4536 3226 4586 22

643 4607 870 4654 Octauius
898 4602 1011 4653 FSe
1047 4602 1343 4652 octauianus
1389 4603 1430 4650 L
1569 4601 1710 4650 titius
1747 4602 1817 4653 Se
1848 4601 1969 4651 titus
2007 4601 2056 4649 F
2086 4603 2239 4652 totius
2268 4602 2318 4653 L
2494 4600 2562 4652 23
2596 4602 2939 4668 interrogatus
2972 4603 3227 4670 filugalus

643 4689 798 4735 quare
825 4674 1002 4724 dixisti
1032 4673 1074 4722 S
1103 4672 1444 4736 interrogatus
1482 4685 1637 4735 quare
1676 4669 1847 4734 (quasi
1882 4670 1951 4735 F)
1985 4671 2164 4722 dixisti
2199 4673 2330 4722 Llc'e
2469 4673 2536 4724 25
2573 4687 2687 4721 cum
2719 4681 2769 4723 et
2805 4673 2891 4724 FS
2924 4680 2974 4721 et
3008 4689 3127 4724 cum
3168 4677 3227 4725 1.-

641 4757 756 4791 cum
789 4759 879 4797 om.
913 4742 992 4792 Le
1095 4740 1162 4790 26
1197 4742 1329 4791 sicut
1360 4749 1408 4790 et
1443 4740 1516 4790 illi
1549 4739 1658 4804 (ille
1687 4743 1751 4806 S)
1790 4741 2054 4805 respondit
2090 4743 2182 4794 LS
2216 4743 2345 4792 sicut
2373 4749 2423 4791 et
2456 4742 2531 4791 illi
2564 4742 2809 4808 respondi
2838 4742 2891 4792 F
2920 4754 2970 4792 et
3008 4742 3227 4808 (samm

639 4815 830 4877 scripto
867 4809 1018 4869 sieut)
1058 4811 1372 4875 respondite
1564 4811 1632 4860 27
1673 4811 1794 4874 quia
1830 4810 2015 4861 habent
2053 4811 2103 4860 F
2271 4811 2339 4863 36
2383 4813 2529 4874 quasi
2574 4828 2667 4878 pro
2714 4813 2916 4863 nomine
2946 4813 3039 4865 FS
3067 4815 3229 4878 quasi
