3434 5442
955 338 1353 401 INSTITVTA
1396 339 1676 402 ARTIVM
1716 341 1957 405 37-,51
2665 340 2746 402 53

303 471 338 512 ρ.
362 457 521 500 ιιι-οι
552 456 627 504 3.,
2311 470 2356 512 p.
2381 457 2558 500 κιο-«ιι
2591 457 2645 498 v.

84 532 113 558 “’
216 531 287 592 rel
312 546 455 598 casu,
498 534 557 590 et
590 543 711 588 non
748 534 973 589 tantum
1018 529 1093 593 ad
1125 546 1310 607 genus
1345 548 1521 594 omne
1551 531 1744 594 solum
1787 532 1890 595 sed
1927 540 1986 596 et
2021 531 2173 593 aliud
2220 547 2405 609 genus
2447 531 2746 608 pertinere

65 735 117 778 uz}-

212 632 531 710 probantur:
578 637 807 709 utputa
854 631 906 692 si
936 627 1091 694 (licat
1120 631 1373 710 gracilis,
1420 635 1585 695 cuius
1622 635 1893 713 generis?
1937 635 2138 716 utique
2176 651 2294 694 non
2327 631 2518 692 solum
2555 633 2748 692 omnis

210 733 297 796 sed
350 740 405 794 et
442 735 799 802 communis,
856 731 1079 794 scilicet
1122 735 1401 814 quoniam
1446 733 1740 818 gracisslis
1781 739 1842 798 in
1895 739 2166 814 genetivo
2209 753 2278 796 ex
2323 732 2648 796 masculino
2691 739 2750 796 et

210 836 557 897 feminino‘et
583 842 795 896 neutro
842 842 932 896 est
972 837 1209 912 generis
1251 838 1470 907 omnis;
1516 845 1577 898 at
1605 857 1744 900 vero
1790 841 2147 900 nominativo
2191 843 2280 898 est
2321 837 2554 914 generis
2587 854 2748 896 com-

210 937 391 999 munis,
466 943 523 997 et
566 936 719 1006 ideo,
766 943 831 998 ιιι
874 955 1049 1015 supra
1094 939 1207 998 iam
1250 939 1311 999 in
1353 957 1571 1017 genere
1616 943 1913 1016 communi
1953 938 1962 1020 Ι
2001 940 2324 1010 docuimus,
2371 939 2542 1000 etiam
2589 955 2748 998 nunc
2799 962 2824 1000 5

210 1057 499 1107 monemur„
548 1037 663 1100 hoc
696 1045 787 1100 est
816 1046 880 1098 ut
920 1038 1323 1102 absolutorum
1366 1045 1671 1103 nominum
1714 1041 2058 1104 conicienda
2103 1044 2220 1102 sint
2251 1057 2486 1118 genera,
2529 1039 2752 1100 scilicet

208 1141 335 1221 qiua,
376 1141 457 1202 sic
488 1140 569 1200 uti
616 1143 731 1201 iam
768 1159 943 1218 supra
974 1140 1245 1212 diximus,
1292 1161 1411 1204 non
1448 1161 1681 1222 semper
1710 1145 1908 1206 omnia
1945 1145 2182 1204 nomina
2230 1140 2496 1206 absolute
2540 1143 2744 1220 posita,

208 1244 303 1302 hoc
339 1251 437 1310 est,
482 1244 567 1302 sic
598 1245 687 1304 uti
728 1245 843 1304 iam
888 1243 1156 1314 diximus,
1204 1246 1329 1306 sine
1372 1263 1511 1306 casu
1558 1245 1647 1308 vel
1690 1264 1910 1323 genere
1955 1253 2056 1307 aut
2097 1261 2348 1305 numero
2392 1245 2597 1323 posita,
2643 1261 2750 1320 per

208 1363 381 1404 omnes
419 1361 589 1406 casus
626 1361 747 1404 uno
780 1361 1003 1422 genere
1042 1354 1435 1424 perseverant.
1506 1365 1665 1410 nnnc
1706 1349 1882 1410 etiam
1925 1348 2040 1410 hoc
2078 1364 2406 1416 monemus,
2446 1345 2603 1424 quod
2635 1347 2753 1427 sint

207 1445 373 1525 aliqui,
416 1447 515 1524 qui
546 1453 607 1507 et
650 1447 809 1527 quod
850 1447 1039 1508 tribus
1074 1447 1395 1526 generibus
1433 1452 1705 1511 convenit
1767 1453 2000 1529 generis
2031 1448 2358 1509 communis
2389 1465 2518 1508 esse
2550 1445 2746 1515 velint,
2779 1468 2827 1510 ιο

206 1548 297 1608 hoc
336 1554 527 1610 estut
582 1555 865 1629 quattuor
918 1564 1137 1626 genera
1194 1551 1495 1613 nominum
1552 1559 1779 1614 tantum
1835 1570 1962 1614 esse
2011 1551 2308 1613 definiant.
2393 1550 2496 1611 sed
2553 1549 2645 1619 hi,
2703 1549 2752 1608 si

206 1651 457 1710 rationem
526 1653 833 1712 metricam
896 1649 983 1712 vel
1044 1659 1475 1715 structurarum
1540 1652 1764 1731 legant,
1833 1665 1974 1714 tunc
2036 1651 2404 1732 intellegent,
2469 1659 2750 1732 quantum

207 1768 483 1812 commune
526 1768 723 1830 genus
759 1771 793 1814 a
838 1770 1059 1832 genere
1098 1756 1259 1815 omni
1304 1755 1550 1826 differat,
1582 1763 1658 1822 ¹et
1700 1757 1852 1826 ideo,
1896 1763 1958 1816 ut
2003 1755 2274 1826 diximus»,
2316 1754 2474 1835 quod
2519 1751 2752 1815 duobus

206 1851 491 1930 generibus
544 1856 863 1926 convenit,
921 1857 1157 1934 generis
1206 1875 1337 1918 esse
1390 1859 1750 1928 communis,
1821 1857 1980 1938 quod
2033 1874 2174 1918 vero
2235 1855 2452 1925 tribus,
2519 1855 2752 1934 generis

206 1956 393 2024 omnis;
448 1955 677 2018 scilicet
720 1959 999 2038 quoniam
1054 1967 1295 2038 propter
1350 1961 1636 2025 rationem
1678 1966 2108 2022 structurarum
2160 1957 2248 2020 vel
2291 1959 2592 2020 metricam
2647 1975 2751 2018 ne·
2781 1977 2828 2018 ιι

206 2075 343 2117 cesse
384 2064 471 2118 est
516 2065 581 2118 ut
626 2059 969 2121 nominibus
1018 2063 1281 2144 quinque
1326 2079 1543 2140 genera
1590 2063 1707 2122 sint
1749 2062 2100 2124 necessaria.
2190 2059 2264 2122 de
2309 2077 2526 2138 genere
2560 2059 2750 2120 nomi-

206 2177 339 2226 num.
380 2168 667 2238 quantum
710 2163 861 2222 ratio
901 2163 1201 2244 poscebat,
1246 2165 1387 2225 satis
1429 2166 1826 2226 tractavimus.

1296 2363 1366 2404 m:
1396 2347 1624 2406 Flavus.

342 2465 551 2546 Figura
596 2469 911 2530 nominum
952 2467 1181 2530 duobus
1222 2469 1410 2532 modis
1451 2467 1832 2546 intellegitur,
1899 2469 2014 2530 hoc
2057 2474 2148 2530 est
2195 2466 2438 2546 simplex
2485 2473 2544 2528 et
2585 2485 2747 2528 com·
2788 2524 2795 2531 .

206 2570 377 2645 posita.
414 2569 669 2648 simplex
714 2570 901 2648 figura
944 2572 1251 2632 nominum
1286 2571 1661 2648 intellegitur,
1702 2571 1937 2651 quando
1983 2588 2053 2632 ex
2101 2587 2214 2632 una
2258 2576 2424 2649 parte
2469 2569 2750 2629 orationis
2775 2587 2827 2628 πο

206 2677 395 2732 tantum
440 2672 688 2732 nomina
740 2673 1113 2735 inveniuntur
1170 2691 1299 2736 esse
1345 2675 1691 2744 constituta,
1751 2680 1817 2734 ut
1871 2679 2007 2750 puta
2067 2672 2204 2734 felix
2247 2671 2450 2734 Cicero
2507 2669 2753 2732 callidus

208 2770 321 2832 Cato
359 2789 523 2850 puer.
588 2775 679 2835 sic
723 2783 783 2835 et
825 2783 1020 2837 cetera
1066 2775 1199 2836 talia
1241 2777 1496 2846 nomina,
1542 2793 1693 2856 quae
1735 2793 1959 2844 exuas
1991 2783 2158 2854 parte
2201 2774 2484 2834 orationis
2526 2778 2751 2834 tantum

206 2875 549 2964 reperiuntur
594 2893 733 2938 esse
762 2878 1095 2947 constituta,
1140 2878 1213 2940 ad
1242 2878 1491 2957 figuram
1518 2877 1848 2958 simplicem
1891 2893 2132 2939 necesse
2178 2883 2266 2938 est
2307 2881 2372 2936 ut
2401 2876 2748 2953 pertineant.

208 2978 489 3054 conposita
532 2977 1071 3056 figura.nominum
1116 2979 1509 3059 intellegitur,
1552 2979 1790 3060 quando
1830 2997 1950 3040 non
1994 2998 2063 3040 ex
2111 2995 2224 3039 una
2263 2984 2430 3056 parte
2473 2977 2754 3038 orationis

205 3086 391 3139 tantum
432 3080 821 3152 inveniuntur
870 3084 1107 3142 nomina
1165 3101 1295 3144 esse
1352 3083 1683 3144 constituta.
1775 3081 2146 3159 componitur
2200 3093 2394 3141 autem
2446 3079 2750 3140 nominum
2779 3096 2830 3136 ιι

208 3179 363 3256 figura
415 3199 487 3242 ex
548 3183 791 3260 integro
848 3181 935 3244 vel
992 3184 1237 3263 integris
1302 3191 1361 3246 et
1408 3191 1710 3264 corrupto.
1799 3184 2096 3260 integrum
2165 3180 2252 3242 vel
2315 3181 2541 3258 integra
2597 3187 2752 3250 sunt,

206 3301 328 3360 quae
380 3283 531 3346 solas
580 3291 783 3362 partes
834 3287 1121 3348 orationis
1176 3287 1513 3365 designant,
1572 3293 1637 3347 ut
1679 3293 1821 3365 puta
1861 3285 2066 3346 Cicero
2125 3289 2186 3342 tu
2229 3281 2360 3359 lego
2415 3299 2523 3360 per
2579 3280 2755 3362 [haec

206 3383 401 3466 rerba}
484 3387 575 3448 sic
616 3393 684 3448 et
719 3395 914 3448 cetera
956 3386 1123 3458 talia,
1170 3407 1321 3470 quae
1364 3389 1435 3452 ad
1482 3387 1639 3450 solas
1680 3397 1880 3467 partes
1923 3385 2202 3446 orationis
2245 3385 2542 3462 pertinere
2583 3400 2754 3460 repe-

204 3486 435 3570 riuntur,
480 3489 787 3567 integrum
835 3489 922 3551 vel
966 3490 1195 3567 integra
1252 3509 1381 3552 esse
1431 3492 1906 3570 pronuntiantur.
1997 3493 2340 3565 corruptum
2395 3491 2588 3548 autem
2647 3492 2754 3556 est,

208 3589 337 3666 quod
370 3589 585 3652 nullam
634 3598 867 3670 partem
912 3595 1197 3656 orationis
1236 3593 1615 3662 demonstrat,
1660 3573 1728 3652 ιιι
1764 3598 1906 3671 puta
1945 3588 2034 3652 les
2075 3606 2190 3668 por
2233 3607 2338 3650 nas
2379 3605 2476 3648 ras
2505 3586 2594 3648 cal
2639 3604 2751 3664 pur
2781 3604 2833 3646 so

206 3691 237 3748 ti
264 3711 333 3752 sa.
404 3695 491 3754 sic
534 3699 597 3754 et
648 3699 847 3756 cetera
878 3693 1045 3768 talia„
1088 3713 1239 3776 quae
1280 3695 1351 3756 ad
1383 3693 1603 3774 nullam
1646 3701 1875 3773 partem
1925 3692 2208 3754 orationis
2240 3691 2556 3750 convenire
2597 3689 2757 3750 inve·

206 3793 427 3865 niumm,
460 3795 535 3856 ad
576 3803 931 3875 corruptum
974 3799 1273 3877 pertinere
1319 3799 1794 3876 pronuntiantur.
1851 3813 2012 3856 nunc
2057 3794 2335 3874 quoniam
2381 3791 2524 3872 quid
2557 3793 2636 3851 sit
2667 3791 2755 3852 in·

208 3901 401 3973 tegrum
446 3903 509 3960 et
549 3897 703 3978 qnid
742 3901 819 3959 sit
858 3907 1205 3979 corruptum
1262 3901 1671 3979 exposuimus,
1741 3904 1800 3959 et
1841 3897 1974 3962 ideo
2018 3899 2136 3958 iam
2180 3913 2356 3975 quem
2398 3894 2472 3954 ad
2515 3892 2756 3955 modum

208 3995 285 4058 fiat
320 3998 499 4076 figura
536 4003 873 4078 composita
912 4001 1247 4064 doceamus.
1280 4002 1633 4080 ‘composita
1674 4001 1864 4079 figura
1909 3999 2214 4060 nominum
2255 3998 2339 4066 fit,
2385 4003 2452 4057 ut
2482 3996 2752 4062 diximus,

208 4097 405 4162 (luobus
442 4102 665 4172 modis,
710 4102 827 4164 hoc
858 4109 947 4166 est
989 4123 1059 4166 ex
1100 4103 1378 4185 intelgris
1420 4105 1541 4164 sive
1582 4104 1816 4178 integro
1863 4109 1924 4162 et
1961 4109 2263 4178 corrupto.
2323 4098 2426 4160 sed
2459 4098 2522 4158 hi
2551 4096 2756 4157 variati
2782 4105 2834 4147 ³⁵

210 4201 333 4262 inter
358 4221 437 4274 se,
474 4211 667 4284 prout
706 4212 844 4266 sunt
882 4206 1105 4268 scilicet
1143 4207 1399 4276 nomina,
1444 4206 1693 4282 figuram
1735 4205 2116 4282 compositam
2157 4200 2434 4268 efficiunt,
2473 4197 2484 4280 Ι
2523 4205 2584 4260 et
2619 4197 2754 4258 ideo

212 4301 371 4382 aliqua
398 4324 612 4369 eorum
648 4305 1005 4371 subiciemus
1034 4307 1319 4387 exempla,
1365 4307 1581 4390 quibus
1610 4305 1889 4368 facillime
1918 4312 1977 4367 et
2009 4311 2206 4365 cetera
2234 4305 2350 4363 sint
2379 4299 2754 4362 dinoscenda.

328 4475 350 4524 1
391 4478 480 4528 sed
510 4487 559 4528 et
603 4478 672 4527 ad
708 4477 850 4528 aliud
882 4494 912 4529 υ
1083 4481 1113 4528 7
1166 4479 1397 4531 absolute
1430 4479 1599 4546 posita
1631 4494 1661 4528 υ
1694 4477 1925 4528 absolute
1957 4473 2190 4540 opposita
2226 4473 2272 4524 R
2451 4471 2513 4522 14
2561 4485 2673 4518 esse
2708 4469 2756 4520 R

216 4551 275 4592 est
303 4561 327 4593 υ
454 4547 595 4611 qnod
628 4563 749 4598 vero
786 4549 946 4599 tribus
979 4549 1247 4615 generibus
1284 4549 1518 4599 convenit
1554 4548 1757 4614 generis
1790 4546 1954 4597 omnis
1991 4561 2018 4593 v
2055 4559 2124 4594 ex
2157 4543 2332 4594 codice
2357 4543 2596 4592 Parisino
2620 4540 2757 4591 7519

326 4619 387 4666 24
416 4621 701 4684 composite
738 4617 927 4686 figura]
976 4619 1189 4684 Pompei.
1222 4635 1279 4682 p.
1312 4620 1425 4672 165.
1459 4619 1553 4670 187
1698 4620 1763 4668 27
1801 4625 1854 4666 ιιι
1893 4617 1968 4666 vel
2006 4629 2102 4681 ego
2141 4613 2264 4663 haec
2302 4613 2470 4672 verba,
2511 4613 2586 4662 sic
2620 4620 2676 4660 ut
2709 4617 2759 4660 et

220 4694 353 4735 cetera
380 4688 497 4739 talia
530 4705 564 4738 r
703 4688 773 4741 30
809 4704 903 4757 pos
935 4705 1071 4742 corr.
1112 4705 1207 4754 por
1239 4690 1286 4740 R
1322 4705 1415 4755 pos
1452 4706 1483 4739 r
1621 4687 1683 4739 31
1727 4688 1804 4738 sic
1837 4702 1928 4738 om.
1966 4685 2044 4737 Ru
2210 4683 2276 4733 35
2311 4682 2495 4732 uariuti
2535 4683 2665 4730 inter
2701 4697 2758 4730 se

221 4767 341 4817 prout
368 4769 477 4809 suut
510 4761 563 4810 in
598 4759 771 4810 codice
801 4775 914 4810 esse
946 4767 1162 4810 testatur
1190 4759 1352 4810 editor
1386 4760 1637 4810 Romanus
1666 4759 1869 4808 uariant
1903 4758 2032 4807 inter
2065 4770 2120 4805 se
2159 4762 2306 4820 prout
2339 4761 2456 4802 sunt
2485 4753 2531 4802 R
2572 4752 2758 4802 variari

226 4837 329 4880 mter
358 4847 409 4881 se
442 4839 659 4898 possunt
693 4847 726 4880 r
