3434 5442
1083 340 1496 405 CATHOLICA
1537 341 1563 405 1
1600 342 1850 404 45-47
2671 342 2750 403 25

298 473 339 513 ρ.
366 460 537 501 usses
562 458 608 500 r.
1445 495 1457 503 ,
2339 472 2384 512 p.
2417 458 2505 501 126.
2525 458 2574 499 27
2605 458 2648 499 L.

208 533 480 611 genetivo,
536 530 631 591 hic
666 550 793 591 mos
844 531 1016 593 huius
1062 533 1273 601 moris:
1329 537 1601 609 correpta
1642 530 1866 591 nullum
1914 529 2046 608 legi.
2135 549 2268 591 mus
2320 548 2510 610 paene
2559 531 2750 591 omnia

206 635 473 707 secundae
514 642 647 695 sunt
683 634 1085 695 declinationis
1130 636 1211 695 mi
1240 634 1509 695 facientia
1556 633 1842 711 genetivo,
1889 632 2103 695 humus
2133 632 2315 704 humi,
2356 633 2546 694 almus
2580 632 2748 703 almi;

205 743 393 797 neutro
426 754 563 799 vero
600 737 806 797 tertiae
850 738 933 796 ris
964 736 1175 797 facient
1212 736 1497 813 genetivo,
1542 752 1750 797 nemus
1784 736 2062 804 nemoriS,
2109 734 2432 796 secundum
2463 734 2748 796 rationem

203 848 523 899 neutrorum
570 856 640 899 us
684 839 1159 908 terminatorum,
1206 839 1278 899 de
1324 858 1437 917 qna
1490 839 1829 917 frequenter
1874 837 2201 898 docuimus,
2289 855 2472 898 unum
2519 854 2749 897 mascu-

202 940 289 1001 lini
329 941 555 1017 generis
608 940 723 1018 legi
778 942 985 1001 tertiae
1040 940 1445 1002 declinationis
1497 942 1578 1002 ris
1622 940 1842 1001 faciens
1897 940 2200 1017 genetivo⁸
2247 939 2344 1000 hic
2391 956 2521 1000 mus
2575 937 2750 1000 huius
2801 965 2826 1003 5

202 1043 379 1112 muriS,
424 1049 487 1103 ut
527 1042 801 1105 Horatius

477 1146 909 1223 parturient
946 1150 1270 1214 montes,
1317 1151 1675 1205 nascetur
1718 1142 2096 1205 ridiculus
2135 1162 2320 1215 muS,

200 1255 263 1335 et·
288 1264 459 1308 unum
506 1246 801 1308 secundae
848 1245 1250 1307 declinationis
1292 1252 1352 1308 et
1396 1254 1639 1325 quartae
1678 1264 1748 1307 us
1781 1244 1990 1307 finiens
2034 1248 2320 1323 genetivo,
2364 1244 2511 1307 haec
2541 1247 2748 1309 domus

198 1350 349 1411 huius
385 1352 591 1411 domus
633 1356 692 1409 et
730 1348 901 1410 huius
940 1348 1125 1409 domi:
1171 1348 1485 1409 Terentius

474 1451 669 1511 domi
714 1451 1015 1529 focique
1062 1451 1177 1511 fac
1220 1450 1552 1512 vicissim
1598 1452 2061 1512 memineris
2775 1474 2824 1515 ιο

200 1555 411 1614 memini
456 1552 612 1614 illius
656 1553 762 1621 rei,
1532 1538 1551 1551 ⁶

472 1674 609 1717 nec
656 1656 1088 1717 meminisse
1126 1656 1287 1716 viae
1333 1654 1571 1716 media
1616 1654 2020 1716 Palinurus
2064 1656 2134 1716 in
2191 1656 2400 1717 unda.

344 1757 455 1819 Nas
510 1758 717 1819 Latina
784 1758 1185 1820 indifferenter
1222 1756 1718 1827 'declinabuntur,
1780 1766 1880 1819 aut
1941 1758 2166 1837 primae
2233 1758 2638 1819 declinationis
2680 1776 2749 1819 ae

198 1858 437 1920 facientia
484 1861 775 1937 genetivo,
820 1866 885 1920 ut
928 1860 1234 1921 Maecenas
1278 1860 1608 1929 Maecenae,
1653 1866 1754 1921 aut
1797 1862 2002 1921 tertiae
2045 1862 2119 1921 tis
2153 1861 2438 1930 facientia,
2486 1867 2552 1921 ut
2591 1860 2750 1921 Mae·

198 1964 407 2021 renatis.
498 1964 725 2025 Graeca
780 1963 983 2024 tertiae
1039 1969 1176 2023 sunt
1226 1952 1420 2023 acuto‘
1450 1964 1509 2023 in
1556 1963 1869 2023 novissima
1929 1961 2146 2042 syllaba
2199 1970 2403 2024 contra
2461 1948 2747 2023 rationem
2779 1985 2826 2026 ιε»

196 2062 409 2124 Latinae
470 2062 739 2143 linguae,
774 2066 907 2125 *sed
954 2066 1043 2125 dis
1110 2065 1377 2126 facientia
1446 2066 1750 2141 genetivo,
1821 2066 2055 2126 Maenas
2081 2060 2110 2145 Η
2141 2062 2470 2135 MaenadiS,
2534 2080 2748 2124 nomen

196 2162 462 2226 Bacchae:
529 2168 619 2227 sic
664 2166 899 2228 Persius
942 2174 999 2229 et
1036 2167 1328 2228 Horatius.
1400 2186 1506 2228 nes
1549 2174 1822 2245 correpta
1867 2184 1985 2227 non
2031 2166 2174 2247 legi;
2259 2166 2544 2246 producta
2587 2186 2745 2234 vero,

197 2266 235 2325 si
292 2266 481 2329 Latina
556 2268 804 2339 fuerint,
870 2270 1272 2332 indifferenter
1334 2270 1557 2348 primae
1630 2268 1717 2330 vel
1781 2271 1989 2330 tertiae
2057 2268 2456 2329 declinationis
2521 2272 2748 2330 ratione

195 2368 500 2439 fleetuntur,
543 2379 612 2431 ut
654 2370 919 2433 Noranes
964 2370 1233 2439 Nolanes,
1282 2371 1551 2432 Noranae
1588 2370 1676 2433 vel
1721 2370 2016 2442 Nolanae,
2063 2370 2310 2433 Noranis
2357 2371 2444 2433 vel
2490 2369 2744 2433 Nolanis

196 2470 395 2532 Graeca
430 2490 571 2533 vero
614 2479 757 2534 tunc
792 2474 1018 2551 primae
1048 2479 1221 2535 erunt
1266 2472 1669 2535 declinationis
1712 2474 1865 2553 apud
1907 2472 2161 2543 Latinos,
2209 2476 2261 2534 si
2304 2472 2456 2555 apud
2491 2472 2748 2537 Graecos
2773 2494 2826 2536 πο

194 2590 255 2628 ου
300 2574 540 2635 fecerint
602 2577 899 2653 genetivo,
972 2582 1037 2635 ut
1093 2576 1382 2636 Hostanes
1418 2564 1703 2635 Ὁστᾰνου
1758 2575 1933 2636 huius
1976 2560 2295 2646 Hostanae‚
2355 2572 2748 2654 Δημοσθένης

199 2672 597 2751 Δημοσθένους
673 2676 848 2737 huius
916 2676 1341 2741 Demosthenis,
1444 2678 1535 2739 nis
1606 2680 1812 2740 tertiae
1877 2684 2013 2738 sunt
2075 2678 2328 2753 similem
2414 2680 2746 2755 genetivum

196 2778 519 2839 nominativo
564 2779 864 2849 facientia,
934 2786 999 2840 ut
1039 2782 1221 2855 canis⁸
1253 2781 1469 2850 inaniS,
1540 2787 1786 2859 excepto
1828 2800 1975 2851 uno,
2037 2782 2192 2860 quod
2250 2782 2334 2841 ris
2377 2781 2516 2843 facit
2569 2799 2746 2859 gene-

196 2880 289 2938 tivo
334 2881 471 2941 cinis
526 2882 764 2943 cineris.
840 2889 897 2942 et
960 2882 1105 2943 baec
1162 2883 1383 2944 Latina.
1473 2883 1695 2944 Graeca
1755 2882 1846 2944 nis
1903 2883 2207 2943 terminata
2256 2890 2357 2944 aut
2393 2884 2483 2943 nis
2529 2882 2746 2944 faciunt

194 2984 431 3056 genetivo
474 2991 577 3044 aut
628 2982 736 3053 dist,
778 2982 923 3045 haec
954 2984 1209 3045 Philenis
1238 2984 1555 3046 Philenidis
1592 2988 1601 3063 1
1642 2989 1732 3046 vel
1765 2986 2038 3055 maenis,
2085 2984 2370 3047 Dardanis
2399 2986 2744 3067 Dardanidis
2769 3004 2820 3046 25

196 3082 265 3142 rel
304 3082 601 3146 Dardanis,
693 3103 803 3145 nos
849 3088 1055 3148 tertiae
1099 3097 1237 3148 sunt
1276 3088 1325 3149 is
1369 3105 1517 3167 pura
1562 3088 1828 3148 facientia
1873 3088 2158 3165 genetivo,
2205 3106 2241 3147 o
2287 3090 2346 3148 in
2390 3090 2745 3149 nominativo

195 3186 468 3261 producta,
510 3188 567 3248 in
619 3190 887 3266 genetivo
932 3196 1222 3268 correpta,
1266 3198 1328 3251 ut
1370 3190 1557 3251 Minos
1602 3190 1826 3251 Minois
1889 3206 1999 3249 nus
2038 3192 2234 3251 omnia
2277 3190 2570 3251 secundae
2611 3197 2749 3251 sunt

194 3286 604 3350 declinationis:
666 3308 799 3351 nam
846 3293 903 3351 ni
950 3291 1170 3352 faciunt
1228 3294 1284 3353 in
1330 3292 1631 3369 genetivo,
1688 3292 1870 3351 Linus
1913 3291 2075 3363 Lini,
2137 3308 2316 3353 canus
2355 3293 2513 3362 cani,
2571 3310 2748 3352 sanus

194 3390 331 3459 sani,
373 3390 546 3454 Ianus
590 3392 746 3461 Iani,
802 3410 991 3453 annus
1035 3396 1204 3464 anni,
1266 3395 1615 3456 Severianus
1658 3394 1986 3463 Severiani,
2045 3396 2243 3455 asinus
2289 3395 2465 3465 asini,
2523 3412 2747 3455 vannus

197 3494 359 3559 vanni,
405 3492 575 3556 alnus
620 3492 753 3565 alni,
795 3496 968 3577 pinus
1013 3496 1153 3575 pini,
1204 3497 1463 3577 exceptis
1504 3494 1738 3558 duobus
1780 3498 1984 3558 tertiae
2025 3496 2457 3566 declinationis,
2506 3514 2624 3557 uno
2663 3498 2744 3557 ris
2769 3512 2824 3555 ao

196 3590 412 3659 faciente
454 3596 761 3674 genetivo,
808 3596 1005 3661 Venus
1050 3598 1320 3669 Veneris,
1373 3597 1555 3659 altero
1602 3601 1650 3659 is
1690 3618 1838 3660 nova
1881 3599 2134 3670 ratione,
2187 3599 2334 3663 haec
2382 3618 2528 3661 anus
2571 3598 2746 3661 huius

194 3698 363 3758 anuis:
406 3696 721 3761 Terentius

464 3802 690 3864 huius
732 3804 947 3865 anuis
990 3820 1248 3872 causa,
1293 3804 1591 3883 opinor,
1642 3824 1830 3885 quae
1875 3812 2032 3867 erat
2075 3812 2396 3875 mortua;

197 3906 243 3985 et
281 3900 497 3965 duobus
536 3912 781 3985 quartae
821 3904 1231 3966 declinationis
1288 3924 1401 3967 nus
1446 3907 1794 3969 facientibus
1852 3910 2150 3986 genetivo,
2207 3907 2355 3967 haec
2398 3924 2606 3969 manus
2633 3906 2745 3969 'hic

198 4000 359 4073 sinus,
402 4004 577 4067 huius
628 4025 837 4068 manus
880 4008 1061 4069 sinus.
1148 4026 1283 4069 nam
1332 4016 1539 4070 neutra
1590 4012 1828 4070 nomina
1883 4026 1994 4070 nus
2046 4012 2354 4071 terminata
2411 4011 2608 4070 omnia
2663 4009 2822 4070 risas

200 4098 389 4167 faciunt
428 4110 697 4185 genetivo
738 4112 1061 4173 secundum
1108 4112 1425 4181 rationem,
1472 4130 1646 4190 quam
1691 4110 2164 4191 frequentissime
2210 4120 2343 4173 ante
2400 4112 2742 4173 monstravi.

200 4200 289 4265 hoc
322 4217 507 4271 tamen
545 4214 699 4275 scire
744 4213 1059 4284 dehemus,
1122 4215 1279 4293 quod
1323 4214 1513 4274 omnis
1556 4215 1949 4276 nominativus
1989 4233 2100 4275 nus
2155 4214 2502 4275 terminatus
2557 4216 2742 4275 corri-

308 4342 339 4395 6
374 4344 631 4416 Horatius]
668 4351 733 4399 de
766 4367 816 4401 a.
850 4366 905 4417 p.
950 4350 1050 4403 139
1188 4352 1219 4401 7
1254 4338 1539 4418 parturiens
1573 4350 1624 4401 B
1765 4349 1796 4399 9
1833 4348 1985 4403 huius
2020 4350 2203 4403 domus
2241 4358 2290 4399 et
2321 4365 2411 4401 om.
2448 4351 2515 4411 B,
2551 4352 2674 4401 add.
2709 4365 2745 4409 ς

308 4414 586 4485 Terentius]
624 4420 851 4473 Eunueh.
890 4422 983 4471 1111
1024 4424 1073 4482 7,
1109 4422 1177 4473 45
1356 4420 1421 4472 10
1458 4418 1537 4471 fac
1572 4428 1626 4469 ut
1661 4421 1893 4471 uicissim
1931 4434 1966 4477 ς
2144 4421 2208 4473 12
2253 4418 2368 4487 nec]
2415 4420 2571 4487 Ver-9.
2613 4420 2740 4471 Aen.

202 4478 369 4536 111202
580 4489 639 4543 13
678 4490 779 4539 Nas
810 4492 981 4558 *343
1020 4506 1293 4557 possumus
1331 4490 1579 4540 delectare
1614 4490 1872 4541 Sacerdos
1903 4506 1956 4555 p.
1991 4492 2057 4542 52
2091 4508 2200 4557 sqq.
2412 4490 2475 4541 17
2513 4490 2740 4558 Persius]

199 4560 277 4601 Μ·
316 4555 358 4613 l,
398 4555 509 4611 101.
552 4560 665 4611 105.
701 4561 911 4611 Horatii
942 4565 1177 4613 memoria
1211 4562 1283 4611 ad
1314 4576 1482 4611 nomen
1519 4560 1722 4626 Thyes,
1766 4562 1898 4627 quod
1937 4564 1988 4613 in
2021 4562 2196 4612 eadem
2228 4578 2284 4613 re
2320 4562 2628 4626 adscriptum
2667 4571 2747 4613 est

198 4634 329 4683 supra
360 4640 413 4688 p.
455 4628 603 4693 1459,
648 4635 908 4695 pertinere
948 4634 1146 4684 videtur
1305 4630 1371 4682 19
1414 4646 1619 4680 roranes
1662 4631 1822 4695 (corr.
1871 4631 2110 4693 noi-anes)
2161 4634 2368 4683 nolnnes
2405 4631 2621 4683 nolanae
2659 4632 2742 4683 uel

200 4702 377 4744 notatae
408 4700 606 4749 not-anis
644 4700 725 4749 uel
768 4702 957 4752 notaris
993 4702 1043 4753 B
1180 4704 1261 4755 25·
1284 4702 1411 4751 haec
1447 4700 1673 4751 Pliilenis
1710 4700 1934 4767 philenis
1966 4702 2050 4751 uel
2085 4702 2384 4768 philenidiS.
2425 4702 2674 4753 Dardanis
2707 4717 2744 4761 ς

200 4754 305 4877 Ῑὲἱεο
336 4764 488 4817 fllenis
524 4768 743 4820 illenidis
778 4772 1019 4823 dardanis
1057 4773 1107 4824 B
1282 4770 1343 4823 31
1397 4770 1525 4821 haec
1561 4772 1709 4823 anuis
1746 4771 1898 4822 huius
1935 4774 2082 4822 anuis
2112 4773 2164 4823 B
2341 4774 2408 4825 32
2451 4770 2738 4838 Terentius]

247 4842 405 4885 eanum
439 4840 536 4888 tim.
570 4842 611 4890 ll
650 4840 699 4899 3,
732 4844 802 4893 46
