3434 5442
897 381 1310 445 EXPLANAT.
1355 381 1434 443 ΙΝ
1477 381 1835 443 DONATVM
1879 379 2019 440 ΜΒ.
2067 379 2092 440 l
2662 381 2787 446 489

2372 497 2415 538 p.
2442 486 2533 528 485.
2560 486 2611 527 so
2635 485 2683 528 L.

217 575 457 646 haeret,
501 577 580 634 ita
625 580 689 634 ut
731 573 991 652 separari
1035 589 1156 632 non
1198 571 1402 650 possit.
1491 571 1541 632 si
1585 570 1745 630 dicas
1790 587 1951 638 craS,
2012 585 2129 627 non
2175 573 2267 627 est
2308 582 2543 628 sensus:
2620 565 2785 626 addis

219 676 496 747 verbum,
543 681 711 736 ‘cras
755 675 964 735 faciam
982 680 1020 746 ',
1066 680 1232 734 ‘cras
1276 673 1536 746 dicam',
1581 671 1777 734 addita
1817 669 1991 732 verba
2035 666 2264 746 inplent
2305 685 2561 730 sensum.
2648 685 2785 748 par-

215 780 412 858 ticipia
480 777 632 839 dicta
696 785 858 848 sunt,
925 776 1078 856 quod
1144 784 1373 856 partem
1446 777 1684 853 capiunt
1740 772 2021 841 nominiS,
2077 777 2307 849 partem
2351 769 2539 831 verbi:
2600 790 2632 831 a
2677 788 2782 832 no-

215 881 376 942 mine
421 879 640 942 habent
683 897 898 958 genera
944 886 1003 939 et
1045 896 1242 948 casuS,
1289 895 1321 937 a
1367 875 1547 937 verbo
1592 883 1857 955 tempora
1890 881 1948 934 et
1991 872 2473 951 significationes,
2520 872 2591 934 ab
2623 879 2783 934 utro-

214 983 359 1062 que'
387 999 697 1042 numerum
756 989 814 1040 et
867 981 1131 1058 figuram.
1223 979 1557 1040 coniunctio
1613 978 1767 1039 dicta
1825 985 1914 1038 est
1972 973 2045 1036 ab
2102 993 2203 1048 eo,
2260 974 2417 1056 quod
2472 976 2835 1053 coniungam>

217 1083 637 1144 elocutionem:
687 1087 834 1161 ‘ego
878 1090 942 1142 tu
989 1082 1250 1142 venimus
1293 1080 1365 1142 ad
1413 1081 1664 1151 lorum',
1711 1097 1923 1141 sensus
1966 1084 2193 1149 manet,
2238 1077 2341 1139 sed
2382 1078 2667 1138 inconexa
2699 1084 2788 1138 est

214 1185 436 1252 oratio;
497 1187 892 1265 interponitur
949 1190 1008 1243 et
1063 1189 1124 1243 et
1176 1183 1480 1262 coniungit
1536 1181 1961 1252 elocutionem,
2008 1185 2153 1258 ‘ego
2196 1187 2257 1240 et
2299 1190 2361 1240 tu
2405 1182 2669 1240 venimus
2712 1177 2785 1239 ad

213 1287 464 1348 l'orum'.
554 1288 913 1366 praepositio
968 1284 1122 1346 dicta
1182 1291 1298 1355 est,
1356 1287 1490 1366 quia
1546 1288 1608 1346 in
1672 1283 1969 1364 loquendo
2028 1283 2437 1362 praeponitur,
2496 1289 2560 1343 ut
2614 1285 2785 1343 ‘ante

218 1387 503 1468 templum
525 1393 566 1458 ⁹,
611 1387 802 1468 ‘apud
846 1388 1118 1448 amicos'.
1175 1387 1458 1467 numquid
1505 1387 1638 1448 dico
1684 1385 1999 1468 ‘templum
2032 1390 2221 1456 ante',
2268 1385 2523 1446 ‘amicos
2553 1383 2785 1465 apud'?

215 1490 264 1549 si
309 1490 398 1550 sic
443 1489 661 1561 dicam,
706 1491 822 1552 erit
861 1489 1006 1551 ordo
1051 1497 1488 1569 praeposterus
1577 1498 1666 1551 est
1709 1489 1884 1550 etiam
1930 1489 2279 1559 interiectio,
2326 1505 2477 1568 quae
2520 1489 2782 1568 interpo-
2813 1500 2862 1541 ιο

215 1594 382 1652 nitur
423 1591 494 1652 ad
541 1592 988 1672 exprimendum
1031 1594 1213 1653 animi
1255 1600 1508 1662 motum,
1557 1600 1615 1651 et
1657 1590 2007 1670 plerumque
2037 1590 2190 1671 quod
2222 1593 2555 1669 exprimere
2586 1608 2785 1653 sermo

213 1709 337 1753 non
393 1701 620 1772 potest,
685 1694 800 1756 hoc
855 1697 1189 1756 interiectio
1258 1692 1527 1774 explicat.
1615 1701 1681 1754 ut
1734 1701 1879 1772 puta
1933 1696 1983 1754 si
2040 1692 2303 1754 dicamus
2347 1698 2650 1756 ‘mortuus
2694 1703 2786 1756 est

211 1791 527 1867 Achilles’‚
575 1803 773 1858 utrum
816 1796 966 1859 laete
1010 1797 1124 1858 hoc
1167 1797 1324 1858 feras
1368 1813 1442 1856 an
1486 1804 1741 1865 maeste,
1787 1794 1979 1857 adhuc
2022 1814 2143 1856 non
2186 1799 2547 1876 expressisti.
2637 1796 2785 1858 dicis

210 1896 360 1956 ‘vah
405 1906 676 1959 mortuus
719 1907 811 1960 est
851 1898 1108 1961 Achilles
1123 1905 1192 1971 ’,··
1224 1897 1534 1961 ostendisti
1578 1897 1734 1979 quod
1779 1896 1893 1958 hoc
1939 1897 2093 1959 laete
2143 1897 2315 1959 feras.
2393 1901 2535 1960 item
2582 1898 2781 1960 dixisti

211 2003 356 2059 ‘vae
401 2007 672 2062 mortuus
716 2010 808 2063 est
848 1999 1102 2062 Achilles
1121 2006 1158 2072 ';
1205 1998 1514 2062 ostendisti
1557 1999 1714 2082 quod
1761 2008 1984 2062 maeste
2027 1999 2202 2061 feras.
2275 2003 2359 2062 ita
2399 1997 2577 2070 illud,
2624 2000 2782 2080 quod
2811 2012 2859 2053 1⁵

207 2119 332 2160 non
375 2104 678 2180 potuimus
734 2102 1031 2183 explicare
1087 2099 1317 2180 integro
1363 2111 1422 2165 et
1465 2101 1608 2164 alias
1651 2101 1828 2183 pleno
1872 2119 2174 2174 sermone,
2221 2101 2447 2164 adiecta
2492 2103 2604 2164 hac
2645 2121 2783 2184 par-

207 2202 388 2264 ticula
435 2207 839 2284 exprimimus.
899 2204 1166 2266 decursis
1207 2208 1390 2282 igitur
1417 2213 1551 2267 octo
1596 2204 1929 2284 particulis,
1976 2202 2186 2284 quibus
2232 2203 2485 2294 efficitur
2526 2205 2784 2268 humana

202 2303 462 2376 locutio,
507 2316 778 2388 superest
825 2306 1220 2369 accidentium
1263 2310 1493 2388 species
1538 2324 1907 2385 expromere.
1984 2323 2119 2367 nam
2164 2325 2322 2369 nunc
2365 2307 2781 2370 vocabulorum

203 2415 442 2470 tantum
489 2408 664 2471 modo
707 2412 1000 2471 rationem
1045 2411 1459 2491 expressimus.

1181 2501 1196 2546 ι

1173 2617 1184 2635 ·
1278 2596 1375 2658 DE
1419 2595 1727 2658 NOMINE.
2809 2612 2860 2652 πο

377 2733 644 2794 ‘Nomen
703 2742 792 2796 est
848 2753 985 2816 pars
1040 2735 1325 2794 orationis
1381 2751 1514 2794 cum
1571 2751 1711 2793 casu
1756 2751 1974 2813 corpus
2017 2742 2115 2795 aut
2162 2751 2287 2794 rem
2334 2737 2575 2814 proprie
2621 2754 2783 2796 com-

199 2837 540 2897 muniterve
597 2837 933 2915 significans
949 2843 987 2897 ’2
1031 2837 1040 2916 Ι
1078 2833 1364 2898 habemus
1416 2837 1480 2896 in
1532 2835 1919 2897 Aristotelicis
1975 2843 2033 2898 et
2074 2837 2137 2896 in
2182 2837 2397 2898 Stoicis
2450 2841 2785 2917 praeceptis

201 2944 260 2997 et
310 2935 440 2998 lere
485 2941 750 2998 omnium
797 2938 947 2999 hanc
993 2956 1120 3000 esse
1163 2937 1486 3017 perfectam
1533 2936 1966 3007 definitionem,
2015 2957 2166 3017 quae
2210 2948 2444 3020 separat
2488 2958 2522 3000 a
2566 2941 2786 3002 ceteris

200 3039 622 3101 communibus
679 3059 803 3101 rem
851 3049 910 3101 et
953 3033 1116 3102 suam
1151 3043 1587 3122 ‘proprietatem
1633 3039 1920 3110 ostendit,
1976 3048 2040 3101 ut
2082 3049 2224 3120 puta
2269 3042 2481 3103 ‘homo
2526 3049 2615 3102 est
2658 3044 2783 3103 ani-

201 3138 323 3202 mal
369 3139 659 3203 rationale
703 3141 952 3204 mortale
999 3137 1150 3205 risus
1195 3148 1434 3223 capax'.
1523 3142 1684 3212 vide,
1742 3159 1918 3221 quem
1965 3142 2038 3204 ad
2081 3143 2322 3204 modum
2372 3151 2430 3204 et
2472 3151 2708 3224 separat
2751 3163 2859 3207 a25

201 3243 622 3305 communibus
665 3252 724 3306 et
768 3244 912 3305 dicit
971 3223 1280 3327 ‘'roprium.
1371 3261 1508 3305 nam
1553 3243 1807 3305 dicendo
1852 3243 2068 3306 ‘homo
2114 3254 2203 3307 est
2246 3245 2498 3307 animal’
2544 3264 2783 3326 separa-

202 3347 284 3406 vit
341 3363 374 3406 a
431 3343 656 3425 lapide,
715 3327 994 3424 dicendosI
1026 3345 1380 3409 ‘rationale'
1436 3348 1727 3424 separavit
1781 3363 1815 3406 a
1870 3345 2086 3418 beluis,
2146 3347 2397 3410 dicendo
2464 3347 2783 3410 ‘mortale’

202 3450 498 3526 separavit
543 3467 576 3509 a
621 3445 990 3510 numinibus':
1049 3451 1237 3512 ‘risus
1283 3467 1464 3530 capax
1482 3454 1519 3521 ’,
1577 3451 1693 3510 iam
1740 3449 1854 3509 hoc
1897 3451 2205 3529 proprium
2250 3457 2343 3510 est
2382 3451 2583 3530 ipsius,
2670 3453 2783 3512 ista

203 3557 291 3610 est
337 3566 486 3627 ergo
544 3547 719 3629 plena
773 3551 1056 3614 delinitio.
1129 3551 1242 3612 hoc
1286 3554 1473 3614 secuti
1515 3559 1653 3612 sunt
1697 3555 1873 3613 etiam
1919 3554 2285 3630 grammatici
2329 3555 2391 3612 in
2438 3552 2785 3614 deliniendis

200 3650 385 3712 rebus
443 3657 502 3712 et
555 3651 636 3713 ita
692 3651 997 3724 dixerunt,
1056 3654 1228 3734 ‘quid
1271 3662 1377 3715 -est
1429 3655 1687 3715 nomen?
1742 3672 1962 3716 nomen
2008 3659 2096 3714 est
2137 3672 2277 3734 pars
2321 3656 2605 3716 orationis
2649 3674 2783 3716 cum
2809 3675 2859 3716 so

203 3770 344 3814 casu
402 3771 620 3834 corpus
675 3763 774 3815 aut
830 3772 957 3815 rem
1013 3759 1255 3836 proprie
1313 3758 1774 3816 communiterve
1832 3757 2226 3835 significans'.
2317 3757 2568 3818 dicendo
2614 3763 2782 3819 ‘cum

203 3859 380 3916 casu’
431 3858 725 3936 separavit
767 3874 800 3916 3
847 3856 1056 3929 verbo,
1116 3859 1404 3938 separavit
1448 3856 1520 3918 ab
1575 3856 1883 3930 adverbio,
1930 3860 2222 3939 separavit
2269 3877 2301 3920 3
2348 3861 2782 3932 coniunctione,

201 3959 502 4037 separavit
546 3975 577 4018 3
622 3961 1093 4038 praepositione,
1140 3962 1429 4038 separavit
1471 3957 1544 4018 ab
1588 3959 2028 4030 interiectione;
2078 3961 2269 4022 adhuc
2316 3981 2347 4022 a
2394 3959 2619 4023 duabus
2646 3978 2782 4042 par-

203 4057 358 4121 tibus
403 4075 528 4119 non
571 4063 892 4140 separavit,
940 4080 969 4123 a
1017 4062 1368 4141 pronomine
1414 4070 1472 4123 et
1513 4062 1847 4140 participio.
1936 4081 2072 4124 nam
2118 4063 2391 4125 accidunt
2435 4081 2602 4125 casus
2646 4079 2784 4142 pro-

201 4161 431 4224 nomini
475 4169 535 4222 et
577 4166 906 4245 participio.
970 4164 1106 4244 quid
1155 4181 1297 4242 ergo
1341 4171 1574 4243 separat
1619 4181 1836 4225 nomen
1882 4163 1954 4226 ab
1999 4163 2151 4225 illis?
2202 4182 2457 4244 persona
2500 4163 2590 4226 vel
2635 4173 2782 4225 tem·
2810 4185 2861 4227 35

199 4283 337 4342 pus:
397 4281 536 4324 nam
592 4282 848 4345 persona
900 4269 1318 4347 pronominum
1377 4274 1492 4337 est,
1553 4274 1790 4345 tempus
1847 4267 2308 4348 participiorum.
2397 4274 2669 4347 superest
2720 4274 2787 4328 ut

202 4363 500 4437 dicamuS,
547 4367 687 4447 quid
732 4369 809 4430 sit
849 4371 1158 4449 proprium
1202 4371 1385 4448 ipsius
1429 4369 1702 4430 nominis.
1764 4375 1830 4430 ut
1872 4371 1950 4429 sit
1990 4367 2081 4430 vel
2126 4370 2432 4449 proprium
2464 4368 2553 4431 vel
2582 4366 2783 4449 appel-

371 4606 408 4656 2
445 4605 620 4656 addita
653 4606 808 4656 uerba
843 4607 896 4657 F
928 4605 1096 4657 addita
1137 4608 1288 4657 uerbo
1329 4610 1410 4674 Lp
1569 4610 1600 4661 5
1633 4609 1961 4672 definitionem
1991 4607 2364 4668 σοπίιοωίίσηίε,
2396 4607 2679 4658 coniunctio
2716 4635 2783 4646 —

203 4673 386 4742 forum,
423 4682 544 4740 post
574 4677 902 4740 definitionem
931 4679 1343 4744 praepositionis,
1384 4681 2168 4747 praepositio—praeposterus,
2203 4677 2391 4729 habent
2414 4678 2525 4740 LF,
2548 4694 2645 4730 suo
2676 4683 2783 4730 loco

199 4747 276 4808 pS
415 4746 552 4810 qnod
584 4747 858 4813 coniungat
894 4745 1228 4797 elocutionem
1265 4748 1355 4798 F'S
1384 4751 1562 4816 iungat
1600 4750 1905 4800 locutionem
1939 4747 2020 4812 Lp
2126 4748 2191 4799 12
2226 4746 2347 4814 hoc]
2379 4747 2506 4798 haee
2544 4747 2686 4799 LFS

209 4815 262 4864 Π
302 4816 658 4883 exprimimus.
719 4831 808 4868 mn
841 4831 1030 4868 memn-
1067 4833 1330 4869 rme-rme
1369 4835 1432 4870 os
1459 4835 1686 4873 sinconis
1720 4833 1965 4871 marmus
1994 4833 2055 4869 ET
2092 4833 2329 4870 neruum·
2354 4820 2623 4882 (manuve
2660 4833 2783 4870 omi-

205 4899 360 4938 ·rtouis
407 4885 477 4950 S)
513 4885 702 4936 Nomen
739 4896 817 4938 est
851 4887 938 4938 FS
1057 4889 1126 4940 20
1161 4903 1223 4937 ne
1262 4905 1458 4942 nonnius
1493 4907 1586 4947 om.
1615 4891 1696 4954 Lp
1838 4891 1907 4940 24
1932 4889 2293 4957 proprietatem
2318 4890 2369 4940 F
2398 4891 2657 4956 propriam
2695 4889 2787 4941 LS
