3434 5442
952 328 1343 390 INSTITVTA
1383 329 1669 391 ARTIVM
1712 331 2046 413 437—468
2673 332 2790 393 ¹19
2847 357 2859 367 ·

331 459 367 497 ρ.
394 444 473 485 aas.
494 446 545 485 aa
574 444 625 487 ιι.
2353 460 2394 499 p.
2423 448 2602 489 ειη-ιο
2632 446 2684 488 v.

242 518 374 579 talia.
456 518 591 577 item
654 528 795 579 sunt
856 519 1123 585 nomina,
1191 534 1341 596 quae
1386 536 1459 577 au
1508 514 1730 577 litteras
1785 524 1844 577 et
1899 520 1956 577 in
2002 540 2036 579 o
2091 528 2460 587 convertant,
2529 526 2590 579 ιιι
2649 526 2784 597 puta

240 620 401 681 cauda
442 627 495 679 et
536 620 687 680 coda
724 629 785 681 et
830 627 1021 679 cetera
1068 618 1219 681 talia.
1308 620 1451 681 item
1496 628 1633 679 sunt
1678 622 1944 689 nomina,
2003 640 2150 699 qnae
2201 622 2214 679 i
2261 621 2514 681 litteram
2557 630 2614 681 et
2653 623 2710 679 in
2753 640 2786 681 e
2895 652 2900 663 ·

234 722 459 783 litteram
501 730 875 789 convertant,
938 730 999 781 ut
1044 730 1181 799 puta
1222 719 1527 781 malivolus
1574 729 1631 783 et
1681 720 2118 783 malevolus-et
2161 730 2354 783 cetera
2403 722 2554 782 talia.
2647 723 2784 781 item

237 832 353 885 sunt
384 824 637 893 nomina,
682 842 833 902 quae
872 843 909 885 u
958 823 1146 885 littera
1191 822 1326 903 plus
1369 822 1722 893 scribantur,
1771 832 1836 884 ιιι
1880 832 2017 901 puta
2063 842 2208 904 equs
2255 832 2312 885 et
2357 842 2544 903 equus
2587 832 2644 884 et
2687 843 2788 885 ce-

234 936 339 987 tera
380 924 525 987 talia.
616 927 755 987 item
800 932 938 986 sunt
978 926 1231 993 nomina,
1279 944 1431 1004 quae
1474 944 1509 985 o
1550 925 1744 985 littera
1789 924 1919 1003 plus
1959 926 2313 995 scribantur,
2365 934 2426 985 ιιι
2467 932 2608 1005 puta
2639 940 2778 1004 qum
2834 953 2859 991 5

234 1036 279 1087 et
314 1046 483 1105 quom
526 1034 585 1087 et
617 1035 811 1089 cetera
844 1027 997 1089 talia.
1059 1028 1197 1087 item
1242 1036 1381 1087 sunt
1422 1027 1677 1095 nomina,
1727 1046 1877 1105 quae
1918 1030 1937 1087 i
1977 1027 2226 1088 litteram
2275 1034 2331 1087 et
2369 1030 2426 1089 in
2463 1046 2504 1089 u
2533 1027 2784 1089 litteram

232 1136 579 1199 convertant,
642 1135 707 1189 ut
748 1136 889 1208 puta
936 1129 1293 1208 mancipium
1340 1137 1399 1189 et
1444 1130 1822 1207 mancupium
1869 1136 1928 1189 et
1969 1140 2161 1189 cetera
2207 1130 2358 1191 talia.
2449 1132 2592 1191 item
2651 1136 2790 1190 sunt

232 1230 512 1300 vocabula,
574 1250 727 1310 quae
771 1250 803 1293 e
848 1229 1101 1292 litteram
1152 1239 1209 1291 et
1250 1233 1311 1291 in
1354 1250 1390 1291 u
1434 1230 1689 1292 litteram
1743 1238 2113 1300 convertant,
2173 1238 2238 1291 ut
2281 1239 2418 1309 puta
2466 1233 2788 1318 capiendus

230 1344 277 1393 et
308 1332 627 1409 capiundus
673 1341 731 1395 et
774 1340 967 1394 cetera
1020 1332 1175 1393 talia.
1266 1334 1403 1395 item
1460 1341 1599 1394 sunt
1642 1333 1911 1402 nomina,
1969 1350 2120 1412 quae
2165 1353 2196 1393 e
2241 1332 2492 1395 litteram
2551 1340 2608 1393 et
2649 1336 2708 1393 in
2751 1352 2786 1391 o

230 1433 453 1495 litteram
509 1443 884 1504 convertant,
948 1443 1009 1495 ιιι
1068 1443 1205 1513 puta
1258 1434 1538 1497 adversus
1588 1443 1645 1495 et
1698 1434 1983 1496 advorsus
2038 1442 2096 1495 et
2149 1442 2345 1495 cetera
2404 1435 2554 1496 talia.
2647 1435 2784 1495 item
2817 1461 2864 1501 io

229 1543 343 1595 sunt
380 1536 639 1605 nomina,
682 1556 833 1615 quae
864 1556 901 1595 u
944 1536 1193 1598 litteram
1236 1537 1521 1605 omittant,
1566 1544 1629 1598 ιιι
1666 1544 1806 1617 puta
1853 1538 2116 1599 seculum
2153 1543 2211 1597 et
2241 1537 2464 1599 seclum
2499 1544 2558 1598 et
2589 1546 2788 1597 cetera
2895 1598 2902 1605 ,

230 1641 367 1699 talia.
397 1634 423 1721 ΙΙ
454 1638 595 1697 item
638 1648 779 1699 sunt
824 1640 1085 1707 nomina,
1134 1656 1287 1719 quae
1328 1658 1365 1699 ιι
1410 1638 1663 1701 litteram
1708 1647 1766 1701 et
1809 1639 1870 1699 in
1915 1658 1988 1701 oe
2035 1638 2262 1701 litteras
2308 1647 2678 1707 convertant,
2723 1646 2789 1699 ιιι

230 1748 341 1819 puta
382 1736 695 1803 murorum
736 1749 793 1801 et
836 1758 1177 1801 moerorum
1229 1751 1287 1802 et
1332 1748 1527 1802 cetera
1568 1741 1725 1803 talia.
1815 1761 1975 1803 nunc
2009 1742 2318 1821 quoniam,
2367 1760 2518 1821 quae
2557 1740 2787 1803 litterae

230 1842 609 1905 subducantur
642 1836 740 1903 ⁴vel
784 1862 937 1923 quae
982 1842 1324 1916 adiciantur,
1366 1862 1479 1904 nec
1522 1862 1639 1903 non
1686 1850 1746 1905 et
1787 1846 1846 1904 in
1891 1828 2036 1921 quas
2078 1843 2300 1905 litteras
2353 1849 2786 1909 convertantur,

227 1946 757 2013 demonstravimuS,
826 1950 884 2004 et
936 1943 1069 2004 ideo
1122 1944 1235 2005 hoc
1280 1963 1614 2013 monemus,
1682 1954 1746 2006 ut
1797 1934 1954 2023 quae
2007 1945 2093 2006 vel
2137 1954 2279 2025 quot
2343 1948 2461 2007 sint
2525 1947 2784 2015 nomina,
2818 1968 2862 2009 ιε,

226 2066 351 2129 quae
390 2046 541 2109 haec
598 2048 799 2109 facere
856 2048 1111 2124 possint,
1167 2046 1283 2107 boc
1344 2048 1403 2108 in
1460 2047 1883 2126 orthographia
1942 2054 2324 2126 conpetenter
2381 2056 2634 2109 tractare
2685 2048 2786 2108 de-

228 2150 459 2211 beamus.

364 2252 509 2313 Sunt
548 2251 823 2319 nomina,
868 2268 1019 2329 quae
1062 2269 1188 2311 rem
1226 2249 1535 2313 animalem
1576 2252 1936 2328 significant,
1996 2260 2062 2312 ut
2104 2258 2244 2329 puta
2287 2250 2466 2311 homo
2511 2250 2604 2311 leo
2641 2270 2788 2330 equs

228 2372 396 2433 passer
451 2362 511 2415 et
556 2360 763 2415 cetera
805 2352 975 2421 talia,
1035 2371 1185 2431 quae
1236 2353 1491 2413 animam
1558 2352 1784 2414 habere
1843 2355 2234 2433 reperiantur.
2323 2362 2461 2415 sunt
2527 2355 2786 2423 nomina,
2835 2346 2839 2355 ’

226 2476 349 2532 quae
390 2474 516 2517 rem
572 2453 955 2517 inanimalem
1012 2456 1367 2531 significant,
1426 2463 1491 2517 ut
1532 2463 1677 2535 puta
1733 2455 1884 2535 lapis
1938 2456 2148 2516 domus
2193 2456 2416 2532 lignum
2473 2464 2532 2517 et
2585 2464 2861 2519 ceteram

227 2556 349 2625 talia,
393 2576 545 2636 quae
590 2559 851 2619 animam
896 2568 1032 2617 non·
1058 2556 1279 2617 habere
1320 2560 1711 2636 reperiantur.
1801 2566 1941 2620 sunt
1981 2560 2239 2626 nomina,
2289 2576 2437 2637 quae
2481 2576 2610 2619 rem
2654 2576 2786 2617 cor-

226 2658 451 2737 poralem
491 2660 849 2739 significant,
890 2668 955 2719 ut
1000 2665 1139 2736 puta
1187 2665 1346 2721 terra
1390 2663 1551 2721 navis
1594 2680 1762 2721 mare
1805 2670 1862 2721 et
1906 2668 2100 2722 cetera
2148 2660 2314 2730 talia,
2364 2678 2518 2741 quae
2564 2678 2786 2739 corpus

224 2762 411 2823 hahere
454 2764 861 2840 reperiantur.
952 2768 1088 2821 sunt
1132 2762 1403 2831 nomina,
1462 2782 1617 2844 quae
1658 2781 1791 2824 rem
1833 2763 2291 2843 incorporalem·
2317 2764 2674 2841 significant,
2725 2769 2788 2822 ut

224 2874 333 2945 puta
376 2868 567 2945 pietas
618 2865 833 2926 iustitia
878 2860 1045 2923 dolor
1090 2871 1149 2923 et
1192 2871 1389 2924 cetera
1432 2868 1599 2933 talia,
1646 2884 1800 2945 quae
1848 2873 1986 2926 sunt
2026 2864 2438 2944 incorporalia,
2483 2871 2548 2924 ut
2588 2881 2783 2941 gram·

222 2970 384 3029 matici
420 2974 661 3047 putant.
750 2970 887 3025 sunt
930 2966 1201 3033 nomina,
1262 2982 1412 3043 quae
1450 2984 1577 3025 rem
1627 2970 1870 3047 proprie
1915 2970 2378 3029 communiterve
2421 2966 2780 3043 significant:
2808 2987 2859 3027 25

222 3073 449 3147 proprie,
494 3078 565 3131 ut
612 3075 755 3147 puta
796 3066 981 3128 Roma
1022 3066 1255 3127 Tiberis
1294 3066 1687 3129 Diocletianae
1725 3077 1785 3131 et
1827 3076 2021 3131 cetera
2059 3070 2224 3139 talia;
2273 3069 2680 3136 communiter,
2721 3077 2786 3129 ut

222 3180 335 3248 puta
374 3171 517 3233 urbs
568 3170 795 3232 ssumen
840 3169 1109 3229 thermae
1152 3175 1213 3229 et
1257 3178 1449 3229 cetera
1497 3169 1651 3231 talia.
1711 3179 1852 3233 sunt
1895 3172 2129 3232 nomina
2175 3169 2492 3249 generalia,
2539 3177 2604 3231 ut
2643 3178 2780 3248 puta

224 3274 369 3333 homo
410 3275 535 3335 avis
573 3272 761 3333 arbor
802 3278 861 3332 et
901 3277 1097 3331 cetera
1134 3270 1287 3331 talia.
1374 3279 1513 3335 sunt
1556 3274 1798 3333 nomina
1838 3271 2160 3354 speciallia,
2209 3280 2273 3333 ut
2318 3280 2458 3352 puta
2501 3272 2642 3334 Cato
2681 3290 2780 3331 co-

223 3374 389 3437 lumba
444 3378 635 3455 pinus
694 3382 753 3435 et
805 3380 999 3435 cetera
1056 3372 1211 3433 talia.
1300 3380 1439 3434 sunt
1490 3376 1730 3435 nomina
1789 3377 2058 3454 propria,
2121 3375 2176 3435 id
2235 3383 2326 3436 est
2383 3374 2628 3435 deorum
2692 3372 2780 3435 vel

224 3477 511 3547 hominum,
566 3476 787 3556 quibus
830 3482 1129 3537 vocantur.
1210 3482 1347 3535 sunt
1390 3478 1623 3537 nomina
1670 3476 2037 3556 appellativa,
2077 3477 2134 3539 id
2182 3484 2270 3537 est
2310 3476 2660 3539 animalium·
2689 3476 2778 3538 vel
2805 3458 2878 3537 ao⁸

222 3598 342 3661 quae
380 3600 447 3641 ex
492 3579 703 3657 aliqua
742 3596 813 3639 re
856 3576 1191 3639 hominibus
1232 3578 1522 3639 accidunt.
1612 3581 1854 3657 propria
1895 3580 2197 3639 hominum
2239 3581 2476 3640 nomina
2521 3582 2582 3639 in
2614 3587 2780 3660 quat-

222 3690 327 3743 tuor
353 3684 591 3761 species
628 3680 983 3747 dividuntur,
1018 3696 1376 3757 praenomen
1408 3692 1623 3769 nomen
1659 3700 1994 3760 cognomen
2032 3700 2356 3760 agnomen:
2401 3700 2778 3760 praenomen,

224 3794 271 3845 ut
308 3794 437 3863 puta
478 3782 765 3851 Publius,
824 3799 1041 3843 nomen
1088 3780 1423 3853 Cornelius,
1469 3802 1796 3861 cognomen
1841 3785 2068 3863 Scipio,
2121 3804 2412 3864 agnomen
2449 3788 2778 3871 Africanus.

226 3896 331 3947 sunt
370 3887 649 3953 nomina,
708 3903 860 3965 quae
902 3884 1111 3947 Graeci
1169 3885 1291 3943 τῶν
1330 3878 1481 3963 πρός
1521 3908 1576 3945 τι
1636 3886 1966 3965 appellant,
2025 3887 2084 3947 id
2126 3898 2216 3949 cst
2258 3888 2329 3949 ad
2363 3886 2380 3971 ΙΙ
2412 3885 2660 3966 aliquid,
2715 3894 2782 3948 nt

226 3994 333 4063 puta
372 3996 551 4069 pater
607 3986 789 4047 frater
837 3994 1045 4047 mater.
1134 3989 1457 4065 iunguntur
1522 3990 1679 4049 enim
1749 3989 1964 4069 quibus
2029 3991 2453 4067 respondeant,
2521 3997 2584 4050 ut
2639 3997 2778 4068 puta
2805 4007 2856 4049 aa

228 4098 359 4167 pater
398 4091 607 4159 Marci,
654 4096 845 4149 mater
884 4087 1013 4157 Iuli,
1066 4088 1249 4149 frater
1294 4088 1573 4151 Victoris:
1633 4090 1717 4151 sic
1762 4097 1822 4150 et
1865 4098 2058 4151 cetera
2105 4090 2260 4153 talia.
2348 4100 2485 4151 sunt
2520 4093 2776 4159 nomina,

228 4210 347 4271 quae
384 4194 605 4255 Graeci
646 4192 773 4251 τῶν
814 4182 963 4268 πρός
1006 4190 1068 4249 τί
1104 4212 1229 4263 πως
1275 4189 1483 4268 ἔχοντα
1525 4191 1850 4271 appellant,
1903 4193 1960 4253 id
2007 4202 2096 4253 est
2138 4194 2212 4255 ad
2262 4192 2478 4273 aliquid
2521 4194 2776 4272 quodam

232 4294 369 4355 modo
410 4294 727 4364 babentia,
772 4300 839 4355 ιιι
882 4300 1021 4373 puta
1066 4293 1364 4355 dexterior
1408 4296 1679 4373 superior
1723 4294 1990 4355 inferior.
2080 4296 2402 4373 iunguntur
2446 4296 2600 4357 enim
2646 4298 2776 4375 qui·

232 4392 319 4455 bus
352 4396 777 4477 respondeant,
838 4404 903 4457 ut
941 4404 1081 4475 puta
1124 4396 1418 4459 dexterior
1452 4395 1688 4465 oculuS,
1736 4398 2008 4475 superior
2055 4397 2236 4466 dens,
2282 4397 2527 4457 inferior
2568 4400 2772 4459 vestis:

340 4532 369 4581 6
400 4542 448 4581 et
483 4548 636 4595 quom
673 4549 733 4582 ro
770 4541 820 4582 et
856 4545 1043 4597 qnoum
1084 4532 1127 4583 R
1296 4534 1359 4585 10
1396 4542 1444 4583 et
1480 4541 1645 4583 cetera
1683 4534 1804 4584 talia
1839 4548 1929 4583 om.
1965 4534 2028 4595 R,
2070 4534 2190 4585 add.
2223 4548 2254 4583 r
2425 4534 2483 4584 11
2524 4543 2572 4583 et
2608 4542 2775 4585 cetera

234 4598 327 4649 talia
361 4616 445 4651 out.
480 4602 557 4653 Ro
696 4604 760 4653 12
801 4611 1094 4653 convertant
1128 4619 1156 4653 v
1192 4614 1491 4654 conuertunt
1526 4605 1607 4654 Br
1642 4611 2001 4653 conuertuntur
2037 4606 2082 4654 R
2187 4605 2252 4653 2-1
2293 4603 2414 4653 mlta
2445 4618 2537 4654 om.
2575 4604 2672 4653 RB

236 4668 289 4717 31)
316 4672 591 4723 animalium
634 4673 715 4722 vel
756 4673 1105 4722 inanimalium
1144 4680 1193 4721 et
1230 4689 1359 4737 quae
1395 4676 1603 4725 coniecit
1630 4676 1799 4724 editor
1829 4674 1884 4723 V
1883 4672 2229 4724 indobonensis
2332 4674 2398 4723 33
2433 4674 2641 4739 pnplius
2679 4674 2775 4723 RB

346 4742 407 4793 34
442 4740 551 4793 τόν
588 4734 740 4805 πρὸς
774 4737 827 4790 τὶ
856 4758 888 4791 r
924 4758 1209 4794 ‘ronrn’oc-ri
1248 4744 1299 4793 B
1336 4746 1585 4808 tonprosti
1622 4745 1667 4793 R
1855 4743 1916 4791 :37
1956 4741 2068 4793 τῶν
2102 4738 2248 4807 πρὸς
2277 4740 2326 4791 τὶ
2361 4738 2710 4808 προςέχοντα
2745 4762 2775 4793 r

240 4824 312 4858 *ov
343 4828 465 4867 neoc
496 4830 545 4867 τι
584 4827 931 4867 πΡοοεΧοιιΤΑ
967 4812 1017 4862 Β
1052 4823 1135 4863 ιοιι
1176 4829 1296 4879 pros
1333 4814 1369 4863 ti
1410 4826 1507 4879 pos
1544 4813 1792 4863 echontha
1829 4814 1876 4864 lt
