3434 5442
912 345 1312 408 INSTITVTA
1348 345 1635 407 ARTIVM
1680 344 2014 408 797-813
2641 350 2752 412 181

268 476 315 517 ρ.
344 462 500 506 siais
530 462 582 504 a.
2318 476 2362 517 ρ.
2391 465 2571 507 420—22
2601 465 2658 507 V.

180 536 484 613 praesentis
536 534 829 613 temporis
882 533 1001 595 sive
1043 533 1255 603 futuri,
1318 550 1469 613 quae
1514 534 1625 595 dus
1682 533 1900 613 syllaba
1956 536 2376 605 terminantur,
2431 526 2491 597 et
2531 538 2760 616 species

180 638 543 715 imperfectae
594 638 719 697 sive
762 637 957 697 minus
1002 653 1179 714 quam
1221 636 1521 715 perfectae
1558 636 1649 697 vel
1690 636 2056 699 inchoativae
2103 656 2134 698 a
2173 636 2436 716 qualibet
2479 639 2758 718 qualitate

182 738 327 799 verbi
370 737 443 800 ad
480 757 651 800 suam
696 739 955 799 formam
990 736 1177 815 redigi
1222 740 1623 817 reperiuntur.
1711 740 1944 818 species
1985 740 2284 817 perfectae
2327 748 2387 801 et
2413 741 2756 822 plusquam-

178 842 459 921 perfectae
516 840 681 901 modi
730 840 1022 902 indicativi
1078 842 1203 902 sive
1254 840 1675 919 pronuntiativi
1730 848 1788 903 et
1831 843 2068 920 optativi
2123 849 2182 903 et
2224 844 2578 904 coniunctivi
2635 846 2754 907 sive

178 943 395 1003 iunctivi
457 949 515 1002 et
567 942 831 1003 futurum
874 948 1107 1020 tempus
1152 941 1313 1004 modi
1368 943 1722 1005 coniunctivi
1778 945 1900 1005 sive
1956 946 2195 1006 iunctivi
2253 952 2311 1005 et
2365 948 2751 1024 praeteritum
2805 974 2830 1012 ⁵

178 1056 391 1123 tempus
437 1044 601 1105 modi
658 1044 865 1105 infiniti
924 1043 998 1106 ab
1044 1045 1229 1105 activa
1269 1043 1521 1105 neutrali
1581 1053 1640 1105 et
1684 1046 2110 1124 frequentativa
2165 1046 2473 1125 qualitate,
2531 1047 2756 1109 scilicet

176 1150 289 1226 quia
334 1147 669 1208 inchoativa
724 1146 829 1207 has
874 1163 973 1209 res
1026 1147 1225 1207 facere
1274 1144 1653 1223 prohibetur,
1718 1148 1792 1208 ad
1837 1164 2006 1208 suam
2050 1148 2304 1209 formam
2345 1148 2538 1225 redigi
2579 1168 2752 1228 repe-

175 1252 409 1309 riuntur.
500 1266 664 1309 nunc
702 1249 765 1309 in
803 1248 917 1309 hac
958 1248 1151 1309 forma
1206 1247 1323 1308 hoc
1366 1266 1705 1319 monemuS,
1765 1249 1922 1330 quod
1973 1249 2086 1310 hoc
2129 1268 2312 1311 unum
2359 1250 2608 1311 verbum
2649 1252 2752 1313 ad-

174 1351 401 1411 missum
462 1351 539 1412 sit
591 1351 937 1429 imperativo
991 1350 1169 1411 modo
1223 1357 1493 1429 tempore
1550 1351 1750 1412 futuro
1803 1357 2050 1431 propter
2115 1368 2398 1413 sonorum
2462 1355 2750 1415 rationem

176 1450 466 1521 declinari,
515 1452 575 1513 id
622 1458 709 1512 est
753 1459 1067 1513 memento
1130 1453 1232 1514 sed
1278 1452 1393 1513 hoc
1428 1453 1675 1515 verbum
1721 1470 1832 1531 qua
1882 1453 1956 1514 de
2000 1470 2172 1514 causa
2205 1450 2231 1536 ΙΙ
2261 1456 2320 1514 in
2367 1472 2546 1533 supra
2592 1454 2748 1517 dicto
2777 1482 2829 1523 ιο

174 1554 332 1614 modo
376 1562 627 1633 propter
670 1570 849 1615 sonos
896 1553 1211 1615 admissum
1259 1555 1333 1615 sit
1376 1554 1690 1624 declinari,
1731 1554 1846 1615 hoc
1885 1557 1945 1615 in
1993 1556 2154 1617 sonis
2197 1564 2586 1636 conpetenter
2627 1565 2748 1617 tra-

174 1656 467 1717 ctabimus,
574 1657 805 1734 species
870 1655 1168 1734 perfectae
1228 1664 1285 1717 et
1343 1654 1956 1736 plusquamperfectae
2021 1656 2180 1717 modi
2241 1659 2634 1737 inpersonalis
2691 1668 2751 1721 et

172 1757 407 1835 gerundi
454 1760 831 1819 novissimum
884 1759 1007 1818 sive
1058 1760 1428 1837 participium
1488 1761 1792 1837 praeteriti
1848 1760 2132 1837 temporis
2175 1760 2266 1821 vel
2319 1761 2532 1831 futuri,
2589 1761 2747 1839 quod

174 1864 221 1921 in
261 1878 365 1921 rus
410 1859 697 1941 syllabam
744 1861 887 1929 exit,
944 1878 1057 1921 nec
1102 1878 1219 1921 non
1261 1867 1321 1922 et
1363 1878 1579 1921 nomen
1624 1870 1682 1921 et
1725 1860 2034 1940 appellatio
2079 1868 2138 1922 et
2181 1869 2415 1941 tempus
2460 1864 2747 1940 praeteri-

172 1974 275 2023 tum
328 1969 389 2023 et
435 1962 699 2023 futurum
740 1962 903 2023 modi
938 1962 1151 2023 infiniti
1196 1966 1316 2023 sive
1359 1964 1634 2042 perpetui
1679 1963 1770 2026 vel
1808 1965 2037 2041 species
2079 1964 2380 2043 perfectae
2423 1966 2544 2025 sive
2585 1966 2744 2027 futu·
2771 1990 2822 2031 ιε»

172 2084 287 2125 rum
320 2076 559 2143 tempus
596 2064 756 2124 modi
786 2066 1135 2125 coniunctivi
1181 2084 1212 2126 a
1254 2065 1529 2143 qualitate
1569 2066 1801 2143 passiva
1837 2063 1928 2126 vel
1963 2065 2282 2144 deponenti
2325 2065 2416 2127 vel
2447 2070 2747 2127 communi

172 2167 229 2227 ad
269 2185 441 2228 suam
488 2166 741 2227 formam
799 2165 987 2243 redigi
1037 2168 1435 2245 reperiuntur.
1524 2185 1683 2228 nunc
1727 2169 1790 2227 in
1837 2167 1950 2227 hac
2003 2166 2189 2229 forma
2245 2168 2361 2228 hoc
2413 2186 2743 2239 monemus,

174 2269 313 2347 quod
352 2269 469 2329 boc
506 2286 691 2329 unum
737 2270 1110 2347 participium
1154 2271 1481 2347 reperitur,
1528 2269 1589 2329 id
1634 2275 1722 2331 est
1763 2270 2116 2339 moriturus,
2163 2270 2322 2350 quod
2365 2276 2610 2349 propter
2651 2289 2745 2333 so·

63 2412 65 2417 ·
172 2389 367 2447 norum
408 2372 697 2432 rationem
744 2388 777 2431 a
816 2388 997 2449 supra
1040 2370 1197 2431 dicta
1246 2370 1439 2433 forma
1480 2373 1814 2433 inveniatur
1867 2371 2225 2450 discrepare.
2315 2390 2474 2432 nunc
2519 2390 2633 2449 qua
2672 2373 2746 2435 de

174 2490 331 2533 causa
374 2490 553 2551 supra
600 2473 823 2534 dictum
866 2474 1239 2551 participium
1285 2492 1319 2534 a
1350 2491 1527 2552 supra
1572 2472 1724 2533 (licta
1769 2474 1958 2534 forma
2005 2474 2336 2535 inveniatur
2379 2472 2738 2553 discrepare,
2767 2499 2820 2540 πο

172 2574 265 2635 boc
306 2576 366 2635 in
410 2576 573 2635 sonis
620 2580 1005 2653 conpetenter
1049 2573 1451 2637 tractabimus.

324 2677 659 2749 Quaeritur,
700 2678 951 2754 portitor
994 2684 1055 2738 et
1090 2683 1295 2738 cantor
1327 2686 1385 2738 et
1420 2682 1617 2738 cetera
1648 2676 1784 2739 talia
1827 2695 1940 2755 qua
1975 2678 2048 2738 de
2088 2694 2263 2739 causa
2309 2696 2342 2739 a
2367 2677 2584 2739 ‚verbis
2621 2696 2742 2739 non

172 2781 353 2839 venire
394 2780 793 2857 reperiantur.
848 2777 963 2838 hac
1004 2778 1077 2841 de
1122 2798 1317 2850 causa,
1366 2781 1645 2860 quoniam
1686 2782 1879 2841 omnia
1925 2780 2100 2841 verba
2149 2799 2220 2840 ex
2252 2780 2504 2858 gerundi
2549 2783 2744 2841 novis-

172 2884 303 2943 simo
344 2881 611 2943 ultimam
655 2879 939 2960 syllabam
982 2882 1043 2941 in
1076 2890 1169 2941 tor
1210 2880 1489 2961 syllabam
1534 2888 1888 2942 convertunt
1923 2887 1984 2942 et
2021 2899 2238 2942 nomen
2267 2899 2410 2942 suae
2451 2880 2744 2960 qualitatis

174 2985 500 3053 ostendunt,
560 2990 629 3043 ut
670 2989 809 3061 puta
855 2981 1142 3045 calcatum
1186 2981 1460 3044 calcator.
1548 2985 1635 3045 sic
1676 2986 1880 3063 utique
1935 2990 1992 3044 et
2031 2989 2330 3061 portatum
2374 2990 2640 3061 portator
2686 2992 2744 3045 et
2765 3004 2819 3047 π

174 3094 453 3147 cantatum
494 3091 767 3147 cantator
810 3083 1009 3146 facere
1054 3084 1339 3154 debeant:
1387 3090 1445 3146 et
1482 3086 1615 3145 ideo
1659 3085 1914 3163 portitor
1960 3094 2019 3145 et
2062 3092 2267 3145 cantor
2310 3103 2452 3147 suae
2500 3087 2742 3164 positio-

176 3190 251 3247 nis
289 3190 549 3257 nomina,
588 3204 711 3249 non
755 3206 787 3247 a
835 3185 1028 3248 verbis
1069 3187 1359 3249 venientia
1394 3194 1533 3248 sunt
1575 3185 2030 3265 pronuntianda.

319 3289 673 3361 Quaeritur,
730 3288 943 3349 lavatio
996 3296 1055 3350 et
1108 3296 1305 3351 cetera
1351 3288 1489 3349 talia
1541 3306 1657 3366 qua
1713 3289 1789 3348 de
1834 3305 2008 3348 causa
2055 3306 2086 3348 a
2125 3287 2324 3350 verbis
2380 3306 2496 3348 non
2545 3288 2743 3349 venire

176 3395 546 3470 reperiantur.
635 3390 747 3452 hac
798 3390 871 3451 de
924 3408 1128 3461 causa,
1178 3393 1458 3471 quoniam
1512 3391 1707 3451 omnia
1761 3388 1940 3451 verba
2000 3409 2070 3451 ex
2127 3390 2376 3467 gerundi
2428 3391 2742 3451 novissimo

176 3512 259 3553 um
297 3494 524 3556 litteras
568 3493 845 3555 omittunt
897 3500 955 3554 et
995 3512 1101 3554 nra
1140 3492 1231 3553 vel
1284 3495 1340 3553 io
1384 3492 1607 3554 litteras
1656 3493 1954 3571 accipiunt
2004 3498 2062 3552 et
2105 3490 2556 3571 appellationem
2600 3510 2741 3553 suae
2767 3514 2820 3556 so

178 3596 447 3674 qualitatis
491 3596 829 3665 ostendunt,
873 3601 939 3656 ut
980 3602 1117 3674 puta
1164 3596 1454 3673 scriptum
1501 3596 1812 3675 scriptura,
1859 3592 2078 3656 lectum
2117 3592 2128 3677 Ι
2166 3594 2358 3655 lectio.
2423 3596 2506 3655 sic
2541 3596 2744 3672 utique

178 3706 227 3758 et
260 3696 439 3760 lotum
482 3697 683 3759 lotura
740 3696 937 3758 facere
980 3696 1222 3767 debeat:
1283 3704 1341 3758 et
1380 3696 1514 3757 ideo
1561 3695 1774 3757 lavatio
1829 3715 1970 3758 suae
2017 3697 2326 3774 positionis
2375 3704 2464 3758 est
2505 3714 2742 3767 nomen,

178 3818 277 3860 non
326 3820 357 3860 a
404 3798 595 3861 verbo
650 3800 889 3859 veniens
942 3798 1273 3878 appellatio.
1364 3817 1507 3859 sane
1559 3800 1896 3876 quaeritur,
1956 3798 2192 3878 quando
2247 3798 2670 3878 appellationes
2711 3820 2746 3861 a

178 3899 343 3962 littera
386 3907 447 3961 et
482 3900 722 3980 quando
768 3919 803 3960 o
844 3898 1039 3963 littera
1076 3901 1451 3963 definiantur.
1540 3919 1727 3981 quare
1772 3900 1889 3962 boc
1935 3918 2274 3971 monemuS‚
2324 3900 2482 3980 quod
2524 3900 2643 3962 hoc
2685 3903 2743 3961 in

176 4004 311 4063 sonis
352 4010 745 4080 conpetenter
784 4008 1043 4063 tractare
1088 4003 1455 4065 debebimus.
1486 4000 1512 4085 ΙΙ
2767 4022 2820 4063 35

321 4106 669 4177 Quaeritur,
739 4122 853 4183 qua
911 4105 987 4166 de
1047 4124 1223 4167 causa
1269 4106 1580 4166 Terentius
1642 4105 1774 4183 peri
1831 4110 1890 4165 et
1949 4122 2071 4165 non
2113 4106 2266 4182 perii
2327 4105 2740 4182 pronuntiarit.

180 4206 273 4267 bac
312 4208 387 4268 de
416 4224 615 4275 causa,
662 4208 947 4287 quoniam
980 4206 1159 4269 verba
1202 4208 1363 4269 modi
1398 4206 1694 4268 indicativi
1739 4209 1800 4267 in
1836 4207 2033 4285 specie
2071 4206 2336 4283 perfecta
2380 4225 2452 4267 ex
2482 4206 2742 4267 secunda

180 4326 403 4385 persona
456 4309 693 4370 numeri
744 4308 1057 4387 singularis
1111 4312 1181 4370 sti
1224 4308 1449 4372 litteras
1491 4310 1768 4369 omittunt
1827 4316 1884 4368 et
1927 4308 2176 4384 primam
2233 4324 2548 4385 personam
2599 4326 2742 4369 suae

180 4412 377 4486 spetiei
428 4412 693 4473 ciusdem
736 4410 975 4471 numeri
1027 4412 1376 4482 ostendunt,
1434 4419 1501 4472 ut
1544 4418 1685 4491 puta
1742 4409 1945 4488 peristi
1988 4412 2135 4489 peri.
2221 4411 2366 4471 item
2416 4409 2738 4488 quaeritur,

298 4546 331 4597 3
363 4548 557 4613 species
594 4547 855 4613 perfectae
890 4548 1001 4597 siue
1031 4548 1562 4615 plusquamperfectae
1588 4548 1636 4597 R
1674 4548 1879 4612 species
1909 4547 2218 4612 inperfectae
2249 4546 2362 4596 siue
2394 4546 2741 4609 minusquam-

178 4614 413 4677 perfectae
446 4618 494 4667 B
706 4616 767 4667 11
810 4615 1133 4669 tractabimus
1160 4634 1192 4667 r
1220 4622 1549 4669 tractauimus
1576 4619 1623 4668 R
1660 4627 1784 4667 trac.
1821 4616 1874 4666 B
2059 4618 2126 4667 12
2159 4618 2362 4683 species
2400 4616 2657 4682 perfectae
2691 4624 2742 4667 et

182 4685 682 4753 plusquamperfectae
720 4687 773 4739 B
809 4688 985 4751 specie
1018 4687 1251 4753 perfecta
1290 4699 1341 4739 et
1375 4687 1878 4755 plusquamperfecta
1913 4688 1958 4739 R
2097 4686 2163 4736 21
2203 4688 2536 4737 tractabimus
2573 4703 2604 4735 r
2638 4694 2741 4737 tra-

178 4756 411 4874 ⁰¹¹qu
436 4758 533 4877 ΞΒ
707 4756 778 4807 32
810 4764 889 4806 est
922 4772 1015 4810 om.
1044 4757 1112 4818 R,
1150 4760 1273 4809 add.
1308 4760 1391 4809 Br
1528 4756 1598 4808 35
1634 4757 1936 4809 debebimus
1965 4756 2013 4805 R
2046 4757 2294 4807 debemus
2327 4757 2380 4807 B
2519 4756 2587 4809 36
2623 4770 2742 4821 pro-

180 4836 277 4873 nun
348 4836 413 4876 tut
485 4843 513 4877 v
