3434 5442
1102 350 1331 414 COMM.
1378 352 1454 414 IN
1500 352 1859 416 DONATVM
2651 359 2773 423 435

2330 474 2374 515 p.
2408 461 2519 504 1846.
2546 463 2595 504 47
2623 461 2671 503 P.

191 537 252 597 hi
300 539 512 617 agileS‚
560 540 670 600 hae
701 537 836 598 [dns
879 557 1054 618 quem
1101 539 1173 601 ad
1218 541 1456 602 modum
1502 543 1614 603 hae
1657 559 1883 604 manus.
1940 559 2291 622 quamquam
2340 542 2643 613 dixerunt,
2690 550 2773 613 ut,

193 657 371 719 quem
419 641 490 702 ad
545 641 784 703 modum
843 640 1064 718 regulis
1108 649 1340 713 carent,
1394 644 1474 704 ita
1517 645 1678 704 varie
1722 643 2215 706 declinarentur..
2264 661 2400 706 nam
2446 647 2777 706 invenimus

194 742 352 822 apud
401 751 671 806 auctores
715 751 775 804 et
819 743 1094 806 ancilium
1143 751 1204 805 et
1246 743 1624 815 anciliorum,
1673 753 1733 807 et
1760 745 2159 808 vulcanalium
2195 752 2255 807 et
2281 745 2772 809 Vulcanaliorum.

193 847 340 905 item
387 847 624 907 nomina
673 847 894 908 Graeca
942 865 974 908 a
1021 865 1198 927 supra
1245 847 1417 908 dictis
1461 847 1682 927 regulis
1726 854 2144 928 segregantur,
2190 857 2255 909 ut
2300 847 2589 912 emblema
2633 869 2775 930 poe-

193 963 324 1016 ma;
383 956 442 1008 et
495 947 608 1009 hoc
650 950 820 1009 iuste.
913 967 1048 1010 nam
1103 949 1153 1010 si
1197 949 1422 1010 Graeca
1465 959 1629 1020 sunt,
1690 948 1781 1010 vel
1826 949 2075 1011 ablativo
2121 959 2355 1021 carent3
2400 950 2535 1012 illae
2580 961 2771 1012 autem
2802 971 2826 1009 5

192 1049 438 1127 regulae
481 1050 556 1111 ab
601 1049 850 1111 ablativo
895 1053 1184 1130 originem
1230 1060 1502 1123 sumunt,
1551 1069 1695 1132 quas
1738 1069 1855 1112 non
1902 1059 2150 1132 possunt
2192 1053 2493 1132 suscipere
2538 1055 2774 1115 nomina

192 1151 451 1212 ablativo
496 1154 775 1214 carentia.
849 1152 952 1214 sed
997 1152 1144 1215 haec
1187 1154 1442 1215 maiores
1489 1154 1678 1215 nostri
1723 1159 1823 1216 aut
1866 1155 2037 1214 tertia
2082 1153 2475 1216 declinatione
2519 1154 2777 1217 declina·
2852 1231 2857 1238 ι

191 1253 372 1323 bant,
433 1256 484 1314 si
541 1254 787 1314 fuissent
848 1257 1083 1333 generis
1138 1256 1364 1327 neutri,
1421 1263 1484 1316 ut
1526 1273 1736 1335 poema
1781 1257 2095 1337 poematis3
2142 1263 2241 1318 aut
2282 1259 2471 1336 prima
2518 1257 2778 1318 declina-

193 1359 360 1416 tione
425 1355 829 1429 declinabant,
897 1359 946 1418 si
1012 1358 1260 1420 inissent
1321 1359 1557 1436 generis
1621 1359 1919 1430 feminini,
1984 1367 2051 1420 ut
2115 1358 2263 1420 haec
2330 1377 2539 1438 poema
2606 1360 2780 1421 huius

191 1475 467 1538 poemae.
508 1475 896 1539 -quamquam
941 1462 1273 1521 invenimus
1318 1460 1544 1541 aliquos
1587 1479 1758 1522 casus
1801 1479 1914 1522 nec
1957 1461 2030 1522 ab
2074 1460 2189 1522 illis
2236 1477 2347 1522 nec
2390 1461 2463 1522 ab
2508 1462 2636 1523 istis
2679 1465 2774 1523 re'·
2804 1477 2854 1518 10

193 1558 352 1638 gulis
412 1561 766 1631 declinatos,
823 1561 882 1622 id
941 1569 1030 1623 est
1071 1564 1404 1641 genetivum
1450 1562 1736 1643 pluralem
1784 1570 1845 1625 et
1888 1561 2141 1624 dativum
2188 1569 2247 1624 et
2290 1561 2602 1624 ablativum
2649 1562 2777 1644 plu-

193 1662 380 1725 rales:
427 1663 680 1744 legimus
727 1667 882 1725 enim
929 1664 1082 1744 apud
1129 1664 1475 1726 Ciceronem
1533 1665 1747 1726 horum
1805 1673 2211 1746 poematorum
2259 1665 2351 1726 his
2393 1667 2679 1745 poematis
2724 1673 2783 1725 et

193 1765 270 1825 ab
315 1767 412 1826 his
460 1767 778 1847 poematis;
835 1765 1108 1827 similiter
1165 1772 1224 1828 et
1268 1766 1758 1829 emblematorum
1805 1775 1864 1828 et
1906 1765 2301 1840 emblematiS,
2357 1768 2778 1848 peripetasma-

195 1877 394 1929 torum
440 1869 927 1949 peripetasmatis.

367 1969 648 2050 Analogia
706 1971 918 2032 dicitur
977 1971 1127 2032 ratio
1173 1970 1578 2033 declinationis
1624 1972 1929 2034 nominum
1975 1973 2131 2033 inter
2174 1991 2239 2034 se
2284 1973 2447 2034 omni
2488 1981 2658 2052 parte
2700 1974 2857 2035 si-15

193 2072 459 2142 milium:
508 2073 710 2134 Latine
754 2075 1064 2153 proportio
1107 2079 1366 2135 vocatur.
1429 2074 1668 2135 nomina
1711 2080 1909 2135 autem
1953 2073 2162 2134 similia
2207 2083 2347 2136 sunt
2389 2076 2549 2136 omni
2592 2083 2781 2154 parte,

194 2176 246 2234 si
293 2183 430 2236 octo
476 2174 656 2236 rebus
700 2176 820 2237 sint
861 2174 1102 2246 similia,
1149 2174 1206 2235 id
1255 2184 1345 2237 est
1387 2193 1490 2237 sex
1533 2172 1649 2236 illis
1693 2192 1843 2254 quae
1888 2175 2162 2237 accidunt
2204 2177 2458 2247 nomini,
2505 2175 2781 2258 qualitate

196 2277 624 2357 conparatione
668 2292 888 2357 genere
932 2294 1184 2338 numero
1227 2277 1414 2356 figura
1445 2273 1472 2361 ss
1503 2295 1670 2348 casu,
1703 2277 1917 2340 deinde
1948 2279 2107 2338 exitu
2138 2276 2521 2358 syllabarum,
2569 2277 2783 2339 deinde

197 2381 650 2440 consonantium
714 2381 941 2440 ratione
1001 2378 1513 2460 paenultimamm.
1603 2389 1776 2459 atque
1830 2381 1881 2440 si
1938 2397 2053 2441 una
2099 2397 2197 2441 res
2241 2379 2315 2440 de
2359 2381 2483 2440 istis
2528 2388 2661 2441 octo
2707 2381 2783 2441 si·

196 2480 440 2542 milibus
493 2480 760 2553 desierit,
824 2481 1074 2543 dicimus
1131 2479 1348 2562 [enim]
1406 2499 1623 2542 nomen
1683 2480 1839 2542 nulla
1885 2483 2114 2542 ratione
2158 2480 2428 2543 similiter
2472 2481 2775 2546 declinari.
2807 2500 2859 2541 20

197 2585 368 2644 cuius
425 2585 514 2645 rei
571 2583 902 2664 exemplum
959 2583 1035 2643 sit
1089 2582 1256 2663 lepus
1314 2590 1374 2644 et
1416 2582 1608 2664 lupus.
1697 2600 1832 2644 nam
1878 2582 2017 2644 licet
2058 2591 2283 2663 septem
2328 2583 2595 2664 partibus
2639 2603 2780 2645 con·

196 2686 488 2756 sentiant,
535 2693 763 2756 tamen,
822 2687 958 2766 quia
1001 2702 1223 2764 genere
1266 2684 1618 2746 dissentiunt
1665 2683 1868 2766 (lupus
1914 2686 2070 2746 enim
2116 2687 2329 2746 transit
2371 2687 2433 2748 in
2478 2685 2633 2747 aliud
2680 2705 2780 2766 ge-

198 2807 338 2858 nus,
387 2795 454 2847 ut
496 2785 670 2867 lupus
713 2786 876 2867 lupa,
923 2786 1090 2867 lepus
1136 2786 1268 2867 lepa
1311 2805 1432 2848 non
1475 2787 1642 2867 facit)
1689 2805 1749 2848 ὓ.

1189 2973 1286 3035 DE
1327 2973 1420 3036 PR
1429 2973 1791 3035 ONOMINE.

369 3110 603 3173 Probus
656 3117 848 3172 autem
906 3127 1236 3190 pronomen
1291 3111 1354 3171 in
1409 3117 1685 3190 quattuor
1739 3114 1937 3189 partes
1992 3107 2366 3187 dividendum
2413 3111 2661 3189 putavit,
2719 3109 2856 3172 idas

199 3225 290 3274 est
366 3231 696 3294 pronomen
775 3214 1001 3274 finitum
1073 3213 1365 3274 inlinitum
1447 3213 1642 3273 minus
1695 3229 1873 3292 quam
1940 3211 2166 3272 finitum
2237 3219 2296 3272 et
2350 3213 2775 3291 possessivum;

199 3315 357 3395 quod
415 3335 536 3377 non
593 3316 820 3376 videtur
874 3314 1092 3377 hahere
1147 3315 1456 3375 rationem.
1523 3313 1683 3374 unde
1738 3312 1996 3374 Donatus
2050 3312 2287 3385 melius,
2357 3315 2457 3391 qui
2521 3313 2582 3374 in
2638 3313 2782 3374 duas

199 3427 400 3496 partes
443 3421 506 3478 in
551 3419 742 3498 primo
787 3415 996 3477 divisit.
1086 3435 1223 3478 nam
1268 3417 1317 3477 si
1362 3435 1429 3477 ea
1473 3423 1611 3476 sunt
1653 3415 1815 3476 finita
1860 3416 2243 3495 pronomina,
2289 3432 2439 3495 quae
2484 3415 2783 3495 recipiunt

199 3537 517 3598 personaS,
565 3518 676 3580 alia
723 3521 950 3590 omnia,
997 3537 1145 3600 quae
1189 3535 1310 3578 non
1354 3517 1648 3597 recipiunt
1691 3533 2004 3596 personaS,
2062 3517 2285 3578 infinita
2332 3515 2579 3578 dicenda
2624 3523 2779 3577 sunt.

203 3621 358 3682 unde
415 3627 660 3702 apparet
715 3621 870 3700 quod
929 3621 1155 3682 infinita
1210 3627 1269 3680 et
1325 3621 1520 3681 minus
1563 3637 1740 3699 quam
1785 3619 1948 3680 linita
2000 3625 2137 3679 sunt
2179 3624 2239 3679 et
2291 3619 2642 3700 possessiva:
2716 3619 2855 3680 ineo

201 3721 317 3783 illis
363 3724 522 3784 enim
583 3741 700 3785 non
758 3721 974 3784 accidit
1017 3729 1176 3783 certa
1221 3739 1495 3802 persona.
1585 3723 1747 3781 cuias
1792 3727 1851 3782 et
1894 3727 2125 3781 nostras
2169 3719 2260 3781 vel
2306 3721 2527 3782 cuiates
2572 3729 2631 3781 et
2674 3737 2778 3781 no-

203 3833 418 3886 strates
484 3827 650 3902 (nam
716 3831 1032 3906 utrumque
1099 3823 1348 3885 dicimus
1413 3823 1735 3884 secundum
1802 3820 1991 3884 Plauti
2057 3823 2493 3903 auctoritatem)
2543 3832 2779 3901 gentem

339 4080 372 4132 3
417 4081 718 4131 anciliorum
763 4082 962 4132 divisse
1002 4081 1268 4132 Horatium
1303 4093 1458 4128 carm.
1491 4077 1648 4137 1115,
1683 4077 1766 4142 10,
1812 4077 2111 4127 anciliorum
2164 4087 2212 4128 et
2258 4078 2475 4127 nominis
2527 4086 2576 4128 et
2610 4084 2779 4143 togae,

205 4151 618 4202 Vulcanaliorum
637 4150 938 4212 Sallustium,
968 4149 1126 4206 Curio¹
1147 4150 1330 4200 ibidem
1367 4155 1592 4198 moratus
1620 4146 1867 4212 religione
1888 4148 2315 4208 vulcanaliorum,
2352 4148 2608 4198 adnotavit
2636 4148 2783 4196 Pom-

199 4227 340 4284 pee'us
359 4237 417 4286 p,
454 4219 573 4274 163.
613 4221 714 4270 227
857 4221 920 4272 13
949 4221 1201 4288 poematis
1221 4233 1292 4269 ex
1323 4218 1516 4272 rhetor,
1551 4219 1624 4266 ad
1655 4216 1882 4267 Her-ena.
1928 4219 2020 4268 ΗΠ
2056 4219 2109 4282 4,
2140 4219 2191 4276 7,
2220 4217 2537 4268 emblematis
2568 4231 2638 4268 ex
2674 4218 2775 4270 Cic,

199 4296 250 4342 in
289 4295 452 4344 Ver-r.
499 4297 598 4340 act.
641 4306 744 4341 seo.
789 4291 874 4341 llll
917 4291 1012 4352 17,
1056 4291 1123 4342 37
1167 4291 1332 4340 attulit
1372 4289 1670 4338 Priscianus
1707 4301 1763 4350 p.
1802 4286 1940 4349 774,
1993 4287 2403 4352 peripetasmatis
2454 4303 2524 4338 ex
2572 4287 2673 4341 Cic.
2728 4289 2781 4336 in

211 4364 364 4415 Ver-r.
405 4369 511 4414 act.
559 4375 661 4414 aec.
697 4361 786 4410 1111
825 4362 911 4422 12,
946 4359 1015 4411 28
1055 4361 1356 4410 maianus
1388 4361 1422 4411 l.
1459 4373 1505 4407 e.
1544 4357 1809 4420 Pompeius
1837 4371 1895 4420 p.
1930 4357 2032 4410 229
2062 4356 2325 4408 cea-danius
2376 4372 2429 4420 p.
2476 4355 2606 4407 1904

203 4432 267 4482 20
291 4433 528 4495 fortasse
570 4431 796 4490 desierit,
833 4431 934 4480 iam
970 4445 1070 4481 non
1103 4437 1202 4481 stat
1236 4427 1492 4494 analogia.
1531 4427 1746 4476 dicimus
1774 4428 1907 4476 enim
2048 4427 2107 4477 21
2140 4441 2256 4476 nam
2285 4427 2405 4476 licet
2434 4439 2634 4492 semper
2659 4441 2775 4492 par-

203 4502 334 4553 tibus
361 4501 685 4553 consentiant
715 4501 790 4552 P.-
817 4515 934 4550 nam
965 4507 1158 4566 septem
1187 4499 1412 4566 partibus
1441 4499 1781 4557 consentiunt,
1810 4505 1977 4546 tamen
2008 4497 2153 4560 quasi
2178 4511 2365 4562 genere
2394 4497 2699 4547 dissentiunt
2727 4511 2778 4553 ς.

198 4573 428 4624 lacunam
467 4578 586 4636 post
634 4571 754 4620 l'acit
796 4571 1016 4621 indicavi
1033 4607 1046 4631 ,
1083 4585 1184 4636 qua
1212 4576 1262 4620 et
1290 4569 1410 4632 finis
1443 4569 1781 4617 comentur-ii
1806 4566 1871 4617 de
1905 4568 2095 4616 nomine
2130 4573 2181 4616 et
2214 4567 2402 4615 initium
2438 4569 2687 4631 sequentia
2718 4569 2783 4617 de

199 4647 489 4704 pronomine
508 4641 736 4692 haustum
763 4655 876 4692 esse
907 4640 1107 4690 videtur
1209 4641 1276 4689 ‘25
1305 4635 1522 4702 Probus]
1557 4639 1712 4690 instit.
1752 4643 1856 4686 art.
1885 4651 1939 4700 p.
1974 4635 2079 4688 346
2115 4637 2195 4690 ed.
2236 4636 2392 4687 Vind.
2534 4635 2599 4687 31
2638 4639 2779 4686 cuias

205 4719 255 4761 et
287 4721 492 4763 nostras
520 4711 603 4760 uel
642 4713 832 4762 cuiates
865 4721 915 4761 et
953 4719 1202 4760 nostrates
1229 4723 1263 4766 ς
1299 4708 1462 4759 cuium
1499 4715 1550 4757 et
1579 4715 1801 4757 nostram
1844 4707 1923 4756 uel
1955 4707 2149 4756 cuiates
2176 4713 2225 4755 et
2252 4715 2503 4757 nostrates
2527 4705 2576 4755 P
2712 4707 2781 4757 :32

207 4784 482 4833 seeundum
509 4781 672 4831 Plauti
700 4779 1066 4846 auctoritatem]
1099 4781 1168 4842 cf.
1203 4780 1450 4830 Priscian.
1493 4792 1547 4840 p.
1583 4776 1702 4830 059.
1737 4776 1887 4838 1047,
1920 4776 2159 4828 Bit-veltet.
2190 4791 2311 4832 mus.
2350 4777 2505 4828 Rhen.
2533 4779 2718 4830 noviss.
2762 4777 2777 4824 l

208 4851 280 4916 (a.
325 4851 484 4914 1842)
515 4867 570 4914 p.
605 4851 708 4902 319

2244 4935 2373 5002 28*
