3434 5442
1001 352 1397 415 INSTITVTA
1434 352 1717 415 ARTIVM
1763 352 2096 416 346-357
2725 351 2840 414 103
2881 402 2888 408 .

340 480 385 522 ρ.
410 466 579 508 218.1a
608 468 665 509 n.
2428 482 2472 521 ρ.
2500 468 2652 510 soe-4
2685 468 2738 508 v.

234 557 395 620 quae
435 539 741 601 interdum
790 549 1040 621 propter
1084 547 1271 605 metra
1316 539 1407 602 vel
1447 547 1782 602 structuras
1838 559 1908 602 ex
1957 538 2205 601 ablativo
2251 559 2392 600 casu
2441 541 2675 600 numeri
2721 539 2841 598 sin·
2921 621 2932 630 ο

238 640 467 721 gularis
492 660 529 701 o
564 641 849 705 ultimum
888 651 947 706 et
986 643 1045 704 in
1080 663 1179 705 um
1212 643 1444 707 litteras,
1480 648 1842 712 convertant,
1887 648 1954 704 ut
1994 644 2332 721 genetivum
2361 660 2566 704 casum
2609 641 2844 702 numeri

242 743 491 822 pluralis
534 745 831 814 efficiant,
896 753 957 806 ut
1002 753 1139 824 puta
1190 743 1269 806 ab
1306 745 1422 806 hoc
1466 744 1665 806 Danao
1721 744 1934 806 horum
1973 745 2256 806 Danaum.
2347 744 2451 805 sed
2495 744 2643 805 haec
2687 761 2842 823 quae

242 848 367 922 sint
406 847 647 908 nomina
684 855 747 908 et
784 865 900 926 qua
931 846 959 931 Η
986 847 1061 910 de
1102 865 1279 909 causa
1324 865 1397 909 ex
1442 863 1623 926 supra
1654 847 1812 909 dicto
1857 865 1998 909 casu
2041 847 2334 908 interdum
2365 853 2610 926 propter
2653 851 2840 908 metra

246 947 339 1009 vel
379 957 715 1009 structuras
756 968 793 1009 o
835 948 1105 1011 ultimum
1150 955 1211 1010 et
1252 951 1311 1008 in
1352 967 1450 1010 um
1486 947 1709 1010 litteras
1754 955 2113 1019 convertant,
2155 955 2222 1010 ut
2260 949 2591 1026 genetivum
2639 966 2838 1010 casum
2893 975 2917 1013 5

244 1040 485 1112 numeri
525 1049 773 1129 pluralis
818 1052 1087 1122 efficiant,
1137 1051 1251 1112 hoc
1294 1053 1353 1112 in
1396 1052 1617 1112 metris·
1648 1050 1739 1113 vel
1779 1052 2090 1113 structuris
2133 1055 2518 1130 conpetenter
2561 1049 2838 1111 tractabi-

246 1173 402 1214 mus.
490 1156 636 1214 item
698 1155 761 1214 in
816 1153 928 1214 hac
982 1169 1161 1232 supra
1213 1156 1433 1233 scripta
1490 1153 1679 1214 forma
1736 1154 1971 1231 generis
2025 1150 2362 1222 masculini,
2419 1170 2532 1232 qua
2589 1152 2842 1214 diximus

244 1255 509 1318 ablativo
558 1273 699 1316 casu
758 1257 991 1317 numeri
1042 1255 1355 1335 singularis
1398 1257 1651 1317 nomina
1695 1275 1733 1315 o
1773 1253 1970 1317 littera
2021 1255 2326 1316 terminari
2383 1259 2444 1316 et
2487 1255 2842 1314 nominativo

245 1375 393 1419 casu
428 1360 671 1420 numeri
714 1357 1029 1436 singularis
1064 1375 1173 1419 aus
1211 1357 1419 1420 litteris
1461 1358 1710 1428 definiri,
1753 1358 1866 1418 hoc
1907 1375 2234 1428 monemus,
2279 1356 2438 1437 quod
2483 1374 2554 1416 ex
2599 1375 2666 1417 ea
2711 1354 2842 1434 plu-

240 1459 385 1521 rimi
430 1461 599 1531 soni,
652 1460 769 1522 hoc
813 1467 906 1521 est
945 1458 1197 1540 plurima
1248 1460 1515 1530 nomina,
1574 1461 1804 1538 possint
1858 1458 2140 1520 exhiberi.
2231 1459 2304 1520 de
2361 1458 2552 1520 forma
2607 1461 2840 1537 generis
2868 1479 2920 1522 ιο

240 1561 585 1631 masculini,
630 1581 745 1640 qua
774 1560 1024 1623 ablativo
1058 1579 1199 1622 casu
1243 1562 1476 1622 numeri
1510 1560 1828 1640 singularis
1869 1561 2102 1623 nomina
2145 1579 2182 1622 o
2209 1559 2400 1622 littera
2446 1561 2840 1622 terminantur

236 1670 303 1724 et
350 1659 713 1726 nominativo
758 1681 897 1725 casu
942 1665 1175 1726 numeri
1218 1661 1531 1741 singularis
1560 1681 1667 1725 aus
1708 1663 1918 1725 litteris
1948 1663 2324 1732 definiuntur,
2371 1669 2655 1741 quantum
2688 1663 2839 1724 ratio

234 1766 558 1845 poscebat,
602 1767 996 1828 tractavimus.

422 1869 511 1930 De
552 1887 679 1929 eus.
770 1886 1179 1949 quaecumque
1224 1869 1461 1930 nomina
1504 1869 1740 1948 generis
1777 1865 2086 1930 masculini
2127 1867 2378 1931 ablativo
2421 1885 2563 1929 casu
2609 1868 2840 1928 numeri

230 1969 573 2047 singularis
616 1989 653 2030 o
705 1969 897 2032 littera
954 1972 1343 2032 terminantur
1394 1976 1455 2030 et
1498 1971 1854 2032 nominativo
1900 1988 2038 2032 casu
2099 1971 2329 2031 numeri
2369 1968 2682 2048 singularis
2735 1987 2840 2031 eus
2869 1991 2918 2030 ιε

228 2071 465 2134 litteris
530 2073 925 2142 definiuntur,
992 2081 1059 2135 ut
1114 2080 1255 2151 puta
1320 2071 1394 2134 ab
1450 2072 1565 2134 hoc
1608 2070 1832 2134 Ilioneo
1886 2073 1984 2134 hic
2037 2071 2328 2142 Ilioneus,
2395 2071 2542 2131 haec
2599 2071 2674 2131 ad
2726 2070 2842 2131 hoc

226 2153 594 2252 exemplum
636 2163 1037 2236 declinantur:
1100 2175 1334 2236 numeri
1390 2173 1705 2252 singularis
1765 2175 1862 2236 hic
1904 2174 2160 2237 Ilioneus
2219 2173 2394 2234 huius
2435 2170 2642 2234 Ilionei
2703 2173 2844 2235 huic
2879 2223 2892 2244 .

226 2277 475 2337 Ilioneo
530 2276 695 2337 hunc
736 2274 1025 2338 Ilioneum
1068 2296 1105 2336 o
1148 2276 1369 2338 Ilionee
1412 2275 1485 2338 ab
1526 2275 1641 2338 hoc
1685 2275 1938 2346 Ilioneo,
1983 2278 2216 2338 numeri
2253 2274 2501 2355 pluralis
2545 2276 2602 2336 hi
2639 2274 2846 2337 Ilionei

226 2379 469 2440 horum
509 2377 873 2440 Ilioneorum
931 2378 1027 2439 his
1068 2377 1305 2439 Ilioneis
1368 2379 1479 2439 hos
1524 2377 1776 2440 Ilioneos
1837 2397 1872 2439 o
1914 2377 2118 2440 Ilionei
2177 2376 2250 2439 ab
2289 2377 2381 2438 his
2419 2375 2668 2440 IlioneiS.
2757 2379 2842 2440 sic

228 2491 301 2542 et.
348 2480 463 2542 alia
510 2479 769 2561 genejris
812 2479 1120 2542 masculini
1164 2481 1429 2551 nomina,
1489 2499 1641 2561 quae
1682 2480 1932 2543 ablativo
1980 2499 2120 2542 casu
2172 2481 2406 2542 numeri
2450 2479 2760 2559 singularis
2805 2499 2842 2541 o
2867 2501 2922 2542 πο

230 2583 443 2644 littera
496 2584 893 2645 terminantur
938 2589 999 2643 et
1042 2583 1395 2644 nominativo
1441 2563 1581 2655 casu
1636 2583 1868 2646 numeri
1926 2581 2239 2662 singularis
2290 2601 2394 2646 eus
2449 2581 2656 2645 litteris
2700 2583 2844 2644 dess-

238 2687 529 2755 niuutur,
586 2685 659 2746 ad
708 2683 1045 2764 exemplum
1088 2684 1311 2746 Ilionei·
1336 2702 1447 2764 per
1488 2703 1693 2746 omnes
1737 2703 1909 2746 casus
1951 2683 2339 2747 declinantur.
2427 2703 2588 2745 nunc
2629 2685 2692 2745 in
2731 2684 2844 2745 hac

238 2805 431 2864 supra
480 2788 703 2865 scripta
748 2786 939 2850 forma
990 2788 1328 2867 quaeritur,
1382 2797 1497 2868 qua
1546 2787 1621 2850 de
1664 2805 1838 2849 causa
1888 2789 2178 2850 vocativus
2223 2805 2395 2874 casus
2450 2787 2682 2848 numeri
2724 2787 2842 2847 sin-

240 2889 477 2968 gularis
518 2907 633 2968 per
678 2889 825 2950 duas
863 2907 897 2949 e
934 2887 1159 2950 litteras
1197 2889 1530 2968 reperiatur
1572 2889 1772 2952 scribi.
1844 2890 1959 2951 hac
1999 2890 2074 2952 de
2109 2907 2304 2960 causa,
2351 2891 2628 2970 quoniam
2665 2905 2843 2966 quae-

246 3011 509 3074 cumque
552 2990 799 3052 nomina
842 2991 1075 3070 generis
1121 2990 1431 3053 masculini
1474 2991 1722 3054 ablativo
1767 3009 1904 3053 casu
1943 2993 2176 3054 numeri
2217 2993 2530 3071 singularis
2574 3011 2609 3052 o
2647 2988 2842 3051 littera
2869 3011 2922 3052 25

250 3097 655 3166 terminantur
708 3099 769 3154 et
816 3095 1175 3155 nominativo
1224 3111 1365 3156 casu
1422 3094 1655 3156 numeri
1696 3092 2013 3173 singularis
2057 3111 2162 3156 eus
2203 3093 2414 3156 litteris
2465 3093 2842 3163 definiuntur,

254 3197 397 3259 haec
438 3201 699 3274 excepto
744 3197 1013 3273 genetivo
1051 3215 1190 3270 casu
1238 3197 1469 3258 numeri
1512 3195 1756 3276 pluralis
1794 3214 1902 3275 per
1946 3202 2177 3258 ceteros
2219 3213 2390 3258 casus
2431 3195 2558 3273 pari
2595 3211 2844 3256 numero

254 3297 618 3378 syllabarum
688 3295 1049 3358 scribuntur.
1140 3299 1280 3359 item
1344 3300 1405 3358 in
1459 3298 1573 3359 hac
1628 3316 1808 3377 supra
1862 3298 2018 3360 dicta
2087 3297 2279 3360 forma
2343 3297 2458 3358 hoc
2513 3313 2844 3365 monemus,

260 3400 411 3480 quod
458 3401 585 3461 sint
626 3397 823 3479 aliqua
869 3399 1137 3469 nomina,
1193 3418 1345 3480 quae
1392 3401 1689 3462 interdum
1736 3408 1981 3479 propter
2030 3409 2219 3462 metra
2262 3399 2354 3461 vel
2399 3406 2728 3462 structuras
2772 3417 2844 3459 ex

262 3501 509 3563 ablativo
566 3519 711 3562 casu
768 3500 1001 3561 numeri
1054 3501 1371 3578 singularis
1420 3522 1457 3562 o
1502 3501 1775 3563 ultimum
1831 3511 1890 3564 et
1941 3503 2002 3564 in
2047 3522 2148 3564 um
2197 3501 2422 3565 litteras
2477 3509 2838 3574 convertant,
2872 3519 2924 3562 3⁰

264 3613 319 3664 ut
354 3599 721 3685 genetiljvum
764 3619 965 3690 casum
1008 3606 1244 3664 numeri
1286 3603 1531 3683 pluralis
1576 3605 1850 3676 efficiant,
1897 3613 1961 3667 ut
2003 3613 2142 3684 puta
2189 3605 2260 3668 ab
2307 3605 2422 3666 hoc
2465 3605 2578 3666 deo
2627 3604 2844 3665 horum

263 3707 453 3768 deum.
546 3705 657 3765 sed
700 3703 847 3766 haec
899 3723 1051 3785 quae
1089 3705 1207 3766 sint
1235 3692 1493 3768 ‘nomina
1551 3715 1611 3767 et
1650 3726 1767 3787 qua
1813 3706 1886 3770 de
1932 3727 2108 3770 causa
2165 3727 2234 3768 ex
2281 3725 2459 3785 supra
2503 3705 2658 3766 dicto
2706 3723 2844 3766 casu

262 3809 563 3870 interdum
606 3813 857 3886 propter
909 3813 1100 3868 metra
1142 3808 1231 3870 vel
1286 3816 1617 3871 structuras
1660 3829 1695 3872 o
1745 3810 2017 3872 ultimum
2074 3816 2134 3870 et
2175 3810 2232 3868 in
2279 3827 2376 3870 um
2421 3808 2648 3870 litteras
2703 3825 2846 3869 con-

263 3919 511 3973 vertant.
559 3917 629 3970 ut
666 3911 1001 3987 genetivum
1044 3927 1245 3972 casum
1300 3913 1534 3972 numeri
1587 3911 1834 3991 pluralis
1889 3913 2174 3981 efficiant,
2231 3910 2348 3972 hoc
2401 3910 2460 3970 in
2507 3911 2715 3973 metris
2757 3909 2845 3971 vel

264 4013 583 4076 structuris
626 4019 1015 4090 conpetenter
1058 4012 1459 4074 tractabimus,
2007 4061 2010 4066 .
2181 4053 2188 4060 -
2875 4021 2926 4062 ³⁵

426 4115 579 4176 Item
646 4115 707 4174 in
759 4113 875 4174 hac
938 4131 1119 4192 supra
1162 4115 1379 4194 scripta
1443 4116 1633 4178 forma
1698 4116 1819 4178 hoc
1857 4133 2201 4185 monemuS,
2263 4114 2422 4194 quod
2481 4114 2596 4174 hoc
2665 4132 2850 4174 unum

272 4236 485 4280 nemen
540 4223 789 4296 propter
830 4215 1120 4278 rationem
1176 4227 1459 4280 sonorum
1512 4221 1872 4280 nominativo
1925 4217 2118 4280 dativo
2169 4218 2432 4277 vocativo
2491 4223 2552 4277 et
2589 4215 2846 4296 ‘ablativo

274 4339 401 4382 casu
446 4323 683 4380 numeri
723 4317 973 4398 pluralis
1010 4321 1097 4379 sic
1140 4318 1407 4382 anomale
1452 4321 1667 4383 debeat
1700 4320 2002 4390 declinari,
2047 4317 2106 4378 id
2147 4326 2238 4380 est
2279 4317 2444 4379 deus.
2511 4318 2650 4379 facit
2691 4318 2850 4378 enim

274 4425 325 4484 lii
358 4423 441 4484 dii
482 4421 575 4484 his
616 4420 729 4482 diis
772 4441 809 4483 o
846 4419 929 4482 dii
972 4429 1031 4481 et
1074 4420 1149 4482 ah
1184 4421 1431 4484 bis-diis.
1492 4441 1651 4485 nunc
1690 4443 1808 4504 qua
1847 4423 1922 4484 de
1970 4439 2143 4484 causa
2189 4419 2305 4482 hoc
2343 4437 2525 4500 supra
2565 4421 2850 4499 scriptum

400 4629 437 4680 6
468 4627 796 4678 tractabimus
826 4641 859 4674 r
897 4627 1227 4677 tractauimus
1254 4627 1355 4679 RB
1492 4627 1527 4680 9
1564 4644 1629 4678 ex
1663 4642 1722 4678 ea
1759 4641 1860 4678 non
1895 4643 1956 4677 eo
1993 4626 2201 4692 plurimi
2241 4626 2353 4677 soni
2392 4625 2491 4679 hoc
2527 4633 2604 4678 est
2640 4642 2700 4677 eo
2738 4626 2850 4693 plu-

280 4701 395 4748 rima
428 4699 631 4748 uomina
664 4715 695 4748 v
872 4695 939 4747 18
992 4709 1023 4746 ο
1056 4696 1273 4765 Ilionee]
1326 4699 1579 4750 Priscian.
1610 4713 1666 4762 p.
1704 4697 1812 4750 738
1983 4695 2050 4748 32
2099 4697 2192 4748 sed
2221 4695 2350 4746 haec
2384 4697 2437 4747 B
2468 4697 2562 4748 sed
2591 4705 2638 4746 et
2671 4697 2718 4748 R

278 4769 341 4822 a
372 4777 660 4820 convertant
689 4783 723 4817 r
756 4773 1074 4818 conuertunt
1104 4767 1205 4820 RB
1396 4767 1465 4822 35
1494 4769 1822 4820 tractabimus
1853 4785 1884 4818 r
1920 4768 2250 4820 tractauimus
2283 4766 2380 4818 RB
2575 4765 2640 4819 37
2679 4767 2850 4818 dativo

282 4841 495 4892 vocativo
526 4854 615 4892 om.
652 4839 717 4901 R,
760 4838 891 4890 add.
928 4836 1009 4886 Br
