3434 5442
1124 333 1224 398 DE
1265 335 1546 400 METRIS
1588 335 1899 400 floRA'rss
2680 343 2801 404 471

323 445 356 487 s.
386 443 480 488 8'10.
511 445 562 487 38
589 445 685 486 cod.
717 443 812 487 Par.

215 526 332 588 hac
385 527 562 588 metri
617 527 1044 606 compositione
1091 523 1278 588 tribus
1323 531 1552 586 tantum
1597 523 1867 588 cantibus
1882 573 1897 595 ,
1958 534 2023 588 ut
2066 525 2329 588 subiecta
2374 523 2804 596 monstrabunt,

217 629 309 690 Tu
363 647 442 690 ne
497 627 820 708 quaesieris
873 629 1030 689 scire
1089 627 1254 688 nefas
1311 645 1488 708 quem
1543 627 1690 688 mihi
1746 645 1922 707 quem
1980 628 2084 689 tibi
2098 675 2111 700 ,
2171 627 2401 691 Nullam
2448 628 2597 689 Vare
2641 644 2807 690 sacra

219 732 338 792 vite
382 731 550 811 prius
593 731 814 792 severis
863 729 1171 800 arborem,
1220 728 1270 790 Ο
1301 727 1558 791 crudelis
1601 729 1795 792 adhuc
1838 736 1898 791 et
1925 730 2172 798 Veneris
2200 729 2547 793 muneribus
2575 737 2807 811 potenS.

389 831 710 895 Vndecima
763 833 876 894 ode
931 830 1158 893 dicolos
1214 839 1304 893 est
1357 830 1654 892 distrofos.
1746 849 1883 894 nam
1938 835 2103 913 prior
2148 851 2351 896 versus
2394 833 2615 896 cretico
2656 833 2808 912 pede

215 941 280 998 et
331 942 710 998 monometro
768 933 1024 998 iambico
1076 935 1458 1005 terminatur,
1515 933 1812 996 secundus
1866 953 2007 996 vero
2054 937 2322 998 trimeter
2367 943 2457 998 est
2498 932 2804 1007 iambicus,
2834 950 2860 990 s

217 1037 324 1098 sed
382 1035 646 1098 claudus.
734 1035 1022 1099 iambicus
1079 1042 1274 1097 autem
1331 1053 1536 1098 versus
1578 1054 1729 1100 non·
1744 1035 2005 1098 iambum
2051 1036 2237 1099 solum
2284 1038 2386 1099 sed
2432 1044 2493 1099 et
2535 1036 2809 1098 heroicos

217 1138 436 1220 recipit
489 1139 700 1219 pedes,
759 1137 906 1200 locis
959 1136 1188 1199 scilicet
1238 1136 1546 1218 inparibus
1605 1137 1696 1220 [et
1750 1137 2056 1202 dibracchi
2110 1139 2489 1220 coniuncto];
2551 1157 2809 1220 ususque

219 1243 524 1303 invenitur
567 1241 678 1302 hac
723 1242 900 1302 metri
941 1241 1368 1320 compositione
1424 1226 1542 1302 uno
1589 1246 1815 1304 tantum
1859 1247 2066 1311 cantu,
2126 1242 2291 1304 cuius
2334 1242 2563 1323 primus
2606 1257 2809 1304 versus

219 1344 516 1423 ascriptus
561 1350 675 1414 est,
722 1344 852 1406 Non
899 1342 1048 1404 ebur
1091 1360 1283 1423 neque
1327 1360 1590 1404 aureum.

391 1445 752 1510 Duodecimn
811 1446 924 1508 ode
981 1443 1322 1508 monocolos
1379 1451 1487 1506 est.
1573 1450 1767 1507 metro
1821 1446 1979 1506 enim
2035 1446 2195 1527 quod
2250 1446 2447 1514 ionico
2502 1465 2533 1507 a
2578 1445 2809 1508 minore
2834 1457 2885 1502 io

221 1550 288 1610 fit
333 1549 698 1620 continetur,
757 1548 915 1630 quod
959 1548 1196 1628 quidem
1242 1564 1363 1608 non
1407 1564 1656 1608 numero
1701 1546 1955 1626 pedum,
2010 1547 2111 1610 sed
2160 1565 2369 1610 sensus
2410 1548 2526 1610 flue
2572 1547 2811 1612 conciu-

219 1651 416 1721 ditur,
464 1657 640 1732 atque
683 1650 816 1711 ideo
863 1671 894 1712 a
937 1649 1138 1712 multis
1181 1649 1400 1730 synafla
1446 1651 1639 1731 potius
1669 1651 2041 1720 nominatum
2086 1669 2343 1731 ususque
2372 1657 2463 1714 est
2490 1650 2605 1716 hac
2634 1651 2809 1714 metri

219 1755 660 1834 compositione
713 1771 832 1814 uno
890 1759 1121 1814 tantum
1177 1748 1385 1822 cantu,
1446 1751 1611 1813 cuius
1666 1753 2020 1832 principium
2080 1751 2415 1824 subnotavi,
2461 1753 2809 1814 Miserarum

217 1863 312 1918 est
353 1873 548 1936 neque
593 1857 781 1916 amori
825 1854 968 1916 dare
1011 1852 1234 1917 ludum.

392 1957 587 2019 Tertia
644 1957 870 2018 decima
927 1955 1039 2018 ode
1095 1954 1316 2018 dicolos
1371 1963 1462 2017 est
1503 1955 1801 2018 distrosoS.
1890 1974 2027 2017 nam
2073 1957 2236 2036 prior
2280 1973 2484 2017 versus
2528 1955 2800 2018 heroicus
2828 1969 2877 2010 ¹⁵

215 2067 338 2132 est,
395 2076 652 2141 sequens
705 2077 843 2120 vero
901 2058 1400 2138 penthemimeres
1456 2059 1581 2121 eius
1635 2057 1917 2128 efficitur;
1980 2076 2239 2138 ususque
2307 2067 2397 2119 est
2457 2057 2571 2119 hac
2626 2059 2803 2119 metri

217 2163 650 2244 compositione
693 2179 813 2223 uno
856 2168 1083 2222 tantum
1131 2171 1332 2232 cantu,
1381 2161 1547 2222 cuius
1575 2179 1779 2222 versus
1815 2160 2103 2241 ascriptus
2133 2167 2249 2231 est,
2297 2159 2595 2238 Diffugere
2640 2160 2803 2221 nives

222 2266 483 2327 redeunt
522 2264 639 2326 iam
685 2265 954 2342 gramina
997 2265 1239 2343 campis.

394 2368 614 2440 Quarta
659 2367 886 2428 decima
932 2363 1043 2427 ode
1089 2363 1311 2427 dicolos
1357 2373 1447 2426 est
1488 2363 1785 2425 distrofoS.
1876 2365 2040 2444 prior
2086 2366 2243 2425 enim
2289 2381 2492 2426 versus
2532 2363 2802 2425 trimeter

217 2478 312 2532 est
363 2467 682 2540 iambicus,
738 2468 1032 2530 secundus
1090 2486 1232 2528 vero
1287 2467 1538 2529 dimeter
1592 2467 1924 2536 invenitur;
1962 2485 2249 2547 -ususque
2306 2474 2397 2527 est
2451 2466 2563 2527 hac
2628 2468 2878 2528 metr'no

217 2571 648 2653 compositione
706 2570 911 2632 decem
969 2577 1196 2632 tantum
1251 2569 1546 2640 cantibus,
1606 2586 1857 2649 quorum
1913 2568 2237 2648 primordia
2293 2567 2628 2638 subnotavi,
2686 2567 2803 2631 Ibis

220 2674 501 2755 Libyrnis
545 2675 700 2758 inter
729 2672 859 2741 ‚alta
905 2674 1167 2744 navium,
1226 2672 1442 2734 Beatus
1483 2669 1582 2732 ille
1627 2671 1729 2751 qui
1772 2669 1982 2750 procul
2028 2671 2305 2752 negotiis,
2352 2671 2619 2732 Parentis
2662 2669 2802 2731 olim

215 2779 404 2858 siquis
457 2777 637 2856 impia
690 2792 900 2845 manu,
958 2775 1139 2854 Lupis
1195 2783 1254 2836 et
1310 2775 1478 2852 agnis
1531 2780 1747 2854 quanta
1802 2773 2009 2834 sortito
2068 2774 2305 2852 optigit,
2359 2773 2433 2833 At
2476 2792 2511 2834 o
2556 2772 2803 2834 deorum

219 2879 504 2962 quicquid
559 2879 623 2938 in
678 2877 841 2938 caelo
898 2879 1076 2956 regit,
1136 2877 1288 2949 Quid
1345 2877 1692 2937 inmerentis
1746 2874 2008 2954 hospites
2064 2893 2237 2936 vexas
2294 2875 2485 2945 caniS,
2553 2874 2803 2956 Quoquo

221 2981 462 3044 scelesti
505 2981 678 3042 ruitis
722 2986 822 3042 aut
863 2997 970 3040 cur
1015 2979 1299 3049 dexteris,
1345 2979 1578 3056 Rogare
1620 2977 1800 3057 longo
1844 2976 2107 3057 putidam
2139 2985 2197 3037 te
2241 2974 2507 3046 saeculo,
2554 2974 2803 3047 Quando
2830 2991 2879 3034 ιε

219 3085 544 3165 sepositum
589 3081 914 3143 caecubum
947 3081 1021 3144 ad
1053 3081 1234 3142 festas
1278 3079 1492 3158 dapeS,
1540 3079 1690 3142 Mala
1735 3078 1924 3140 soluta
1968 3080 2132 3141 navis
2178 3080 2297 3139 exit
2339 3075 2497 3138 alite.

391 3185 606 3258 Quinta
661 3184 888 3248 decima
945 3184 1058 3245 ode
1113 3181 1338 3243 dicolos
1381 3189 1472 3244 est
1513 3181 1809 3243 distroi'oS.
1900 3199 2033 3242 nam
2080 3182 2246 3258 prior
2288 3196 2493 3240 versus
2538 3181 2805 3240 trimeter

219 3287 515 3351 iambicus
556 3296 671 3361 est,
727 3285 1022 3350 secundus
1065 3303 1203 3347 vero
1248 3291 1478 3346 constat
1520 3303 1592 3344 ex
1649 3283 2119 3363 penthemimere
2162 3281 2405 3344 heroico
2448 3289 2508 3342 et
2551 3279 2805 3342 dimetro

217 3391 506 3462 iambico;
565 3407 820 3470 ususque
877 3395 966 3450 est
1019 3388 1132 3450 hac
1185 3389 1362 3449 metri
1420 3388 1849 3466 compositione
1906 3403 2025 3446 uno
2089 3391 2315 3448 tantum
2374 3391 2581 3454 cantu,
2640 3384 2805 3444 cuius

217 3511 428 3556 versus
473 3493 764 3572 ascriptus
809 3498 926 3562 est,
971 3491 1138 3553 Pecti
1181 3488 1327 3551 nihil
1371 3507 1467 3550 me
1511 3490 1663 3552 sicut
1705 3495 1877 3550 antea
1921 3489 2095 3550 iuvat.
2830 3501 2880 3545 ao

394 3597 574 3658 Sexta
630 3594 859 3656 decima
916 3593 1028 3657 ode
1090 3591 1315 3654 dicolos
1361 3599 1452 3653 est
1495 3591 1789 3652 distrofos.
1877 3591 2043 3671 prior
2088 3590 2241 3651 enim
2288 3607 2491 3652 versus
2534 3587 2809 3650 heroicus

218 3699 520 3762 invenitur
538 3745 555 3769 ,
620 3696 914 3759 secundus
978 3713 1118 3757 vero
1185 3701 1415 3756 constat
1471 3711 1542 3754 ex
1597 3692 1851 3754 dimetro
1906 3691 2159 3753 iambico
2220 3700 2279 3753 et
2340 3689 2807 3772 penthemimere

220 3802 496 3871 heroico;
557 3817 818 3878 ususque
873 3803 964 3860 est
1017 3797 1128 3858 hac
1189 3797 1365 3858 metri
1419 3795 1842 3873 compositione
1896 3813 2015 3856 uno
2085 3801 2308 3856 tantum
2377 3799 2591 3862 cantu,
2644 3791 2809 3852 cuius

221 3903 585 3984 principium
628 3900 966 3972 subnotavi,
1018 3898 1028 3982 Ι
1068 3898 1320 3961 Horrida
1365 3903 1682 3978 tempestas
1728 3894 1952 3958 caelum
2000 3896 2292 3958 contraxit
2335 3901 2395 3956 et
2436 3892 2675 3956 imbres.

393 4005 658 4088 Septima
701 4002 928 4066 decima
973 4003 1084 4064 ode
1129 4000 1353 4062 dicolos
1398 4007 1487 4060 est
1530 3997 1825 4060 distrofos.
1888 4016 2025 4061 nam
2070 3998 2235 4077 prior
2280 4014 2483 4058 versus
2525 3995 2802 4057 heroicus
2828 4013 2879 4058 π

224 4115 334 4180 est,
395 4105 694 4170 secundus
747 4123 889 4167 vero
942 4103 1233 4166 iambicus
1298 4101 1548 4163 dimeter
1612 4101 1940 4171 invenitur3
2008 4117 2265 4180 ususque
2321 4107 2412 4160 est
2465 4097 2575 4159 hac
2632 4098 2809 4159 metri

357 4429 394 4483 3
445 4429 644 4482 :eberis
677 4428 908 4479 arborem
947 4427 1161 4478 cludelis
1302 4426 1334 4476 7
1373 4433 1422 4476 et
1457 4423 1717 4476 dibracehi
1766 4422 2067 4487 coniuncto,
2106 4437 2235 4488 quae
2273 4421 2338 4472 ab
2371 4419 2463 4471 noc
2497 4422 2607 4471 loco
2641 4421 2811 4471 aliena

227 4509 362 4565 sumt,
393 4501 468 4551 ad
501 4501 830 4564 definitionem
876 4499 1096 4549 decimae
1137 4496 1268 4548 odae
1301 4499 1558 4560 pertinere
1607 4495 1853 4558 videntur,
1889 4500 1944 4543 ut
1984 4493 2054 4544 ibi
2088 4508 2188 4557 pro
2216 4498 2265 4542 et
2304 4489 2561 4558 pyrrichio
2584 4490 2707 4553 470,
2740 4489 2809 4541 35

221 4575 460 4638 soripm
485 4571 648 4635 fuerit
681 4578 732 4620 et
766 4568 1010 4634 dibrachy
1046 4569 1312 4619 coniuncto
1451 4567 1486 4619 9
1519 4566 1805 4630 asscriptus
1943 4561 2012 4615 16
2051 4562 2461 4630 penthimimercs
2601 4562 2666 4615 17
2706 4575 2808 4611 uno

223 4653 390 4696 tamen
427 4647 580 4692 cantu
719 4640 996 4705 asscriptus
1137 4637 1202 4689 18
1236 4637 1450 4687 sedeunt
1587 4633 1655 4685 20
1691 4635 1907 4685 dimetro
1946 4634 2201 4684 inuenitur
2340 4631 2407 4684 23
2459 4631 2656 4683 sortitio

223 4716 287 4765 24
320 4709 476 4779 regit]
522 4711 656 4778 seuit
796 4724 996 4775 quoquo
1027 4707 1264 4759 caelestis
1294 4708 1413 4758 uitis
1552 4705 1618 4757 25
1666 4703 1921 4756 dexsteris
2060 4703 2127 4754 28
2164 4711 2241 4752 est
2270 4711 2389 4767 post
2425 4702 2673 4754 iambicus
2710 4717 2801 4756 om.

358 4782 815 4850 penthimimenere
923 4779 993 4832 30
1029 4779 1306 4843 asscriptus
1421 4777 1588 4827 iubeat
1730 4775 1803 4826 32
1836 4771 2221 4839 penthimimere
2257 4773 2465 4827 heroica
2601 4773 2668 4824 33
2704 4785 2803 4823 uno

229 4867 390 4904 tamen
423 4867 516 4903 080
523 4859 575 4902 tu
