3434 5442
1703 1167 2225 1272 [SERGII]

1170 1359 1894 1458 nxmlvfflfflwm
1946 1360 2031 1454 ΙΝ
2086 1359 2387 1456 All'l'llM
2439 1359 2756 1456 nolim

1620 1564 1686 1638 L
1741 1565 1780 1638 I
1830 1563 1894 1638 B
1948 1563 2015 1638 E
2067 1563 2139 1638 R
2236 1563 2307 1637 Ι.

1758 1823 2161 1833 ——-——————-

2184 1997 2189 2004 .
2922 1967 2965 2008 p.
2992 1956 3063 1997 512
3087 1955 3137 1997 V.

837 2038 1114 2120 Plerique
1170 2045 1316 2105 artis
1369 2045 1790 2122 grammaticae
1843 2042 2064 2105 latores
2115 2047 2179 2105 in
2233 2044 2529 2123 principio
2584 2045 2910 2124 prooemiis
2964 2045 3053 2104 usi
3092 2055 3223 2114 sum,

617 2161 644 2201 s
671 2142 830 2222 quod
885 2142 1178 2223 galeatum
1235 2146 1595 2225 principium
1659 2146 1897 2208 dicitur.
1986 2145 2085 2206 hic
2132 2164 2267 2208 vero
2310 2145 2485 2206 huius
2528 2147 2679 2206 artis
2720 2147 2951 2223 peritus
2991 2143 3062 2206 ab
3100 2149 3224 2226 ipsis

669 2245 936 2327 partibus
988 2247 1278 2308 orationis
1332 2246 1584 2310 docendi
1627 2252 1881 2329 sumpsit
1932 2247 2269 2319 exordium,
2325 2265 2401 2308 ne
2444 2246 2611 2309 rudis
2654 2245 2847 2308 adhuc
2890 2246 3223 2311 studentium

673 2365 884 2410 sensus
927 2354 1225 2429 tamquam
1268 2351 1575 2411 inmensae
1621 2349 1801 2413 silvae
1844 2347 2299 2432 perplexitatem
2342 2349 2689 2428 ingrediens
2730 2351 3017 2412 versutias
3058 2348 3225 2412 callidi

670 2452 965 2514 sermonis
1005 2451 1512 2531 perhorresceret.
1585 2450 1683 2513 hic
1729 2456 1886 2514 enim
1932 2453 2192 2515 Donatus
2234 2454 2299 2514 V.
2347 2452 2408 2514 C.
2455 2452 2525 2514 D.
2571 2449 2973 2531 Vergilianum
3016 2470 3225 2514 carmen

670 2552 760 2613 vel
815 2552 1058 2622 Terenti
1113 2553 1449 2615 comoedias
1504 2554 1753 2616 mirifice
1805 2556 2241 2616 commentavit.
2330 2553 2592 2616 Scaurus
2634 2571 2777 2616 vero
2842 2553 2984 2616 hinc
3040 2556 3225 2635 coepit,

597 2670 645 2712 ιο
672 2661 690 2688 ‘
709 2673 806 2716 ars
861 2664 952 2718 est
1003 2657 1286 2736 cuiusque
1339 2659 1429 2717 rei
1482 2658 1729 2718 scientia
1783 2675 1892 2718 usu
1946 2655 2038 2717 vel
2102 2656 2419 2718 traditione
2474 2664 2750 2735 suscepta
2768 2661 2807 2730 ³,
2874 2659 3009 2736 quia
3064 2665 3228 2718 artem

670 2757 939 2820 doctrina
1005 2756 1096 2819 vel
1160 2777 1274 2821 usu
1337 2757 1636 2821 cotidiano
1701 2761 2082 2839 percipimus·
2174 2777 2310 2821 cum
2366 2761 2526 2820 enim
2581 2757 2862 2820 docemus
2882 2805 2901 2830 ,
2958 2758 3227 2820 discimus.

669 2860 966 2944 frequenti
1009 2863 1169 2922 enim
1211 2860 1598 2924 meditatione
1639 2859 1740 2922 illa
1786 2879 1937 2940 quae
1981 2859 2297 2923 didicimus
2325 2843 2733 2932 observamus„
2778 2863 2956 2922 sicuti
2984 2861 3230 2924 Socrates

669 2962 1056 3044 philosophus
1112 2963 1280 3034 dicit,
1339 2968 1526 3044 ‘quae
1583 2967 1739 3026 nosti
1794 2981 2077 3024 conserva
2132 2962 2639 3032 meditationibus,
2697 2981 2849 3043 quae
2892 2971 3089 3026 autem
3128 2981 3227 3024 non

670 3064 927 3127 didicisti
971 3063 1213 3127 adsume
1259 3064 1642 3144 disciplinis'.
1732 3083 1827 3128 ars
1884 3073 2081 3127 autem
2127 3064 2283 3127 dicta
2328 3072 2418 3126 est
2460 3084 2561 3133 eo.
2607 3063 2763 3145 quod
2808 3065 2995 3127 artius
3036 3064 3105 3126 ad
3142 3083 3227 3146 pe·

594 3181 644 3224 ιε
671 3169 868 3230 ritiam
926 3176 1135 3245 urgeat
1186 3167 1628 3246 pertendentes.
1716 3185 1815 3229 ars
1869 3169 2250 3246 grammatica
2304 3170 2623 3248 praecipue
2666 3169 2937 3228 consistit
2976 3169 3039 3228 in
3080 3165 3227 3228 intel·

669 3269 828 3332 lectu
869 3277 1182 3350 poetarum
1227 3275 1286 3330 et
1327 3271 1391 3330 in
1433 3279 1600 3332 recte
1643 3269 1945 3331 scribendi
1988 3268 2343 3349 loquendive
2388 3272 2637 3331 ratione.
2697 3271 3081 3347 grammatica
3118 3261 3229 3330 ἀπὸ

670 3479 720 3536 L
761 3477 948 3536 codex
978 3473 1038 3533 S.
1070 3477 1246 3534 Pauli
1271 3479 1331 3533 in
1361 3479 1506 3535 valle
1534 3477 1859 3536 Levantina
1889 3481 1972 3544 24,
2004 3479 2172 3536 cuius
2198 3479 2425 3553 inteyra
2452 3480 2749 3550 scriptura
2778 3477 3039 3535 exhibita
3066 3483 3159 3534 est.

669 3565 692 3621 1
747 3563 999 3620 eiusdem
1029 3563 1240 3620 codicis
1267 3578 1475 3620 manus
1501 3565 1775 3622 secunda.

669 3649 730 3706 F
765 3649 952 3706 codex
965 3648 1354 3720 Frisinqensis
1376 3652 1463 3714 81,
1495 3651 1597 3721 qui
1622 3654 1898 3706 minorem
1929 3656 2113 3706 artem
2143 3650 2213 3706 de
2235 3655 2358 3706 octo
2385 3649 2651 3722 partibus
2680 3649 2957 3706 orationis
2984 3653 3039 3704 ei
3064 3664 3229 3720 pauca

841 3747 922 3790 ex
951 3733 1177 3805 reliqua
1206 3733 1344 3789 libri
1358 3739 1536 3806 parte
1563 3739 1847 3806 excerpta
1876 3733 2121 3792 exhibet.
2179 3749 2257 3792 ex
2286 3734 2393 3792 hoc
2422 3750 2492 3790 ea
2522 3748 2669 3806 quae
2700 3736 2952 3790 maxime
2981 3748 3228 3790 memora·

839 3819 978 3876 bilia
1008 3818 1349 3875 videbantur
1378 3820 1678 3894 adscripta
1706 3827 1861 3878 sunt.

675 3903 722 3961 S
759 3906 946 3962 codex
973 3903 1366 3961 Berolinensis
1396 3903 1661 3962 Saneenii
1686 3907 1771 3960 66.
1802 3911 1838 3960 4
1851 3949 1867 3972 ,
1898 3906 2001 3978 qui
2026 3906 2303 3962 minorem
2334 3911 2555 3962 tantum
2584 3911 2769 3961 artem
2800 3923 2837 3961 a
2866 3905 3229 3962 Lindemanno

842 4004 922 4047 ex
961 3988 1068 4046 hoc
1107 3990 1301 4046 codice
1343 4007 1395 4046 α.
1429 3993 1565 4045 1820
1605 3991 1815 4048 editam
1844 3991 2108 4048 continet.
2154 3990 2326 4047 huius
2357 3991 2778 4063 discrepantia,
2820 4005 2972 4064 quae
3010 3991 3231 4046 maxime

840 4075 1223 4132 memorabilis
1251 4075 1565 4142 videbatur,
1597 4091 1675 4132 ex
1702 4077 1851 4135 edito
1880 4077 2145 4148 exemplo
2174 4077 2470 4150 adscripta
2500 4081 2599 4132 est.

667 4179 714 4236 p
755 4167 1042 4234 excerpta
1069 4161 1281 4218 codicis
1309 4160 1571 4218 Pari-vini
1600 4159 2117 4236 Sanyermanensis
2148 4163 2281 4217 1180
2308 4163 2370 4217 in
2404 4161 2567 4218 inicio
2595 4161 2729 4218 libri
2744 4162 2931 4234 primi
2956 4161 3208 4218 adhibita.

836 4346 865 4397 1
905 4362 992 4399 nce
1027 4359 1312 4397 rusca-nus
1349 4359 1516 4396 ssnvn
1555 4359 1606 4398 ιιι
1643 4343 1829 4396 Donati
1868 4345 1955 4396 lib.
1992 4347 2042 4397 L
2078 4359 2213 4397 mcxv
2250 4347 2508 4398 munem!
2540 4341 2634 4397 sffit
2672 4360 2723 4396 ιιι
2760 4360 2859 4397 nou
2900 4361 2947 4398 1..
2990 4359 3024 4396 ι.
3048 4361 3087 4408 p

673 4417 706 4467 4
740 4416 988 4484 proemiis
1010 4431 1050 4480 p
1085 4415 1287 4483 primiis
1324 4415 1373 4465 L
1512 4415 1546 4466 5
1582 4415 1832 4483 galiatum
1866 4419 1950 4481 Lp
2092 4417 2123 4466 7
2152 4415 2313 4466 silbae
2348 4415 2398 4465 L
2433 4415 2659 4480 syllabae
2701 4431 2739 4480 ρ
2878 4415 2914 4468 8
2947 4415 3230 4467 seribendu-

673 4487 872 4538 aidetm·
903 4487 982 4537 vel
1016 4487 1082 4536 V.
1122 4485 1244 4548 CL„
1281 4493 1338 4536 at
1369 4485 1534 4537 virum
1568 4485 1911 4538 clarissimum
1942 4487 2194 4538 Donatum
2228 4485 2423 4536 diver-it
2452 4487 2821 4551 armotiam,
2844 4488 2925 4537 vel
2960 4487 3025 4534 V.
3062 4483 3229 4541 P.‚1⁴oe

677 4564 758 4608 eet
791 4557 870 4606 vir
911 4554 1316 4623 perfectissimus
1488 4554 1524 4607 9
1560 4553 1805 4621 Scaurus]
1839 4558 1908 4621 cf.
1938 4557 2098 4608 Diem.
2133 4570 2187 4619 p.
2216 4556 2340 4606 414.
2371 4555 2436 4606 ab
2470 4557 2644 4608 eadem
2668 4555 2787 4620 sere
2809 4558 2941 4609 artie
2976 4555 3227 4620 definiimne

675 4626 1214 4762 ’ἒὲἕῗῗὲἑέεῗωῗ
1240 4625 2568 4764 {timii532⁶:2133'2‘p13322fflgss.mffl
2585 4633 2700 4678 '²⁰¹‘
2726 4629 2783 4744 ,²³3
2810 4628 2995 4748 ’ἑῖῗῗ
3010 4626 3231 4761 {iffi

677 4773 999 4832 grammaton
1035 4773 1112 4816 est
1140 4781 1207 4830 p:
1241 4768 1520 4833 gramatice
1555 4776 1744 4834 apoton
1786 4775 2053 4833 gramaton
2090 4767 2229 4818 dicta
2263 4775 2341 4818 est
2382 4767 2515 4817 unde
2548 4775 2599 4817 et
2632 4767 2829 4817 romani
2874 4782 2907 4817 a
2952 4767 3122 4816 litteris
3148 4778 3221 4830 ap-

679 4834 1001 4900 pellauerunt
1026 4835 1356 4886 litteraturam
1394 4837 1514 4887 item
1548 4839 1940 4903 grammaticum
1975 4836 2303 4888 litteratorem
2327 4845 2577 4902 excerpta
2606 4837 2795 4888 codicis
2824 4837 3145 4902 Fruinoensis
3170 4832 3219 4884 81
