3434 5442
948 342 1346 405 1NsT1TVTA
1382 341 1663 407 ARTIVM
1708 340 2046 405 769—772
2691 344 2811 407 163

314 470 361 511 p.
386 458 481 499 292.
500 456 555 499 0³
583 457 641 503 B.
2375 471 2418 511 p.
2449 458 2628 501 sos-⁹5
2657 457 2712 499 V.

222 530 395 591 modo
434 529 812 591 coniunctivo
854 532 975 591 sive
1006 526 1287 611 iunffctivo
1330 537 1599 608 tempore
1639 531 1938 609 praesenti
1975 531 2097 592 sive
2139 531 2378 592 instanti
2421 532 2656 593 numeri
2695 532 2816 592 sin·

220 631 441 711 guiaris
482 650 621 695 cum
662 630 753 694 vei
790 633 841 693 si
883 631 1127 711 prober,
1174 651 1310 695 cum
1355 630 1445 693 vel
1489 635 1541 693 si
1583 632 1877 713 proberis,
1925 652 2060 695 cum
2103 632 2194 695 vel
2232 634 2284 693 si
2327 632 2648 711 probem-3
2707 651 2816 695 nu·

218 736 367 795 meri
420 733 669 813 pluralis
732 752 869 795 cum
922 733 1011 796 vel
1060 735 1111 801 si
1166 734 1519 812 probemur,
1580 754 1715 797 cum
1771 734 1862 797 vel
1919 737 1970 795 si
2025 735 2389 815 probemini,
2455 754 2592 797 cum
2633 735 2726 797 vel
2767 737 2820 797 si

219 836 581 916 probentur:
650 836 859 897 eodem
905 837 1083 898 modo
1124 843 1395 917 tempore
1446 838 1770 916 praeterito
1813 839 2012 915 specie
2057 838 2404 916 imperfecta
2459 838 2580 898 sive
2623 840 2820 899 minus

222 957 393 1018 quam
432 938 701 1015 perfecta
728 936 828 999 -vel
871 937 1199 1001 inchoativa
1258 941 1493 1001 numeri
1534 938 1852 1017 singularis
1907 956 2043 1000 cum
2082 939 2174 1001 vel
2213 941 2262 1001 si
2303 938 2625 1019 probarer,
2683 956 2819 999 cum
2872 962 2898 999 5

224 1039 305 1101 vei
344 1041 399 1101 si
447 1039 823 1118 probareris,
870 1057 1007 1101 cum
1051 1039 1141 1101 vel
1186 1041 1237 1101 si
1278 1041 1671 1120 probaretur;
1718 1042 1952 1103 numeri
1991 1039 2233 1119 pluralis
2275 1059 2411 1101 cum
2456 1040 2544 1101 vel
2589 1042 2639 1100 si
2679 1057 2820 1119 pro-

222 1142 535 1210 baremur,
584 1160 719 1203 cum
763 1139 854 1202 vel
896 1142 947 1203 si
992 1141 1427 1221 probaremini,
1474 1160 1609 1205 cum
1650 1143 1742 1205 vel
1783 1144 1832 1204 si
1871 1142 2306 1223 probarentur:
2337 1139 2367 1227 ΙΙ
2397 1142 2605 1203 eodem
2643 1141 2822 1203 modo

226 1245 431 1306 eodem
480 1251 753 1322 tempore
794 1244 993 1322 specie
1038 1244 1301 1323 perfecta
1348 1247 1469 1307 sive
1512 1244 1783 1307 absoluta
1828 1246 2064 1307 numeri
2099 1244 2414 1323 singularis
2459 1263 2593 1305 cum
2640 1243 2730 1305 vel
2774 1243 2824 1304 si

228 1345 509 1424 probatus
552 1348 693 1414 sim,
754 1364 889 1405 cum
936 1343 1024 1406 vel
1066 1348 1119 1407 si
1165 1347 1453 1426 probatus
1496 1349 1609 1417 sis,
1666 1365 1802 1409 cum
1846 1346 1938 1409 vel
1987 1348 2039 1407 si
2091 1346 2376 1425 probatus
2419 1348 2524 1415 sit;
2588 1346 2824 1407 numeri

226 1447 469 1527 pluralis
538 1465 673 1509 cum
724 1446 813 1507 vel
854 1449 905 1509 si
946 1447 1185 1526 probati
1242 1451 1455 1519 simus,
1523 1468 1659 1510 cum
1716 1449 1806 1511 vel
1850 1450 1902 1511 si
1956 1448 2193 1527 probati
2245 1449 2401 1517 sitia,
2465 1464 2598 1509 cum
2645 1444 2733 1507 vel
2773 1448 2825 1507 si
2853 1467 2902 1508 ιο

230 1548 461 1627 probati
504 1550 657 1617 sint;
704 1555 765 1610 et
802 1548 1087 1611 ulteriore
1131 1550 1393 1629 perfecta
1436 1553 1559 1613 sive
1604 1550 1873 1613 absoluta
1919 1552 2154 1612 numeri
2198 1549 2514 1627 singularis
2557 1566 2692 1609 cum
2735 1546 2826 1609 vel

230 1653 275 1711 si
314 1650 609 1730 probatus
647 1650 883 1721 fuerim,
928 1669 1065 1712 cum
1104 1652 1195 1713 vel
1226 1655 1277 1714 si
1322 1652 1611 1731 probatus
1648 1651 1856 1722 fueris,
1903 1670 2040 1713 cum
2080 1651 2172 1713 vel
2197 1653 2246 1712 si
2284 1650 2570 1730 probatus
2613 1650 2824 1718 fuerin

232 1754 463 1819 numeri,
512 1749 761 1830 pluralis
816 1771 955 1813 cum
994 1752 1085 1815 vel
1130 1756 1183 1813 si
1225 1754 1457 1834 probati
1503 1755 1820 1823 fuerimus,
1877 1772 2015 1815 cum
2061 1752 2150 1816 vel
2197 1754 2247 1815 si
2289 1751 2522 1831 probati
2579 1751 2825 1820 fueritis,

234 1874 361 1917 cum
394 1853 488 1917 vei
526 1855 581 1915 si
616 1852 851 1932 probati
895 1855 1153 1917 fuerint:
1203 1856 1411 1917 eodem
1456 1858 1633 1918 modo
1674 1856 1884 1917 eodem
1927 1864 2196 1934 tempore
2239 1856 2440 1934 specie
2485 1852 2830 1932 plusquam·

236 1958 485 2035 perfecta
532 1956 653 2015 sire
700 1956 1065 2018 recordativa
1110 1956 1199 2019 vel
1246 1964 1449 2021 exacta
1490 1959 1732 2021 numeri
1773 1957 2088 2035 singularis
2133 1975 2269 2019 cum
2313 1956 2404 2017 vel
2445 1956 2496 2017 si
2540 1953 2826 2033 probatus
2853 1976 2904 2019 15

236 2078 439 2128 essem,
483 2076 623 2119 cum
670 2058 759 2117 vei
804 2060 855 2119 si
896 2058 1183 2137 probatus
1222 2078 1401 2130 esses,
1448 2079 1585 2121 cum
1628 2059 1723 2121 vel
1763 2062 1812 2120 si
1857 2058 2142 2139 probatus
2181 2066 2366 2128 esset;
2420 2058 2656 2119 numeri
2698 2055 2828 2136 plu-

240 2161 369 2223 raiis
422 2178 561 2221 cum
609 2158 699 2219 vel
744 2160 795 2219 si
840 2159 1075 2239 probati
1118 2179 1415 2231 essemus».
1472 2180 1609 2223 cum
1652 2162 1741 2224 vel
1793 2164 1842 2224 si
1895 2162 2130 2241 probati
2173 2162 2409 2230 essetis,
2471 2176 2608 2221 cum
2653 2156 2743 2220 vel
2779 2158 2830 2217 si

244 2262 459 2343 probati
503 2270 733 2331 essent;
804 2270 865 2323 et
906 2261 1188 2325 ulteriore
1230 2258 1810 2343 plusquamperfecta
1875 2266 1996 2325 sive
2054 2262 2420 2323 recordativa
2481 2258 2570 2323 vel
2626 2266 2830 2321 exacta

244 2366 461 2427 numeri
505 2362 825 2440 singularis
866 2382 1001 2425 cum
1037 2363 1129 2425 vel
1166 2366 1215 2427 si
1256 2366 1543 2444 probatus
1586 2364 1846 2435 fuissem,
1890 2384 2024 2427 cum
2056 2363 2147 2426 vel
2177 2365 2226 2425 si
2269 2362 2554 2442 probatus
2597 2362 2828 2430 fuisses,

246 2486 367 2529 cum
402 2466 495 2527 vel
534 2467 585 2525 si
630 2464 919 2544 probatus
966 2466 1199 2535 fuisset3
1245 2468 1481 2529 numeri
1522 2466 1769 2547 pluralis
1813 2486 1948 2528 cum
1991 2465 2081 2527 vel
2119 2467 2168 2527 si
2213 2464 2448 2544 probati
2491 2465 2826 2532 fuissemus,
2855 2484 2908 2525 πο

246 2588 367 2632 cum
422 2565 511 2629 vel
568 2569 621 2627 si
676 2567 909 2645 probati
962 2568 1250 2637 fuissetis,
1312 2586 1446 2631 cum
1503 2567 1595 2629 vel
1650 2570 1699 2629 si
1749 2569 1990 2649 'probati
2046 2569 2323 2630 fuissent:
2391 2566 2599 2627 eodem
2653 2566 2830 2627 modo

246 2682 495 2751 tempore
550 2670 757 2730 futuro
820 2671 1056 2731 numeri
1114 2669 1427 2749 singularis
1492 2689 1625 2732 cum
1677 2670 1771 2733 vel
1826 2673 1877 2732 si
1931 2668 2218 2749 probatus
2269 2686 2404 2740 ero,
2463 2686 2598 2729 cum
2643 2666 2734 2729 vei
2781 2668 2832 2727 si

248 2772 515 2851 probatus
560 2772 697 2839 eris,
745 2790 883 2833 cum
914 2770 1005 2834 vel
1042 2772 1093 2833 si
1135 2771 1424 2850 probatus
1456 2775 1595 2841 erit3
1644 2776 1880 2835 numeri
1923 2771 2166 2850 pluralis
2211 2789 2346 2833 cum
2377 2768 2468 2831 vel
2505 2771 2554 2829 si
2595 2767 2833 2847 probati

248 2878 479 2944 erimus,
530 2892 670 2935 cum
719 2873 811 2935 vel
854 2876 905 2934 si
948 2873 1182 2952 probati
1226 2876 1419 2943 eritis,
1476 2893 1610 2935 cum
1660 2873 1751 2935 vel
1803 2876 1852 2935 si
1903 2873 2139 2952 probati
2183 2874 2370 2941 erint;
2443 2878 2503 2931 et
2548 2869 2832 2931 ulteriore

250 2976 431 3039 futuro
474 2976 717 3037 numeri
758 2975 1073 3053 singularis
1127 2994 1265 3038 cum
1310 2974 1401 3037 vel
1444 2977 1492 3035 si
1537 2975 1824 3055 probatus
1869 2977 2068 3046 fuero,
2123 2992 2256 3035 cum
2309 2972 2403 3035 vel
2447 2974 2497 3033 si
2541 2970 2830 3049 probatus
2857 2992 2908 3033 25

249 3082 431 3150 fueris,
474 3098 613 3141 cum
656 3077 747 3143 vel
790 3080 840 3138 si
884 3076 1170 3157 probatus
1204 3078 1416 3146 fuerin
1464 3079 1699 3138 numeri
1743 3075 1987 3157 pluralis
2028 3094 2162 3138 cum
2207 3073 2297 3135 vel
2335 3076 2388 3133 si
2426 3072 2661 3151 probati
2705 3071 2830 3134 fue·

252 3184 436 3252 rimus,
484 3200 625 3243 cum
659 3180 751 3243 vel
792 3182 843 3241 si
884 3178 1121 3258 probati
1166 3180 1413 3250 factitia,
1462 3197 1599 3239 cum
1644 3176 1736 3239 vel
1767 3180 1816 3239 si
1859 3176 2093 3257 probati
2135 3178 2378 3239 fuerint.
2467 3192 2609 3237 sane
2655 3176 2830 3235 etiam

252 3284 349 3347 hoc
386 3302 733 3352 monemus,
786 3281 945 3362 quod
1002 3282 1239 3358 generis
1282 3282 1501 3359 passivi
1554 3280 1673 3341 sive
1731 3280 2079 3359 deponentis
2125 3278 2216 3341 vel
2275 3278 2606 3339 communis
2650 3274 2832 3337 verba

250 3387 475 3449 modum
514 3383 957 3465 inpersonalem
996 3381 1086 3445 vel
1134 3383 1385 3460 gerundi
1428 3382 1549 3444 sive
1580 3400 1795 3443 nomen
1832 3380 1924 3442 vel
1965 3380 2418 3461 appellationem
2463 3379 2534 3440 ad
2580 3378 2830 3439 formam

252 3490 471 3565 generis
522 3489 696 3551 activi
736 3488 858 3548 sive
911 3484 1199 3549 neutraiis
1248 3482 1339 3547 vel
1383 3483 1697 3545 inchoativi
1739 3501 1851 3545 nec
1903 3501 2024 3544 non
2081 3491 2139 3544 et
2188 3480 2602 3562 frequentativi
2657 3496 2830 3557 repe·
2859 3498 2910 3539 ao

254 3592 463 3653 riantur
512 3588 836 3653 declinare.
927 3595 1195 3665 tempora
1252 3586 1695 3665 participiorum
1747 3585 2064 3647 trahuntur
2107 3604 2142 3646 a
2181 3583 2362 3647 verbo
2411 3582 2644 3663 passivo
2691 3580 2830 3650 duo,

257 3690 645 3773 praelteritum
684 3690 989 3770 probatus,
1036 3690 1299 3750 futurum
1340 3687 1703 3767 probandus.

406 3795 565 3857 Sane
605 3793 725 3855 hoc
758 3809 1087 3861 monemus,
1134 3789 1289 3870 quod
1336 3808 1407 3850 ex
1438 3788 1551 3850 bac
1593 3791 1786 3868 prima
1827 3790 2240 3868 coniugatione
2277 3789 2396 3849 sint
2437 3786 2584 3848 haec
2621 3804 2834 3848 novem

260 3895 433 3966 rerba,
476 3895 539 3957 id
568 3901 661 3957 est
696 3902 789 3955 sto
824 3896 981 3955 insto
1017 3899 1177 3955 resto
1222 3898 1460 3971 praesto
1496 3899 1701 3952 consto
1743 3892 1910 3952 adsto
1953 3890 2124 3951 obsto
2155 3898 2290 3951 exto
2319 3889 2416 3959 do,
2457 3906 2610 3969 quae
2637 3888 2836 3965 specie

264 3998 497 4074 perfecta
544 4003 795 4076 propter
836 3998 1102 4072 integros
1144 4011 1323 4055 sonos
1364 3993 1439 4054 ad
1476 3992 1633 4053 hanc
1669 3992 1918 4053 formam
1971 3991 2225 4053 debeant
2268 3990 2583 4058 declinari,
2638 3988 2696 4048 id
2745 3993 2835 4049 est
2857 4005 2910 4047 aa

266 4101 379 4161 steti
415 4100 595 4161 institi
638 4099 829 4159 restiti
857 4094 886 4181 ΙΙ
916 4098 1183 4176 praestiti
1229 4096 1463 4157 constiti
1518 4094 1720 4155 adstiti
1773 4092 1974 4154 obstiti
2033 4094 2195 4155 extiti
2241 4092 2406 4155 dedi:
2471 4091 2562 4151 sic
2613 4096 2672 4150 et
2723 4105 2834 4166 per

270 4208 467 4263 ceteras
496 4218 617 4273 ree,
662 4218 811 4279 quas
850 4206 1067 4277 regunt
1108 4199 1339 4276 species
1380 4197 1702 4276 perfectae,
1751 4194 1826 4257 ad
1869 4213 2049 4274 supra
2094 4195 2312 4256 dictam
2355 4192 2606 4255 formam
2653 4207 2834 4269 supra

274 4300 403 4363 «licta
442 4302 619 4365 verba
654 4300 912 4363 debeant
958 4299 1260 4362 declinari.
1348 4316 1509 4361 nunc
1556 4315 1703 4376 quas
1743 4315 1842 4359 res
1885 4297 2116 4375 species
2157 4296 2457 4375 perfectae
2499 4299 2712 4371 regant
2747 4291 2838 4352 vel

278 4418 307 4461 a
336 4404 530 4481 quibus
582 4403 767 4465 rebus
808 4404 969 4484 ipsae
1012 4402 1243 4481 species
1286 4401 1587 4480 perfectae
1629 4406 1946 4478 regantur,
1995 4418 2106 4459 suo
2153 4400 2214 4458 in
2255 4396 2390 4457 loco
2449 4400 2838 4473 conpetenter

281 4506 655 4574 enotabimus„
730 4506 871 4565 item
926 4523 998 4565 ex
1042 4503 1155 4563 hac
1208 4503 1399 4582 prima
1440 4502 1884 4579 -coniugatione
1951 4507 2090 4563 sunt
2153 4498 2349 4579 aliqua
2405 4495 2614 4567 verba,
2681 4515 2836 4577 quae
2862 4514 2916 4555 4ο

310 4821 321 4831 η
392 4752 581 4872 33Β1ιέο
614 4768 711 4804 om.
756 4750 821 4813 R,
856 4750 977 4801 add.
1019 4751 1069 4800 B
1261 4748 1328 4801 37
1371 4764 1453 4800 res
1486 4764 1579 4799 om.
1622 4748 1685 4813 R,
1725 4748 1848 4799 add.
1883 4764 1942 4799 νυ
2113 4746 2184 4799 40
2219 4746 2546 4797 tractabimus
2583 4758 2616 4795 r
2650 4751 2839 4794 tracta-

280 4835 421 4871 nimus

2299 4902 2429 4963 11*
