3434 5442
36 5374 329 5408 Akaeh.

562 303 643 362 70
1745 301 1974 366 PROBI

664 432 710 472 p.
740 417 914 458 ns-sn
948 417 1003 460 a.
2727 429 2772 470 p.
2799 417 2964 458 mm
2995 416 3048 456 v.

561 496 705 570 puta
768 489 865 552 hio
922 496 978 580 et
1024 488 1171 550 haec
1216 496 1276 550 et
1326 488 1443 550 hoc
1502 486 1695 550 audax
1750 487 1926 550 huius
1979 487 2221 550 audacis
2275 487 2390 550 hoo
2445 488 2902 550 audacissimum
2959 489 3156 550 faeere

562 591 791 655 debeat.

734 695 890 756 Sane
926 693 1044 754 hoo
1091 710 1419 764 monemus,
1462 699 1526 752 ut
1571 712 1643 754 ex
1672 692 1764 754 his
1809 699 2034 770 septem
2078 709 2260 772 supra
2306 692 2476 754 dictis
2515 693 2524 772 Ι
2563 690 2786 754 sollicet
2827 691 3051 760 formis,
3099 691 3156 752 id

563 803 653 858 est
696 815 767 857 ex
810 797 867 856 ix
914 814 985 855 ox
1034 813 1141 856 ans
1182 813 1289 856 ons
1338 813 1435 855 ers
1464 803 1600 866 ors1
1628 811 2038 874 quaecumque
2079 794 2315 854 nomina
2361 795 2790 871 comparativos
2828 793 2929 854 vel.
2945 811 3156 872 super·

510 924 537 964 s
562 899 766 960 lativos
808 897 1027 1002 gradus
1071 916 1141 958 ex
1184 915 1249 958 se
1292 897 1489 958 facere
1532 902 2042 976 possunt‚„supra
2087 896 2277 958 dictae
2321 897 2578 964 formae,
2635 912 2752 973 qua
2795 896 3052 956 diximus
3097 897 3156 956 in

562 1002 811 1080 positivo
856 999 1043 1078 gradu
1102 999 1457 1060 nominativo
1502 1017 1641 1060 casu
1706 998 1937 1060 numeri
1981 997 2294 1076 singularis
2349 999 2588 1058 nomina
2635 1017 2708 1059 ax
2753 997 2966 1058 litteris
3012 996 3157 1058 defi·

564 1103 695 1172 niri,
743 1101 1112 1179 disciplinam
1152 1110 1495 1181 sequantur,
1545 1107 1609 1161 ut
1639 1107 1778 1179 puta
1811 1099 2060 1180 simplex
2102 1097 2238 1162 felix
2286 1097 2449 1160 velox
2491 1116 2696 1162 amans
2723 1101 2962 1177 sapiens
2999 1100 3162 1160 iners

562 1221 787 1266 vecors.
877 1205 963 1264 sio
1002 1209 1060 1264 et
1104 1209 1299 1266 cetera
1343 1201 1479 1264 talia
1537 1203 1807 1272 nomina,
1869 1220 2022 1281 quae
2075 1221 2146 1264 ex
2203 1201 2390 1264 isdem
2429 1219 2614 1280 supra
2659 1201 2896 1280 scriptis
2949 1201 3160 1262 formis

566 1309 765 1368 venire
820 1304 1236 1382 intelleguntur
1296 1315 1355 1365 et
1399 1305 1827 1383 comparatis-os
1871 1302 1961 1365 vel
2005 1303 2392 1382 superlativus
2449 1304 2668 1381 gradus
2717 1321 2789 1366 ex
2835 1322 2902 1365 se
2957 1304 3160 1364 facere

488 1429 541 1471 ιο
566 1415 844 1488 possunt,
908 1413 975 1468 ut
1030 1423 1211 1486 supra
1268 1406 1551 1476 dixImuS,
1616 1423 1798 1488 supra
1857 1405 2046 1467 diotae
2102 1404 2330 1466 formae
2389 1399 2756 1484 disciplinam
2811 1413 3155 1484 sequantur.

565 1527 726 1570 nune
766 1509 1041 1590 quoniam
1090 1525 1263 1588 quem
1304 1508 1377 1569 ad
1417 1507 1657 1568 modum
1702 1525 1882 1585 supra
1927 1506 2220 1572 dictarum
2265 1507 2590 1571 formarum
2639 1509 2878 1568 nomina
2919 1523 3161 1586 compa·
3251 1550 3274 1569 .

562 1613 783 1673 rativos
842 1610 933 1672 vel
974 1608 1360 1688 superlativus
1412 1610 1632 1688 gradus
1692 1629 1760 1670 ex
1786 1625 1881 1670 ‘se
1937 1609 2132 1670 facere
2185 1617 2434 1688 possunt
2485 1609 3044 1680 demonstravimus,
3103 1616 3164 1670 et

562 1713 699 1775 ideo
742 1714 857 1774 iam
902 1717 1047 1793 quot
1096 1731 1167 1773 ex
1210 1711 1397 1772 Isdem
1448 1710 1695 1790 singulis
1742 1712 1946 1772 formis
2003 1710 2132 1773 soni
2193 1710 2458 1772 exhiberi
2507 1712 2734 1790 possint
2791 1729 3159 1774 moneamus

566 1834 638 1877 ex
680 1815 871 1876 forma
924 1815 1161 1891 generis
1212 1813 1435 1876 scilicet
1486 1814 1708 1884 omniS,
1767 1832 1882 1893 qua
1935 1815 1997 1874 in
2053 1813 2301 1891 positivo
2356 1811 2548 1890 gradu
2605 1813 2961 1874 nominativo
3017 1832 3164 1874 casu

491 1941 539 1980 ιε
568 1917 801 1978 numeri
846 1915 1161 1995 singularis
1200 1918 1434 1978 nomina
1478 1935 1548 1976 ax
1592 1915 1803 1976 litteris
1847 1915 2234 1985 deliniuntur,
2276 1914 2392 1975 hoe
2435 1931 2775 1988 monemus,
2821 1915 2980 1994 quoti
3028 1914 3164 1994 plus

565 2037 741 2097 quam
780 2017 963 2082 XXIII
1016 2019 1174 2090 soni,
1219 2018 1335 2080 hoc
1377 2025 1464 2080 est
1510 2037 1685 2098 quam
1733 2019 1930 2098 vIginti
1976 2018 2084 2078 tria
2131 2017 2398 2086 nomina,
2448 2015 2717 2077 exhiberi
2751 2034 2872 2078 non
2911 2017 3160 2094 possint.

567 2139 639 2182 ex
694 2123 883 2184 forma
940 2119 1176 2198 generis
1230 2119 1456 2180 scilicet
1506 2121 1731 2190 omniS,
1791 2138 1904 2198 qua
1963 2115 2022 2180 iri
2068 2119 2314 2197 positivo
2361 2117 2554 2196 gradu
2607 2119 2966 2180 nominativo
3019 2137 3164 2190 essu

568 2225 801 2285 numeri
846 2221 1159 2302 singularis
1202 2224 1442 2282 nomina
1487 2241 1558 2304 ex
1601 2221 1812 2284 litteris
1857 2221 2234 2289 definiuntur,
2282 2220 2397 2281 hoo
2435 2237 2776 2291 monemus,
2823 2221 2981 2299 quod
3026 2220 3164 2300 plus

567 2344 741 2404 quam
782 2323 967 2386 xxm
1000 2325 1239 2384 nomina
1278 2323 1545 2385 exhiberi
1587 2341 1704 2384 non
1741 2325 1986 2402 possint.
2077 2341 2150 2384 ex
2187 2322 2380 2384 forma
2415 2324 2652 2401 generis
2689 2319 2911 2384 scillcet
2947 2323 3161 2392 omnis,

490 2447 545 2489 2⁰
572 2445 687 2507 qua
731 2427 789 2487 in
836 2427 1085 2506 positivo
1126 2425 1313 2503 gradu
1351 2425 1706 2486 nominativo
1755 2443 1892 2486 casu
1939 2426 2170 2486 numeri
2213 2423 2532 2501 singularis
2574 2425 2810 2492 nomIna
2847 2426 2908 2484 ix
2949 2423 3166 2486 litteris

566 2528 946 2597 definiuntur,
996 2525 1111 2588 hoc
1152 2545 1493 2596 monemus,
1538 2528 1697 2608 quod
1745 2525 1878 2606 plus
1921 2545 2095 2606 quam
2139 2525 2194 2589 11
2238 2528 2395 2596 soni,
2451 2526 2565 2588 hoe
2609 2535 2698 2587 est
2741 2544 2918 2606 quam
2961 2525 3014 2588 II
3053 2545 3166 2586 no·

569 2633 743 2698 mina,
791 2629 1059 2692 exhiberi
1109 2647 1229 2689 non
1268 2631 1515 2708 possint.
1606 2647 1675 2690 ex
1723 2630 1914 2691 forma
1945 2628 2167 2690 scilicet
2212 2629 2404 2690 omnis
2437 2629 2690 2706 generis,
2738 2647 2852 2707 qus
2893 2629 2951 2689 in
3001 2629 3164 2707 posi·

568 2733 683 2793 tivo
714 2731 905 2811 gradu
950 2733 1310 2794 nominativo
1342 2749 1482 2792 casu
1514 2732 1748 2792 numeri
1781 2731 2096 2812 singularis
2135 2731 2370 2792 nomina
2415 2749 2490 2791 ox
2533 2729 2742 2790 litteris
2779 2730 3164 2810 definiuntur,

568 2834 683 2895 hoc
726 2851 1065 2903 monemus,
1125 2834 1283 2912 quod
1330 2833 1462 2913 plus
1508 2851 1681 2913 quam
1718 2833 1873 2896 VIIII
1915 2834 2078 2904 soni,
2137 2833 2254 2893 hoc
2299 2839 2387 2894 est
2425 2851 2602 2913 quam
2643 2849 2856 2894 novem
2901 2834 3164 2902 nomina.

490 2955 543 2996 πε
570 2935 837 2998 exhiberi
896 2953 1015 2996 non
1062 2936 1307 3015 possim..
1397 2954 1469 2997 ex
1510 2936 1699 2996 forma
1757 2934 1982 2996 scilicet
2033 2935 2274 3012 generis
2325 2936 2544 3002 omnis,
2617 2953 2732 3013 qua
2795 2936 2856 2994 in
2912 2935 3166 3013 positivo

568 3038 758 3116 gradu
803 3037 1156 3099 nominativo
1214 3056 1353 3099 casu
1412 3039 1646 3100 numeri
1698 3036 2016 3114 singularis
2071 3037 2308 3099 nomina
2353 3055 2460 3098 ans
2513 3036 2724 3098 litteris
2777 3035 3163 3106 definiuntur,

568 3140 683 3202 hoo
728 3157 1057 3209 monemuS,
1106 3141 1265 3218 quod
1308 3159 1379 3201 eo
1422 3139 1625 3219 plures
1668 3140 1831 3209 soni,
1887 3139 2004 3200 hoo
2061 3145 2148 3199 est
2195 3158 2266 3200 eo
2310 3138 2564 3219 plurima
2609 3139 2876 3208 nomina,
2935 3138 3170 3217 possim.

568 3242 853 3304 exhiberi.
942 3260 1013 3303 ex
1062 3242 1251 3303 forma
1293 3243 1529 3319 generis
1570 3239 1794 3302 seIlioet
1835 3241 2054 3327 omniS,
2111 3260 2228 3320 qua
2265 3241 2324 3302 ln
2365 3240 2614 3320 positivo
2659 3239 2850 3317 gradu
2891 3240 3168 3302 nomina-

566 3345 683 3405 tivo
712 3341 739 3426 ΙΙ
772 3363 911 3406 casu
954 3345 1191 3408 numeri
1232 3342 1545 3421 singularis
1575 3344 1812 3404 nomina
1857 3359 1964 3403 ens
2008 3341 2214 3405 litteris
2251 3342 2630 3412 definiuntur,
2671 3341 2787 3405 hoo
2829 3359 3166 3412 monemus,

491 3463 545 3506 ao
572 3447 733 3527 quod
776 3466 847 3508 eo
900 3447 1099 3525 plures
1146 3447 1305 3515 soni,
1365 3445 1479 3506 hoc
1526 3453 1614 3506 est
1670 3464 1741 3506 eo
1787 3445 2035 3523 plurima
2095 3431 2367 3513 n'omina,
2431 3446 2660 3523 possint
2711 3442 2998 3506 exhiberi.
3087 3463 3164 3506 ex

567 3547 758 3609 forma
804 3547 1027 3608 seilicet
1066 3549 1302 3626 generis
1332 3547 1541 3616 omnis,
1588 3565 1703 3627 qua
1741 3547 1803 3606 in
1833 3548 2082 3624 positivo
2123 3545 2312 3624 gradu
2359 3546 2714 3608 nominatim
2750 3563 2892 3608 casu
2925 3535 3202 3610 numeri*

570 3648 883 3726 singularis
926 3650 1163 3710 nomina
1211 3667 1309 3710 ers
1348 3644 1559 3710 litteris
1602 3649 1994 3718 definiuntur,
2053 3648 2170 3710 hoo
2221 3666 2532 3710 monemus
2545 3694 2566 3728 ‚⁸
2621 3648 2782 3728 quod
2831 3665 2904 3710 eo
2960 3647 3168 3725 plnres

570 3752 730 3819 soni,
773 3749 889 3810 hoo
932 3757 1020 3812 est
1058 3768 1129 3813 eo
1170 3750 1425 3830 plurima
1462 3750 1732 3820 nomina,
1777 3751 2044 3814 exhiheri
2089 3752 2332 3831 possint.
2421 3769 2494 3812 ex
2537 3752 2726 3812 forma
2769 3751 3008 3829 generis
3050 3751 3168 3812 sci-

569 3850 706 3914 licet
748 3854 968 3922 omnis,
1030 3871 1145 3933 qus
1200 3855 1259 3913 in
1312 3853 1561 3932 positivo
1606 3853 1796 3930 gradu
1837 3853 2196 3914 nominativo
2242 3870 2380 3914 casu
2421 3853 2653 3914 numeri
2697 3851 3010 3929 singularis
3046 3871 3170 3912 no-

468 3965 545 4032 ‚35
570 3955 727 4016 mina
766 3971 865 4014 ors
909 3953 1116 4016 litteris
1156 3955 1542 4024 definiuntur,
1597 3955 1712 4016 hoc
1757 3973 2098 4024 monemus,
2155 3955 2314 4035 quod
2365 3974 2438 4016 eo
2496 3953 2630 4034 plus
2672 3973 2849 4035 quam
2887 3954 2967 4014 XI
3011 3955 3166 4024 soni,

568 4057 685 4118 hoc
724 4063 812 4117 est
856 4055 935 4118 XI
977 4058 1235 4126 nomina,
1278 4055 1545 4118 exhiberi
1586 4075 1705 4118 non
1749 4057 1994 4137 possint.
2037 4053 2048 4140 l
2083 4075 2245 4118 nuno
2287 4057 2460 4118 etiam
2503 4057 2618 4119 hoc
2659 4056 2997 4136 quaeritur,
3047 4075 3168 4136 qua

708 4289 741 4339 5
776 4301 935 4354 supra
972 4287 1121 4338 datae
1150 4287 1227 4338 Ro
1330 4285 1365 4337 θ
1387 4287 1611 4336 nomina
1646 4302 1738 4337 om.
1780 4289 1844 4350 R,
1881 4287 2004 4339 add.
2048 4303 2080 4336 v·
2186 4286 2252 4338 10
2293 4300 2452 4352 supra
2489 4285 2658 4346 dietae
2689 4285 2734 4336 R
2765 4299 2926 4351 supra
2949 4284 3105 4337 datae
3139 4301 3174 4336 r

709 4357 772 4412 21
812 4359 931 4424 plus
963 4373 1117 4422 quam
1155 4357 1201 4406 ll
1236 4357 1351 4408 soni
1387 4355 1486 4406 hoc
1516 4367 1595 4408 est
1625 4373 1779 4422 quam
1807 4359 1853 4408 11
1887 4360 2094 4409 nomina
2119 4358 2166 4410 R
2203 4357 2320 4422 plus
2353 4371 2504 4420 quam
2533 4357 2577 4406 V
2605 4357 2720 4407 soni
2757 4355 2856 4406 hoc
2892 4363 2976 4406 est
3011 4371 3170 4419 qnam

570 4429 793 4493 quinque
829 4429 1039 4478 nomIna
1072 4443 1103 4476 r·
1279 4425 1346 4476 29
1384 4427 1589 4476 nomina
1630 4445 1722 4480 om.
1763 4428 1826 4492 R,
1860 4429 1982 4478 add.
2023 4443 2052 4476 r
2220 4425 2290 4477 32
2328 4428 2533 4476 nomina
2569 4441 2662 4476 om.
2699 4425 2766 4480 R,
2799 4423 2926 4476 add.
2968 4441 2999 4474 r

569 4497 638 4551 33
674 4498 751 4548 ad
778 4498 1108 4561 definitionem
1140 4499 1379 4548 nominum
1413 4498 1465 4546 in
1501 4511 1585 4546 ors
1620 4499 1874 4559 finitorum
1907 4501 1960 4548 in
1994 4498 2166 4550 codice
2199 4497 2514 4560 cdxcv-imam
2550 4509 2664 4546 esse
2709 4497 2862 4546 aliam
2895 4496 3175 4547 eorundem

568 4570 809 4620 nominum
836 4567 1168 4630 definitionem
1202 4567 1496 4618 adnotatum
1526 4574 1605 4618 est
1636 4571 1687 4618 in
1727 4569 1772 4618 R
1809 4572 1910 4625 ita,
1963 4583 2028 4617 ex
2066 4567 2234 4618 forma
2277 4567 2484 4634 generis
2519 4567 2714 4618 seilicet
2754 4566 2924 4616 omnis
2975 4581 3082 4636 qna
3117 4567 3171 4616 in

570 4637 798 4705 positiuo
837 4637 1001 4702 gradu
1046 4638 1365 4688 nominatiuo
1404 4651 1524 4688 casu
1562 4651 1700 4688 num.
1738 4639 1875 4705 sing.
1909 4638 2115 4688 nomina
2151 4652 2236 4688 ors
2273 4637 2456 4687 litteris
2493 4635 2804 4686 definiuntur
2849 4633 2947 4684 hoo
2992 4650 3175 4686 mone-

571 4723 686 4759 mus
728 4709 867 4771 qnod
904 4722 964 4757 eo
1006 4706 1125 4772 plus
1167 4722 1321 4770 quam
1356 4713 1467 4758 octo
1501 4709 1615 4758 soni
1665 4707 1764 4758 hoo
1801 4717 1880 4758 est
1927 4723 1988 4759 eo
2023 4707 2242 4773 plurimu
2279 4707 2486 4757 nomina
2536 4704 2765 4756 exhiberi
2806 4718 2907 4754 non
2943 4707 3175 4771 possint,

569 4793 716 4845 quam
750 4779 1056 4840 scripturam
1092 4784 1398 4840 receperunt
1432 4793 1491 4826 νυ
