3434 5442
620 266 643 325 t
660 262 741 325 52
1803 260 2032 323 PROBl

719 392 765 433 p.
790 380 879 421 m.
901 380 951 421 vs
979 378 1031 421 n.
2769 392 2814 433 p.
2841 376 3024 418 εῖτ-79
3049 375 3111 417 v.

617 453 868 531 parativi
912 449 1129 527 gradus
1174 448 1447 511 adverbia
1492 468 1562 510 ex
1608 466 1671 509 se
1716 449 1912 511 facere
1957 458 2222 529 possunt,
2269 450 2416 511 baec
2459 470 2530 511 ex
2565 451 2758 512 dativo
2793 468 2938 511 casu
2979 448 3230 509 numeri

619 552 845 613 scilicet
883 550 1200 629 singularis
1246 552 1336 611 ori
1389 532 1639 612 litteras'
1672 551 1908 613 ultimas
1961 554 2237 613 omittunt
2294 560 2352 613 et
2401 572 2470 612 us
2524 551 2750 613 litteras
2801 552 3104 629 accipiunt
3161 558 3232 611 et

620 654 895 716 adverbia
938 672 1044 714 sua
1087 654 1435 729 ostendunt,
1485 661 1553 713 ut
1593 661 1736 732 puta
1781 654 1920 715 huic
1957 653 2202 715 faciliori
2247 652 2498 716 facilius».
2587 656 2674 715 sic
2721 661 2780 715 et
2821 652 2932 715 alia
2973 655 3228 713 nomina

620 757 1005 835 comparativi
1048 755 1296 833 graduS,
1354 774 1507 835 quae
1555 754 1834 817 adverbia
1887 776 1958 817 ex
2001 774 2067 817 se
2123 756 2322 819 lacere
2377 763 2653 835 possunt,
2711 774 2784 817 ex
2826 756 3021 817 dativo
3075 774 3228 817 casu

568 881 593 921 5
621 858 856 919 numeri
900 855 1123 919 scilicet
1164 855 1479 935 singularis
1534 873 1713 935 supra
1757 858 2007 937 scriptas
2049 858 2276 921 litteras
2319 859 2596 919 omittunt
2639 864 2698 919 et
2741 876 2920 937 supra
2963 859 3230 937 scriptas

617 960 843 1021 litteras
886 960 1179 1037 accipiunt
1224 966 1282 1021 et
1323 958 1601 1021 adverbia
1636 977 1746 1019 sua
1789 960 2126 1021 ostendunt.
2169 958 2197 1043 ΙΙ

792 1062 877 1123 De
920 1078 1033 1121 am.
1125 1079 1537 1143 quaecumque
1578 1063 1818 1122 nomina
1865 1064 2224 1123 nominativo
2259 1081 2396 1123 casu
2441 1082 2534 1123 am
2581 1061 2790 1123 litteris
2830 1061 3228 1131 definiuntur,

621 1165 771 1227 baec
818 1164 1058 1225 easdem
1105 1182 1201 1225 am
1246 1162 1467 1225 litteras
1521 1166 1579 1225 in
1629 1164 1650 1223 i
1695 1171 2046 1226 convertunt
2089 1171 2146 1225 et
2191 1170 2280 1225 ter
2323 1163 2607 1244 syllabam
2665 1164 2960 1243 accipiunt
3003 1170 3068 1224 et
3117 1163 3228 1223 ad-

622 1265 827 1328 verbia
868 1285 975 1327 sua
1012 1266 1348 1340 ostendunt,
1388 1272 1453 1326 ut
1495 1274 1932 1344 putanequam
1972 1268 2264 1347 nequiter.
2325 1285 2486 1327 nunc
2525 1268 2698 1327 etiam
2743 1267 2860 1328 hoc
2885 1283 3226 1340 monemus,

548 1386 597 1427 no
624 1368 783 1450 quod
830 1368 947 1429 boc
994 1386 1175 1430 unum
1220 1386 1437 1429 nomen
1483 1387 1613 1429 esse
1654 1370 2024 1448 reperiatur.
2083 1368 2240 1449 quod
2286 1369 2644 1430 nominativo
2687 1386 2826 1429 casu
2869 1386 2966 1429 am
3009 1367 3230 1429 litteris

626 1470 960 1532 definiatur.

798 1573 948 1633 Sunt
988 1573 1248 1640 nomina,
1292 1589 1443 1650 quae
1488 1571 1611 1632 eius
1650 1572 1812 1633 modi
1855 1590 1924 1633 ex
1971 1590 2035 1633 se
2076 1571 2294 1633 faciant
2337 1571 2648 1641 adverbia,
2695 1580 2762 1631 ut
2802 1578 2945 1651 puta
2989 1570 3230 1632 eaelum

627 1672 901 1744 caelituS‚
946 1672 1113 1735 radix
1156 1672 1469 1742 radicitus,
1529 1672 1748 1734 fundus
1789 1673 2052 1735 funditus
2107 1680 2171 1734 'et
2213 1681 2410 1735 cetera
2465 1672 2622 1735 talia.
2713 1673 2815 1735 sed
2859 1673 3014 1735 baec
3073 1692 3232 1753 quae

622 1780 743 1839 sint
784 1776 1054 1845 nomina,
1110 1792 1263 1854 quae
1300 1776 1387 1835 sic
1425 1794 1496 1835 ex
1548 1794 1613 1836 se
1658 1775 1933 1837 adverbia
1979 1776 2222 1846 faciant,
2275 1778 2338 1835 in
2387 1778 2548 1837 sonis
2591 1782 2978 1853 conpetenter
3023 1784 3232 1837 osten-

551 1896 602 1938 1⁶
629 1880 855 1941 demuS.
944 1885 1082 1939 sunt
1136 1878 1377 1939 nomina
1422 1876 1724 1958 [propria]
1773 1876 2150 1957 appellativa,
2197 1897 2349 1958 quae
2391 1880 2520 1939 eius
2561 1877 2724 1938 modi
2779 1897 2851 1939 ex
2887 1897 2954 1939 se
3005 1878 3234 1939 faciant

626 1980 933 2050 adverbia,
972 1986 1040 2039 ut
1077 1985 1219 2057 puta
1260 1978 1385 2039 dies
1430 1979 1549 2053 diu,
1594 1998 1711 2039 nox
1757 1986 1936 2041 noctu
1978 1987 2038 2041 et
2077 1986 2272 2041 cetera
2321 1980 2478 2042 talia.
2567 1980 2672 2041 sed
2711 1979 2859 2041 haec
2903 1998 3066 2061 quae
3111 1981 3234 2041 sint

626 2084 886 2152 nomina,
932 2099 1084 2161 quae
1128 2082 1214 2141 sic
1261 2100 1331 2142 ex
1362 2099 1425 2142 se
1472 2081 1752 2143 adverbia
1797 2081 2031 2152 faciant,
2076 2084 2136 2142 in
2183 2083 2343 2143 sonis
2385 2090 2772 2161 conpetenter
2811 2082 3231 2143 tractabimus.

626 2192 765 2248 sunt
808 2186 1079 2254 nomina,
1126 2202 1278 2262 quae
1321 2186 1447 2244 eius
1487 2183 1647 2244 modi
1684 2202 1756 2245 ex
1801 2203 1866 2245 se
1908 2183 2187 2245 adverbia
2231 2184 2476 2254 faciant,
2535 2193 2598 2245 ut
2641 2193 2780 2263 puta
2823 2202 2967 2263 pars
3004 2185 3234 2261 partim

628 2294 687 2349 et
728 2293 926 2348 cetera
961 2284 1114 2346 talia.
1174 2285 1276 2347 sed
1326 2285 1473 2347 haec
1516 2304 1667 2366 quae
1703 2286 1820 2346 sint
1859 2288 2115 2357 nomina,
2165 2306 2316 2366 quae
2345 2288 2428 2348 sic
2464 2307 2536 2348 ex
2568 2306 2631 2347 se
2665 2285 2940 2348 adverbia
2985 2284 3232 2355 faciant,

552 2402 603 2445 ao
628 2392 689 2451 in
735 2390 895 2451 sonis
938 2395 1324 2468 conpetenter
1364 2387 1766 2449 tractabimus.
1831 2394 1968 2448 sunt
2003 2388 2259 2458 nomina,
2307 2407 2459 2467 quae
2497 2388 2746 2451 ablativo
2791 2406 2934 2449 casu
2965 2405 3001 2446 o
3031 2386 3236 2449 littera

626 2492 1021 2553 terminantur
1066 2498 1126 2551 et
1162 2489 1407 2551 eandem
1452 2508 1487 2549 o
1530 2489 1787 2551 litteram
1823 2492 1884 2550 in
1928 2492 1951 2550 i
1993 2498 2346 2552 convertunt
2395 2498 2455 2552 et
2499 2489 2914 2552 adverbialiter
2955 2508 3234 2570 pronun-

626 2595 865 2658 tiantur,
910 2599 977 2653 ut
1020 2601 1161 2671 puta
1206 2612 1241 2654 a
1278 2593 1454 2654 domo
1506 2592 1665 2653 domi
1708 2600 1768 2653 et
1814 2600 2012 2654 cetera
2037 2591 2204 2666 talia.
2271 2594 2374 2654 sed
2419 2594 2569 2655 baec
2607 2609 2758 2671 quae
2804 2593 2920 2653 sint
2959 2594 3234 2659 nomina,

628 2713 780 2775 quae
824 2694 910 2755 sic
952 2714 1021 2755 ex
1078 2713 1143 2755 se
1200 2693 1475 2755 adverbia
1528 2694 1773 2765 faciant,
1828 2696 1886 2755 in
1941 2697 2104 2755 sonis
2159 2703 2546 2773 conpetenter
2597 2695 2999 2756 tractabimus.
3093 2702 3239 2755 sunt

628 2798 898 2865 nomina,
966 2813 1118 2874 quae
1172 2794 1423 2857 ablativo
1480 2794 1637 2879 cajsu
1696 2816 1727 2857 a
1786 2796 1982 2857 littera
2039 2800 2429 2859 terminantur
2487 2804 2546 2858 et
2590 2799 2653 2858 in
2707 2797 2914 2858 eodem
2971 2795 3237 2857 ablativo

550 2914 603 2954 2⁵
634 2916 775 2960 casu
820 2919 854 2960 e
894 2896 1150 2959 litteram
1194 2899 1491 2978 accipiunt
1535 2905 1593 2958 et
1636 2897 2049 2960 adverbialiter
2090 2902 2581 2979 pronuntiantur,
2627 2906 2694 2961 ut
2736 2905 2876 2977 puta
2921 2897 2997 2959 ab
3038 2898 3234 2959 Roma

628 3000 855 3062 Romae
893 3007 951 3062 et
992 3008 1187 3061 cetera
1233 2998 1387 3061 talia.
1476 3001 1581 3061 sed
1624 3000 1772 3061 haec
1816 3020 1968 3081 quae
2013 3003 2130 3061 sint
2175 3004 2434 3071 nomina,
2481 3020 2634 3080 quae
2675 3003 2762 3061 sic
2801 3018 2872 3063 ex
2909 3018 2975 3061 se
3017 3000 3236 3061 adver-

628 3102 726 3164 bia
766 3103 1002 3172 faciant,
1046 3104 1107 3163 in
1150 3104 1313 3163 sonis
1352 3108 1740 3181 conpetenter
1783 3103 2184 3164 tractabimus.

800 3204 885 3267 De
929 3206 1171 3265 nomine
1214 3222 1392 3283 quem
1437 3204 1515 3265 ad
1556 3203 1800 3265 modum
1845 3204 2121 3265 adverbia
2179 3206 2348 3275 fiant,
2397 3212 2686 3285 quantum
2729 3206 2882 3265 ratio
2921 3204 3236 3283 poscebat,

634 3308 1032 3370 tractavimus,

553 3422 605 3463 ³⁰
801 3410 885 3471 De
928 3410 1301 3488 pronomine.
1396 3428 1467 3469 ex
1512 3409 1606 3470 his
1653 3406 2108 3489 pronominibus
2147 3408 2406 3470 sedecim
2447 3415 2678 3469 tantum
2718 3407 2905 3469 Varro
2947 3408 3238 3469 adverbia

634 3513 759 3573 eius
802 3510 965 3573 modi
1010 3510 1334 3572 secundum
1388 3527 1673 3571 sonorum
1718 3512 2011 3573 rationem
2057 3512 2185 3571 fieri
2243 3512 2696 3579 demonstravit,
2761 3509 2856 3571 ille
2899 3509 3023 3571 illic
3066 3510 3238 3571 illinc

633 3612 775 3675 illuc
818 3611 950 3682 illo,
994 3612 1106 3672 iste
1150 3613 1281 3672 istic
1325 3614 1499 3673 istinc
1544 3614 1726 3680 istuc,
1771 3612 1870 3671 hic
1913 3612 2010 3673 hic
2053 3612 2192 3673 hinc
2237 3613 2382 3681 buc,
2411 3612 2598 3698 ‘idem
2642 3612 2894 3680 ibidem,
2943 3613 3046 3690 qui
3091 3631 3236 3691 quo,

636 3715 855 3794 quique
891 3730 1145 3793 quoque,
1194 3715 1549 3793 quicumque
1582 3720 1977 3794 quocumque,
2019 3713 2254 3793 quidam
2289 3715 2608 3795 quondam,
2647 3716 2938 3795 quispiam
2973 3716 3236 3793 uspiam,

636 3813 845 3893 aliquis
872 3810 900 3899 Η
932 3814 1127 3893 aliquo
1185 3814 1435 3885 alicubi,
1506 3816 1693 3895 qualis
1751 3816 2036 3894 qualiter,
2105 3835 2272 3877 meus
2325 3818 2564 3877 meatim
2619 3824 2678 3877 et
2723 3815 3013 3893 significat
3061 3834 3240 3877 more

556 3926 609 3968 ³⁵
638 3936 790 3987 meo,
830 3924 968 3978 tuus
1012 3918 1215 3979 tuatim
1265 3924 1322 3977 et
1350 3918 1638 3995 significat
1668 3935 1834 3978 more
1864 3925 1986 3987 tuo,
2033 3936 2176 3979 suus
2217 3921 2428 3980 suatim
2473 3925 2532 3979 et
2562 3918 2851 3998 significat
2895 3936 3066 3978 more
3103 3938 3236 3988 suo,

636 4026 841 4082 noster
898 4021 1211 4081 nostratim
1268 4026 1327 4079 et
1381 4020 1671 4099 significat
1723 4038 1888 4079 more
1943 4026 2177 4093 nostro,
2237 4027 2426 4081 vester
2471 4023 2768 4081 vestratim
2827 4027 2888 4080 et
2937 4020 3242 4098 significat

636 4141 807 4184 more
845 4129 1061 4184 vestro.
1152 4141 1225 4183 ex
1268 4121 1485 4199 quibus
1537 4120 1992 4201 pronominibus
2045 4129 2274 4183 tantum
2316 4140 2492 4201 quem
2535 4121 2608 4183 ad
2655 4121 2898 4182 modum
2953 4121 3240 4183 adverbia

638 4226 798 4296 fiant,
842 4226 927 4285 sic
968 4225 1053 4285 uti
1096 4224 1282 4285 Varro
1323 4224 1541 4293 docuit,
1591 4224 2140 4285 demonstravimus

809 4328 895 4389 De
937 4324 1139 4389 verbo.
1230 4345 1303 4387 ex
1352 4325 1549 4387 verbis
1604 4325 1732 4385 eius
1778 4325 1938 4385 modi
1981 4324 2260 4387 adverbia
2313 4326 2444 4386 fleri
2499 4326 2912 4403 reperiuntur,
2969 4332 3036 4385 ut
3089 4334 3240 4403 puta

784 4530 849 4581 14
887 4531 1214 4581 ostendemus
1249 4529 1333 4579 Br
1368 4530 1682 4582 ostendimus
1721 4530 1768 4580 R
1912 4530 1974 4581 17
2012 4531 2344 4581 tractabimus
2380 4531 2428 4582 R
2465 4528 2799 4581 tractauimus
2826 4528 2879 4579 B
3019 4527 3093 4579 20
3129 4538 3238 4579 tra-

640 4600 892 4651 ctabimus
922 4615 953 4649 r
989 4602 1323 4651 tractauimus
1361 4600 1459 4651 RB
1626 4602 1695 4650 22
1725 4599 1847 4649 talia
1883 4614 1974 4649 om.
2009 4598 2073 4659 R,
2111 4602 2237 4653 add.
2271 4616 2302 4650 υ
2451 4600 2520 4651 23
2556 4600 2886 4649 tractabimus
2923 4614 2954 4648 r
2991 4602 3239 4650 tractaui-

640 4684 757 4720 mus
792 4668 897 4719 RB
1033 4670 1100 4719 27
1138 4670 1466 4721 tractabimus
1500 4686 1534 4719 r·
1562 4671 1896 4719 tractauimus
1933 4668 2032 4719 RB
2195 4670 2262 4721 32
2299 4670 2416 4720 istic
2449 4672 2600 4721 istinc
2635 4686 2694 4719 νυ
2731 4670 2846 4719 istic
2879 4670 3011 4719 stinc
3047 4670 3095 4720 tt

639 4738 726 4791 bic
756 4738 842 4790 hic
876 4739 923 4790 R
954 4736 1039 4788 hic
1076 4740 1173 4791 hac
1208 4740 1260 4790 B
1400 4739 1465 4791 33
1504 4739 1692 4803 quique
1729 4739 1781 4789 B
1819 4740 2038 4803 quicque
2075 4738 2120 4789 1³
