3434 5442
1295 364 1717 428 PRAEFATIO
2658 382 2807 429 xv11

247 572 344 615 eos
388 550 468 615 de
511 548 726 615 Probo
772 551 1204 637 scripserunt,
1261 553 1357 615 ita
1407 553 1613 616 secuti
1671 561 1851 632 sunt,
1908 560 2009 632 ut,
2067 552 2364 637 quamvis
2421 573 2550 616 non
2595 554 2811 616 omnia

244 674 394 739 quae
452 652 534 717 ab
589 652 718 716 illis
787 653 1120 740 proposita
1173 662 1359 717 erant
1421 654 1801 738 probarent,
1866 662 2087 717 tamen
2144 652 2225 716 de
2282 656 2636 719 recentiore
2698 653 2808 717 illo

245 754 604 841 artigrapho
661 776 883 818 omnes
941 756 1398 819 consentirent.
1509 764 1574 819 et
1629 754 2009 840 prudentior
2062 778 2217 819 sane
2272 754 2433 821 haec
2490 758 2813 820 sententia

243 868 360 937 est,
413 879 610 943 quam
649 855 766 921 illa
809 857 1098 943 priorum
1141 856 1391 943 opini0,
1449 858 1562 943 qui
1607 856 1725 922 hos
1769 878 1910 920 esse
1954 858 2270 941 genuinos
2316 858 2555 923 veteris
2601 880 2810 943 gram-

239 960 446 1023 matici
489 958 690 1024 libros
737 958 865 1024 sibi
907 970 1386 1045 persuaserant.
1475 957 1593 1023 sed
1633 968 1851 1024 tamen
1892 960 2058 1024 illud
2114 959 2194 1023 de
2238 960 2487 1023 iuniore
2530 962 2811 1046 quodam

239 1060 473 1142 Probo,
521 1063 627 1125 cui
671 1062 834 1126 haec
881 1062 1098 1127 omnia
1141 1084 1310 1149 quae
1354 1061 1438 1126 de
1483 1069 1619 1125 arte
1664 1063 2091 1146 grammatica
2134 1063 2377 1147 scripta
2404 1061 2525 1127 hoc
2556 1064 2812 1127 nomine

235 1162 526 1227 feruntur
567 1161 916 1229 tribuenda
959 1172 1205 1244 essent,
1252 1186 1381 1228 non
1424 1166 1633 1249 magis
1677 1164 1838 1228 mihi
1882 1163 2144 1230 videtur
2173 1186 2213 1228 a
2244 1164 2515 1229 veritate
2561 1165 2809 1228 abesse.

393 1265 564 1330 Nam
610 1267 834 1352 siquae
879 1266 946 1331 in
1002 1265 1124 1331 hac
1181 1287 1252 1329 re
1306 1276 1602 1331 veterum
1656 1267 2229 1350 grammaticorum
2286 1267 2635 1331 auctoritas
2693 1275 2810 1343 est,

235 1367 598 1431 Priscianus
643 1377 846 1449 certe,
892 1390 1042 1433 cum
1085 1368 1290 1433 multa
1333 1389 1418 1432 ex
1461 1367 1797 1433 catholicis
1811 1416 1829 1450 ,
1873 1389 2088 1454 pauca
2130 1368 2325 1432 etiam
2371 1389 2453 1431 ex
2496 1368 2811 1432 institutis

235 1470 463 1532 artium
523 1468 852 1554 adscripto
898 1468 1098 1534 Probi
1153 1470 1412 1534 nomine
1471 1468 1786 1551 adferret,
1845 1469 1945 1534 his
2003 1468 2299 1533 omnibus
2358 1468 2451 1533 ita
2494 1492 2650 1533 usus
2697 1479 2811 1550 est,

233 1579 300 1633 ut
341 1592 468 1634 non
517 1570 914 1636 discerneret
956 1570 1040 1635 ab
1087 1573 1166 1636 iis
1213 1594 1380 1659 quae
1425 1572 1823 1657 antiquiores
1879 1580 2175 1636 auctores
2232 1581 2491 1635 secutus
2540 1592 2621 1634 ex
2668 1570 2811 1634 aliis

234 1670 420 1736 Probi
465 1672 656 1737 libris
667 1720 684 1753 ,
731 1674 845 1759 qui
887 1694 1061 1737 nunc
1103 1695 1232 1738 non
1279 1680 1508 1743 extant
1535 1682 1600 1736 et
1629 1673 1899 1759 Berytio
1942 1674 2365 1757 grammatico
2410 1671 2584 1736 haud
2616 1671 2814 1737 dubie

231 1773 631 1856 tribuuntur,
679 1773 1048 1860 adscripsit.
1118 1784 1184 1839 et
1226 1775 1547 1841 catholica
1589 1774 1855 1860 quidem
1898 1776 2128 1840 citavit
2168 1775 2269 1839 his
2315 1772 2505 1855 lociS,
2551 1776 2664 1859 qui
2710 1774 2813 1837 vel

231 1884 398 1940 certo
442 1875 555 1941 vel
610 1878 768 1940 satis
825 1876 1253 1962 probabiliter
1297 1877 1378 1941 ad
1437 1898 1546 1942 eos
1591 1876 2059 1941 catholicorum
2103 1875 2278 1941 locos
2323 1898 2485 1961 quos
2527 1876 2815 1941 indicavi

231 1977 552 2043 referendi
596 1986 778 2059 sunt,
824 1979 953 2043 vol.
1000 1976 1036 2041 I
1079 2002 1144 2064 p.
1194 1987 1345 2059 162,
1393 1987 1432 2048 9
1476 2000 1654 2057 αοαε,
1717 1984 1881 2044 unde
1924 1985 2171 2043 aculeus
2213 1982 2626 2042 diminutivum
2672 1988 2815 2043 teste

231 2083 420 2144 Probo
464 2088 538 2143 et
576 2086 734 2161 259,
785 2090 862 2149 17
918 2085 1234 2145 diminutio
1288 2092 1488 2145 tamen
1533 2102 1573 2144 a
1615 2086 1953 2144 masculino
1992 2088 2063 2157 fit
2104 2085 2350 2143 aculeus
2393 2089 2539 2143 teste
2582 2083 2814 2144 Probo:

231 2188 322 2259 20,
367 2189 470 2249 27.
569 2189 710 2262 218,
757 2187 837 2250 22
884 2186 1050 2261 quod
1091 2194 1293 2247 autem
1341 2188 1638 2247 Graecum
1682 2194 1772 2247 est
1823 2186 1938 2245 hoc
1983 2202 2196 2245 nomen
2243 2180 2505 2266 (cassis)
2554 2187 2816 2245 ostendit

227 2290 398 2347 etiam
443 2288 685 2347 Probus
727 2290 789 2347 in
832 2288 989 2348 libro
1032 2289 1141 2363 qui
1179 2295 1265 2349 est
1308 2290 1384 2348 de
1426 2290 1745 2349 catholicis
1786 2288 2123 2348 nominum:
2179 2289 2289 2363 28,
2334 2289 2439 2353 23.
2530 2290 2684 2364 236,
2736 2290 2811 2352 12

229 2390 517 2465 Publipor
547 2379 892 2466 Publipor&
933 2396 992 2449 et
1027 2390 1348 2467 Marcipor
1379 2391 1753 2467 Marciporis
1783 2391 1900 2463 (sic
1930 2389 2169 2450 Probus
2178 2409 2203 2459 ;
2248 2392 2335 2449 ita
2376 2391 2533 2449 enim
2580 2391 2823 2464 antiqui

219 2508 334 2566 pro
380 2492 592 2552 Publii
620 2508 782 2567 puer
823 2499 884 2551 et
913 2492 1124 2552 Marci
1151 2510 1315 2568 puer
1359 2494 1686 2569 dicebant),
1737 2509 1894 2568 quae
1938 2508 1972 2551 o
2016 2508 2133 2551 non
2169 2492 2523 2567 producunt
2565 2492 2626 2550 in
2673 2493 2813 2551 obli-

227 2595 350 2666 quis
390 2594 669 2664 casibus,
731 2592 919 2653 ‘unus
973 2596 1237 2655 constitit
1290 2597 1354 2655 in
1401 2611 1557 2670 aqro
1601 2595 1853 2655 Lucano
1893 2610 2129 2668 qnarus
2170 2594 2292 2652 loci
2330 2596 2567 2652 nomine
2612 2594 2813 2653 Publi-

222 2699 403 2769 por’:
447 2694 781 2755 Sallustius
825 2697 888 2755 in
931 2692 1041 2756 III
1085 2697 1477 2757 historiarum
1520 2697 1636 2756 boc
1668 2698 1965 2771 protulit:
2014 2700 2121 2771 16,
2170 2699 2269 2761 18.
2358 2697 2511 2772 238,
2560 2702 2597 2760 5
2642 2704 2817 2757 satur

227 2828 305 2835 -—
345 2798 516 2872 quod
569 2813 610 2855 a
666 2796 866 2857 Pr0bo
907 2800 1402 2874 praetermissum
1461 2799 1799 2859 doctissime
1863 2797 2125 2857 attendit
2183 2802 2387 2856 noster
2442 2806 2817 2873 praeceptor

233 2897 638 2960 Theoctistus:
685 2903 783 2975 17,
829 2901 929 2963 18.
990 2902 1135 2977 241,
1184 2904 1221 2967 8
1265 2900 1365 2960 hic
1406 2906 1466 2959 et
1507 2901 1659 2961 haec
1702 2906 1763 2960 et
1803 2900 1919 2960 boc
1962 2901 2193 2974 inquies
2234 2915 2469 2974 quoque
2512 2901 2809 2975 inquietis,

227 3002 382 3074 quod
421 3002 702 3076 quamvis
753 3003 816 3059 in
875 3004 1243 3063 nominativo·
1284 3018 1317 3060 e
1359 3008 1704 3078 correptam
1749 3002 1999 3075 habeat,
2062 3008 2128 3060 ut
2172 3001 2372 3061 Probo
2428 3003 2695 3075 videtur,
2753 3004 2815 3062 in

225 3106 493 3175 qenetivo
543 3106 743 3163 tamen
786 3104 1039 3163 eandem
1072 3105 1370 3179 producit
1411 3106 1741 3166 secundum
1781 3106 2120 3179 genetivum
2165 3105 2331 3177 quies
2374 3106 2589 3177 quietis
2632 3106 2810 3179 prin-

227 3206 438 3279 cipalis
480 3209 555 3264 et
596 3206 752 3281 242,
809 3207 890 3268 20
947 3222 1088 3265 nam
1131 3208 1392 3281 inquieS,
1457 3208 1631 3268 cuius
1685 3214 2017 3267 extremam
2079 3206 2319 3279 corripi
2370 3205 2517 3265 dicit
2560 3205 2811 3279 Probus,

227 3308 500 3381 inquietis
551 3307 928 3367 declinatur:
976 3312 1085 3384 18,
1134 3312 1234 3372 16.
1323 3311 1480 3386 242,
1531 3313 1559 3373 1
1613 3308 1846 3368 Probus
1887 3316 2089 3367 tamen
2133 3308 2293 3367 inter
2333 3314 2621 3381 correpta
2663 3308 2816 3367 haec

231 3407 294 3486 (a
333 3403 504 3489 pede
553 3405 917 3490 conposita)
955 3412 1166 3484 ponit:
1213 3412 1329 3487 26,
1380 3416 1478 3476 15.
1566 3412 1711 3486 249,
1763 3414 1841 3475 19
1886 3412 2159 3485 quidam,
2208 3416 2274 3469 ut
2320 3409 2583 3483 Pr0bus,
2623 3410 2817 3484 pubes

225 3511 489 3585 puberis,
547 3511 792 3585 quidam
831 3511 1028 3587 puber
1053 3512 1332 3587 puberis:
1378 3516 1477 3589 19,
1526 3515 1628 3577 32.
1691 3516 1833 3588 250,
1884 3518 1961 3577 17
2009 3512 2243 3571 Probus
2272 3518 2469 3572 autem
2497 3519 2557 3570 et
2588 3512 2816 3571 Caesar

228 3610 334 3671 hoc
364 3614 581 3688 pollen
617 3614 870 3689 pollinis
914 3614 1406 3674 declinaverunt:
1453 3618 1523 3690 9,
1574 3620 1674 3679 11.
1764 3617 1917 3689 257,
1969 3618 2046 3678 10
2092 3621 2317 3674 mustus
2360 3629 2597 3689 quoque
2639 3616 2823 3673 musti

230 3716 448 3789 exeipit
493 3714 770 3775 Probus:
820 3718 920 3793 30,
967 3717 1027 3779 8.
1119 3719 1271 3792 319,
1318 3718 1398 3780 22
1444 3716 1545 3775 hie
1587 3722 1646 3774 et
1689 3716 1841 3777 haec
1885 3722 1943 3775 et
1984 3716 2097 3775 boc
2142 3719 2371 3789 insonS,
2421 3717 2587 3790 quod
2623 3718 2815 3775 solum

231 3821 363 3888 teste
407 3816 616 3877 Probo
661 3832 696 3876 o
739 3822 881 3876 ante
923 3834 994 3877 ns
1035 3818 1217 3877 habet
1271 3824 1648 3893 correptam,
1718 3824 1779 3877 et
1830 3818 1957 3877 eius
1998 3819 2255 3893 simplex
2298 3834 2438 3877 sons
2478 3820 2697 3878 sontis:
2754 3821 2812 3892 6,

239 3920 303 3980 12
333 3922 398 3977 et
425 3922 532 3996 28,
577 3922 682 3984 26.
760 3922 902 3996 320,
947 3914 1031 3984 24
1071 3920 1278 3981 scrobs
1319 3921 1496 3981 huius
1539 3920 1803 3980 scrobis:
1845 3922 1933 3980 sic
1960 3922 2100 3993 alii,
2148 3922 2258 3980 sed
2286 3920 2518 3981 Probus
2541 3922 2811 3979 nomina-

233 4020 400 4080 tivum
439 4022 705 4096 protulit
744 4022 994 4081 similem
1033 4024 1345 4097 qenetivo:
1399 4023 1564 4097 quod
1607 4022 1864 4082 Plautus
1920 4023 2251 4082 masculino
2302 4038 2527 4096 qenere
2558 4020 2814 4097 profert

234 4119 288 4177 in
330 4122 754 4197 Amphitrione
796 4123 907 4182 ‘ibi
945 4125 1186 4183 scrobes
1229 4126 1484 4201 effodito
1527 4132 1594 4184 tu
1633 4126 1772 4199 plus
1813 4140 2154 4198 sexaqenos
2208 4126 2269 4183 in
2332 4125 2461 4183 dies
2476 4128 2518 4181 ’:
2581 4126 2695 4197 20,
2755 4126 2812 4187 3.

237 4226 366 4301 469,
415 4229 495 4290 13
542 4241 703 4285 nexo
747 4240 982 4300 quoque
1023 4242 1217 4285 nexas
1260 4228 1354 4285 vel
1395 4227 1598 4300 nexis,
1649 4232 1714 4286 ut
1757 4226 1957 4286 Probo
1990 4228 2226 4301 placet,
2274 4229 2495 4286 nexui:
2552 4228 2663 4301 39,
2711 4227 2813 4289 26.

242 4327 348 4388 485
360 4370 378 4401 ,
441 4332 520 4393 19
576 4333 783 4402 terqeo
836 4328 1010 4401 tersi,
1071 4320 1236 4401 quod
1289 4328 1524 4387 Probus
1578 4334 1636 4387 et
1681 4328 1991 4389 Charisius
2046 4336 2103 4388 et
2149 4329 2347 4389 Celsus
2400 4334 2459 4387 et
2502 4328 2817 4387 Diomedes

241 4430 633 4501 conprobem:
677 4430 777 4506 34,
827 4433 938 4507 173
985 4431 1084 4505 38,
1128 4432 1233 4493 21.
1325 4434 1466 4507 491,
1515 4434 1593 4495 13
1637 4430 1848 4490 sorbeo
1892 4432 1985 4491 vel
2027 4434 2207 4491 etiam
2250 4430 2459 4507 sorb0,
2506 4437 2572 4491 ut
2616 4430 2815 4489 Probo

241 4528 457 4605 placet,
505 4533 710 4607 sorpsi
750 4532 843 4591 vel
883 4530 1120 4591 sorbui:
1181 4534 1289 4607 38,
1336 4535 1396 4596 6.
1487 4535 1642 4608 503,
1694 4535 1772 4597 16
1818 4548 1959 4591 nam
2004 4549 2207 4607 unquo
2254 4532 2436 4593 Nisus
2480 4533 2715 4607 quidem
2760 4539 2817 4590 et

251 4628 602 4704 Papirianus
643 4641 700 4693 et
742 4634 977 4693 Probus
1019 4640 1144 4693 tam
1187 4635 1382 4707 unqui
1422 4650 1602 4708 quam
1647 4636 1805 4694 unxi
1856 4636 2065 4695 dicunt
2111 4634 2331 4707 facere
2378 4638 2779 4709 praeteritum
2793 4652 2814 4692 :

253 4732 344 4806 37,
388 4739 488 4798 15.
576 4738 732 4813 535,
784 4741 863 4800 14
909 4752 1132 4809 quaeso
1163 4738 1414 4809 quaesi,
1477 4736 1708 4795 Probus
1754 4743 1953 4796 tamen
1998 4738 2269 4812 quaesivi
2310 4738 2495 4797 dicit:
2551 4740 2661 4812 39,
2714 4738 2811 4799 19.

253 4846 324 4888 ex
360 4830 668 4897 institutis
714 4842 935 4897 autem
977 4832 1138 4897 haec
1193 4835 1398 4918 petita
1443 4842 1623 4915 sunt,
1683 4833 1811 4898 vol.
1862 4835 1893 4899 I
1940 4858 2003 4920 p.
2054 4842 2167 4916 31,
2219 4844 2246 4902 1
2299 4858 2338 4899 n
2382 4841 2606 4898 transit
2650 4840 2711 4897 in
2756 4855 2812 4897 m

338 4936 624 4985 casuum.
651 4942 776 4985 ιΛτ.
809 4942 901 4984 ιιιι.
2369 4939 2406 5001 b
