3434 5442
635 302 780 349 xxx
1712 291 2135 353 PRAEFATIO

801 474 979 558 Ergo
1022 483 1097 539 ut
1137 475 1362 559 paucis
1409 475 1932 563 conprehendam
1975 497 2142 562 quae
2188 475 2551 563 disputavi,
2598 479 2692 542 sic
2736 486 2986 543 statuo:
3046 499 3217 563 quae

631 576 884 641 Probus
931 577 1010 641 de
1053 576 1473 663 conpluribus
1518 578 1677 640 artis
1724 580 2185 662 grammaticae
2228 579 2523 664 partibus
2571 580 2815 663 scripta
2842 579 3215 665 reliquerat,

633 701 780 742 cum
824 700 1138 742 summam
1183 679 1632 744 auctoritatem
1689 679 1865 765 apud
1918 680 2374 764 grammaticos
2430 689 2625 746 nacta
2680 692 2923 761 essent,
2987 691 3219 766 postea

629 780 698 845 in
752 791 954 844 artem
1008 781 1274 846 redacta
1328 790 1498 844 sunt.
1577 801 1772 867 quam
1838 792 2043 846 artem
2107 782 2359 848 duobus
2427 781 2611 847 libris
2678 783 2771 847 sic
2834 782 3219 868 dispositam

629 881 833 946 fuisse
877 883 1196 969 suspicari
1239 904 1602 969 possumus,
1649 891 1724 946 ut
1764 883 1979 968 priore
2024 882 2221 965 libro,
2269 886 2379 970 qui
2424 894 2733 950 consueto
2778 894 2915 950 tum
2956 885 3218 950 nomine

628 985 927 1050 instituta
969 987 1208 1050 artium
1249 985 1600 1070 inscriptus
1657 1005 1799 1048 esse
1844 984 2131 1066 videtur,
2179 985 2259 1050 de
2304 985 2537 1052 litteris
2597 997 2661 1050 et
2707 985 2975 1073 syllabis
3022 997 3091 1051 et
3134 987 3215 1050 de

631 1094 776 1151 octo
821 1088 1118 1173 partibus
1167 1089 1477 1152 orationis
1522 1096 1974 1174 exponeretur,
2022 1085 2223 1152 altero
2270 1088 2349 1151 de
2394 1086 2729 1153 catholicis
2774 1088 3109 1152 nominum
3152 1098 3219 1152 et

628 1188 996 1254 verborum.
1043 1211 1128 1254 ex
1171 1189 1272 1254 his
1317 1211 1484 1254 unus
1528 1187 1891 1254 catholicon
1936 1189 2103 1254 liber
2146 1191 2239 1253 sic
2282 1188 2451 1271 fere,
2510 1199 2584 1254 ut
2647 1199 2799 1254 tunc
2839 1190 3215 1275 conpositus

631 1299 765 1372 est,
811 1293 1083 1374 restitit3
1140 1292 1436 1358 instituta
1481 1292 1717 1355 artium
1775 1298 1989 1354 autem
2033 1291 2391 1356 recentiore
2444 1300 2655 1356 aetate
2696 1292 2765 1356 in
2810 1313 3045 1356 novam
3087 1290 3220 1354 for-

629 1415 820 1474 mam,
865 1415 1033 1478 quae
1079 1403 1144 1458 et
1185 1394 1273 1458 ad
1299 1393 1675 1480 posterioris
1707 1393 2016 1478 temporis
2065 1392 2411 1457 utilitatem
2454 1401 2519 1456 et
2562 1393 2645 1459 ad
2675 1395 2922 1480 primae
2950 1393 3218 1478 linguae

627 1496 1105 1560 institutionem
1159 1497 1646 1562 accommodata
1700 1507 1905 1577 esset,
1972 1495 2235 1560 redacta
2290 1504 2461 1558 sunt.
2518 1515 2648 1580 quo
2690 1493 2935 1561 factum
2967 1502 3082 1558 'est
3123 1504 3218 1575 ut,

628 1618 774 1663 cum
833 1598 1194 1685 antiquiore
1250 1595 1417 1664 libro
1472 1597 1767 1682 neglecto
1821 1597 1927 1662 hic
1982 1597 2331 1678 recentior,
2398 1619 2589 1683 quem
2653 1620 2825 1662 nunc
2880 1597 3219 1678 habemus,

629 1700 804 1764 solus
850 1707 1251 1780 servaretur,
1309 1697 1514 1764 multa
1567 1699 1943 1765 vetustioris
1999 1699 2330 1764 doctrinae
2374 1699 2656 1784 vestigia
2700 1698 3219 1786 relinquerentur

627 1803 695 1865 in
739 1800 1094 1883 catholiciS,
1140 1823 1352 1887 pauca
1392 1803 1460 1867 in
1503 1801 1840 1866 institutis,

795 1903 900 1967 De
972 1903 1238 1990 reliquis
1301 1903 1486 1969 libris
1557 1903 1823 1970 brevius
1889 1902 2123 1967 dicam.
2198 1903 2722 1989 appendicem
2796 1901 2891 1966 ad
2968 1903 3217 1968 Probi

627 2012 878 2069 artem
919 2007 1305 2070 minorem
1349 2005 1626 2071 editores
1673 2005 2212 2071 Vindobonenses
2258 2005 2566 2070 dixerunt
2622 2027 2701 2070 ea
2754 2027 2921 2091 quae
2974 2005 3043 2068 in
3087 2005 3215 2069 Bo-

628 2106 836 2171 biensi
879 2106 1102 2173 codice
1158 2116 1307 2193 post
1361 2109 1663 2174 instituta
1713 2107 1914 2173 Probi
1970 2107 2110 2172 sive
2174 2116 2377 2172 artem
2436 2107 2779 2188 minorem,
2838 2115 2911 2171 ut
2964 2105 3061 2171 illi
3116 2108 3215 2170 in-

627 2210 1049 2294 scripserant,
1108 2211 1352 2296 scripta
1409 2219 1580 2276 sunt.
1643 2211 1803 2275 haec
1860 2231 2252 2302 quamquam
2296 2221 2564 2295 propter
2606 2207 2840 2290 locum,
2896 2231 3091 2296 quem
3145 2211 3215 2272 in

625 2310 846 2375 codice
879 2311 1190 2393 obtinent,
1222 2311 1436 2377 Probo
1481 2311 1745 2376 minime
1789 2311 2185 2377 vindicanda
2226 2332 2371 2376 esse
2402 2311 2691 2397 adparet,
2736 2320 2953 2376 tamen
2986 2310 3215 2396 aliqua

625 2433 795 2498 pars,
841 2435 1008 2500 quae
1053 2423 1153 2478 est
1182 2413 1262 2478 de
1307 2414 1706 2495 differentiis,
1754 2415 1822 2478 in
1866 2414 2087 2479 codice
2120 2412 2693 2498 Montepessulano
2723 2412 2921 2478 Probi
2951 2415 3212 2476 nominc

625 2515 942 2600 inscripta
986 2525 1101 2578 cst.
1149 2530 1357 2603 ncq‘ue
1404 2539 1544 2582 eam
1588 2525 1840 2581 tantum
1872 2526 2121 2601 partem
2154 2537 2320 2601 quae
2351 2517 2418 2578 in
2446 2514 3013 2600 Montepessulano
3046 2515 3215 2580 libro
3252 2595 3259 2600 ι

626 2625 754 2698 est,
813 2617 927 2682 sed
983 2617 1232 2703 reliqua
1287 2620 1484 2684 etiam
1539 2640 1706 2704 quae
1762 2618 1843 2683 de
1900 2617 2124 2681 eodem
2168 2625 2547 2702 argumento
2592 2626 2950 2703 sequuntur
2992 2617 3210 2684 Probo

625 2718 779 2783 olim
836 2719 1083 2784 tributa
1136 2734 1304 2784 esse‘
1334 2719 1670 2801 videntur,
1741 2721 1794 2783 si
1852 2718 2041 2784 modo
2099 2727 2274 2784 recte
2328 2719 2457 2782 huc
2512 2717 2704 2782 retuli
2760 2740 2837 2782 ea
2892 2741 3059 2806 quae
3126 2741 3210 2784 ex

625 2822 1082 2887 commentario
1138 2821 1219 2885 de
1273 2822 1493 2902 verbo,
1550 2822 1661 2908 qui
1705 2823 1772 2886 in
1817 2821 2111 2885 Parisino
2168 2819 2393 2885 codice
2438 2830 2596 2890 7491
2654 2820 2911 2885 saeculo
2958 2821 3211 2886 decimo

623 2925 904 3009 scriptus
943 2931 1060 3004 est,
1093 2923 1177 2988 ad
1207 2946 1268 3009 p.
1301 2931 1444 3004 201,
1481 2933 1556 2992 15
1588 2924 1934 3010 adscripsi:
1966 2923 2055 2987 cf.
2078 2945 2143 3008 p.
2166 2921 2435 2987 XXIII.
2468 2943 2668 3008 quare
2700 2923 2913 3009 siquid
2942 2926 3205 2987 omnino

623 3027 868 3090 nomini
913 3024 1112 3090 Probi
1155 3024 1570 3090 tribuendum
1615 3037 1746 3108 est,
1808 3027 1891 3110 in,
1931 3026 2054 3090 hoc
2109 3046 2365 3110 quoque
2424 3023 2928 3088 differentiarum
2984 3024 3205 3089 libello

592 3111 943 3214 ‘quaedam
989 3149 1074 3192 ex
1117 3125 1301 3192 libris
1347 3128 1575 3208 Probi,
1633 3128 1870 3214 quibus
1928 3128 2317 3213 posteriores
2362 3127 2818 3210 grammaticos
2864 3147 3017 3190 usos
3064 3149 3205 3190 esse

622 3239 894 3311 constat,
941 3239 1252 3314 excerpta
1281 3250 1420 3294 esse
1451 3230 1847 3314 putaverim,
1894 3251 2061 3315 quae
2090 3240 2318 3314 postea
2360 3250 2506 3292 cum
2552 3229 2694 3292 aliis
2740 3231 3205 3294 observationi-

620 3331 744 3395 bus
792 3353 875 3396 ex
919 3330 1384 3396 consuetudine
1428 3341 1757 3396 extremae
1804 3333 2033 3395 aetatis
2062 3331 2372 3416 profectis
2401 3331 2611 3394 mixta
2638 3339 2811 3395 sunt.
2855 3330 3026 3395 idem
3069 3331 3205 3395 fere

621 3432 860 3497 accidit
903 3434 968 3497 in
1015 3434 1427 3519 excerptis
1476 3433 1568 3498 de
1613 3435 1958 3512 nomine,
2002 3434 2070 3496 in
2114 3432 2351 3517 quibus
2395 3431 2709 3517 conplura
2751 3433 2991 3512 insunt,
3037 3454 3206 3519 quae

623 3557 740 3599 cur
785 3557 825 3598 a
867 3534 1135 3619 Berytio
1178 3534 2078 3617 grammatico-abiudicemus
2110 3533 2291 3598 nulla
2319 3555 2583 3618 prorsus
2613 3556 2812 3598 causa
2842 3544 2962 3598 est.
3008 3535 3205 3598 immo

621 3658 788 3721 quae
831 3636 912 3700 de
957 3635 1152 3700 dubio
1197 3657 1433 3720 genere
1477 3634 1940 3701 vocabulorum
1997 3636 2242 3721 scripta
2295 3643 2447 3698 sunt
2500 3658 2647 3700 cum
2693 3637 2776 3700 ab
2824 3637 3089 3722 antiquo
3138 3648 3207 3700 et

622 3739 810 3802 docto
857 3745 1120 3802 auctore
1162 3737 1333 3803 haud
1381 3738 1577 3803 dubie
1619 3738 1915 3824 profecta
1960 3747 2127 3818 sunt,
2175 3747 2309 3801 tum
2354 3736 2514 3802 nulli
2558 3738 2960 3823 probabilius
3005 3739 3204 3803 tribui

621 3849 912 3926 possunt,
959 3861 1166 3924 quam·
1197 3837 1348 3904 huic
1393 3839 1520 3925 ipsi
1558 3839 1785 3904 Probo.
1833 3862 2002 3904 nunc
2050 3838 2131 3903 de
2162 3839 2261 3903 his
2294 3841 2611 3919 omnibus,
2658 3862 2824 3926 quae
2856 3841 2937 3904 ad
2968 3861 3203 3904 nomen

623 3952 688 4005 et
731 3942 1180 4006 auctoritatem
1226 3942 1423 4007 Probi
1467 3943 1801 4023 revocavi,
1857 3940 2021 4006 illud
2074 3942 2465 4006 monendum
2510 3951 2641 4022 est,
2700 3941 2871 4028 quod
2916 3943 3073 4006 satis
3118 3963 3207 4006 ex

618 4045 699 4108 iis
745 4065 913 4130 quae
959 4065 1156 4129 supra
1199 4043 1531 4129 disputata
1574 4054 1727 4107 sunt
1771 4043 2084 4129 adparere
2128 4053 2319 4130 put0,
2367 4045 2583 4108 omnia
2626 4045 2720 4108 ita
2762 4053 3012 4109 mutata
3055 4052 3121 4107 et
3166 4066 3207 4107 a

618 4146 894 4232 pristina
948 4145 1160 4210 forma
1217 4154 1411 4231 atque
1468 4145 1767 4211 doctrina
1822 4144 1905 4209 ad
1960 4147 2336 4210 recentioris
2408 4147 2639 4210 aetatis
2703 4167 2895 4210 usum
2949 4143 3209 4211 deflexa

621 4270 801 4331 esse,
861 4256 962 4329 ut,
1026 4248 1227 4333 siquis
1273 4255 1616 4335 propterea
1660 4247 1974 4311 iuniorem
2018 4248 2303 4312 Probum
2350 4233 2555 4330 dicat,
2618 4248 2880 4313 defendi
2922 4249 3206 4334 quodam

617 4349 808 4414 modo
851 4350 1089 4436 possit,
1145 4372 1271 4435 quo
1329 4351 1568 4415 certius
1611 4350 1986 4434 incorrupta
2028 4351 2267 4414 veteris
2313 4350 2719 4434 grammatici
2762 4351 3073 4414 memoria
3116 4351 3203 4414 ab

617 4453 697 4517 iis
773 4473 940 4538 quae
1003 4454 1395 4516 recentiores
1462 4453 1772 4518 adhibitis
1839 4453 1977 4516 eius
2040 4449 2228 4515 libris
2286 4464 2351 4516 et
2407 4454 2663 4517 nomine
2716 4464 3205 4537 conposuerunt

619 4555 1040 4619 discernatur.
1089 4554 1200 4617 sed
1246 4554 1365 4617 hoc
1410 4556 1616 4617 teneri
1661 4551 1827 4634 volo,
1872 4574 2081 4639 neque
2126 4551 2210 4616 ab
2254 4575 2383 4618 uno
2414 4553 2672 4619 homine
2715 4577 2926 4641 neque
2970 4553 3201 4618 eodem

618 4667 904 4741 tempore
949 4677 1024 4719 ea
1069 4677 1234 4740 quae
1277 4679 1447 4720 nunc
1493 4655 1613 4719 hoc
1657 4657 1914 4718 nomine
1958 4657 2272 4741 inscripta
2314 4665 2466 4720 sunt
2494 4659 2829 4742 conposita
2874 4679 3032 4736 esse,
3080 4655 3202 4720 sed

617 4777 954 4822 commune
1008 4757 1292 4822 auctoris
1347 4779 1578 4821 nomen
1635 4757 1787 4820 inde
1840 4759 2197 4843 accepisse,
2255 4759 2429 4843 quod
2482 4759 2565 4823 ad
2622 4782 2821 4824 unum
2864 4759 3199 4823 doctrinae
