3434 5442
914 345 1329 413 EXPLANAT.
1372 347 1450 411 ΙΝ
1493 346 1852 410 DONATVM
1896 347 2037 410 Lm.
2081 346 2105 409 l
2662 354 2785 415 509

2408 481 2419 496 .
2448 454 2543 496 51⁷.
2571 454 2619 496 ιε
2648 454 2695 496 ι..

228 543 288 597 ει
339 535 603 598 futurum
657 543 892 617 tempus
945 535 1120 598 simul
1173 535 1378 609 habet,
1435 536 1766 617 perfectum
1810 543 1871 597 et
1923 467 2565 616 plusquamperfgctum
2610 531 2800 600 simul,

225 638 624 717 inperfectum
665 639 1000 719 separatim.
1062 657 1130 700 ac
1175 637 1363 699 solum
1407 640 1516 700 ista
1561 638 1678 698 duo
1722 636 2041 698 excludunt
2085 635 2281 708 multi,
2329 645 2387 697 et
2428 638 2585 708 iure,
2630 654 2801 717 prae-

227 757 367 800 sens
411 749 470 801 et
511 741 924 820 inperfectum.
1013 742 1064 802 si
1120 742 1278 801 enim
1333 742 1620 820 optativus
1678 739 1888 801 modus
1932 739 2143 801 dicitur
2187 737 2261 800 ab
2307 756 2377 799 eo
2422 739 2579 818 quod
2623 747 2801 819 optet,

227 844 590 922 praesentia,
636 843 696 904 id
742 854 832 904 εει
873 861 1022 924 quae
1066 841 1379 913 hahemus,
1427 851 1633 921 optare
1678 860 1799 902 non
1842 859 2170 921 possumus.
2259 842 2343 901 sic
2387 851 2447 902 et
2490 841 2562 901 de
2606 843 2803 920 inper-

227 943 382 1004 fecto
439 945 806 1024 repudiando
861 945 1090 1016 dicunt,
1149 946 1286 1025 quia
1340 952 1502 1005 retro
1558 952 1764 1025 optare
1824 961 1941 1004 non
1996 961 2335 1022 possumus;
2404 961 2545 1022 ergo
2606 951 2663 1003 et
2728 943 2800 1003 de
2828 961 2851 1000 5

227 1046 494 1126 perfecto
539 1055 598 1107 et
641 1045 1250 1128 plusquamperfecto,
1297 1065 1445 1127 quae
1489 1064 1714 1107 conexa
1756 1053 1921 1116 sunt,
1966 1044 2122 1106 idem
2168 1045 2482 1107 dicendum
2528 1052 2634 1105 εει.
2697 1045 2800 1105 sed

227 1150 312 1208 sic
356 1166 669 1228 possumus
713 1157 934 1230 optare,
991 1156 1058 1210 ut
1111 1151 1484 1227 increpemus
1537 1148 1626 1210 vel
1682 1149 1977 1209 fortunam
2035 1146 2126 1208 vel
2179 1147 2333 1229 quod
2392 1165 2511 1207 non
2554 1146 2800 1207 fecimus

225 1259 523 1329 oportuno
581 1259 877 1333 tempore,
925 1252 1145 1312 utinam
1201 1249 1496 1330 legissem.
1583 1251 1744 1312 vides
1797 1249 1953 1331 quod
1998 1248 2111 1310 hoc
2148 1250 2475 1329 increpatio
2522 1261 2632 1319 εει,
2682 1267 2800 1310 non

227 1359 456 1423 votum,
507 1356 767 1415 ‘utinam
812 1352 912 1415 illo
957 1361 1224 1433 tempore
1269 1352 1576 1432 legissem,
1623 1370 1739 1432 quo
1782 1354 1948 1432 potui
1992 1351 2274 1413 discere’.
2364 1359 2607 1432 propter
2650 1351 2801 1412 hanc

226 1472 372 1532 ergo
433 1457 840 1518 necessitatem
896 1474 1174 1518 concessa
1229 1465 1368 1516 sunt
1418 1457 1528 1516 ista
1596 1462 1883 1534 tempora.
1969 1471 2152 1535 quare
2204 1455 2317 1516 ista
2372 1472 2595 1515 conexa
2646 1460 2798 1524 sunt,
2832 1471 2877 1510 10

227 1573 512 1634 praesens
558 1565 618 1618 et
660 1558 956 1618 futurum?
999 1556 1305 1635 respondit
1349 1562 1442 1617 ‘et
1485 1575 1602 1637 quo
1633 1556 1811 1617 modo
1854 1556 2042 1618 habeo
2088 1557 2285 1619 facere
2328 1574 2611 1636 praesens
2654 1563 2800 1616 tem·

227 1659 374 1738 pus?
431 1660 514 1718 vis
571 1668 636 1722 ut
696 1659 885 1721 dicam
939 1659 1163 1720 utinam
1218 1657 1516 1738 legerem?
1572 1658 1702 1720 dico
1764 1661 1985 1721 utinam
2043 1657 2264 1738 legam;
2322 1659 2529 1738 incipit
2572 1675 2700 1718 esse
2744 1666 2803 1718 et

229 1778 515 1838 praesens
559 1768 791 1841 tempus
836 1769 896 1821 ει
937 1760 1220 1822 futurum.
1289 1761 1390 1822 sed
1437 1761 1588 1822 sorte
1633 1761 1793 1822 dicas
1837 1762 2010 1832 mihi,
2056 1760 2262 1823 similis
2306 1759 2477 1840 culpa
2522 1769 2627 1830 est,
2680 1763 2801 1821 sive

225 1865 550 1942 praeterito
595 1865 715 1924 sive
760 1862 958 1924 futuro
1005 1847 1388 1942 coniungam'
1413 1881 1712 1942 praesens
1802 1865 1852 1923 si
1907 1864 2063 1924 enim
2107 1881 2227 1922 non
2272 1862 2446 1923 debet
2490 1881 2619 1923 esse
2662 1881 2803 1924 con-

230 1964 416 2034 fusio,
463 1966 733 2027 vitiosum
778 1973 868 2026 est
904 1968 913 2040 Ι
953 1983 1086 2026 cum
1135 1964 1399 2044 quolibet
1445 1973 1706 2043 tempore
1769 1973 1999 2044 tempus
2042 1982 2323 2044 praesens
2368 1962 2511 2025 velle
2556 1965 2878 2026 consuo-15

231 2065 396 2127 dere.
485 2067 590 2127 sed
635 2065 998 2128 tolerabilius
1045 2076 1134 2127 εει
1175 2067 1366 2128 vicina
1408 2069 1796 2146 coniungere,
1842 2085 2015 2147 quam
2062 2065 2236 2146 longe
2280 2073 2603 2146 separata'.
2662 2087 2802 2128 con-

227 2170 527 2230 iunctivus
571 2170 828 2250 quinque
871 2168 1052 2231 babet
1095 2178 1380 2250 tempora.

1247 2357 1346 2419 DE
1386 2355 1778 2419 ADVERBIO.

400 2491 754 2554 Adverbium
813 2492 1032 2554 dictum
1089 2499 1206 2564 est,
1264 2496 1400 2574 quia
1443 2511 1678 2574 semper
1720 2492 1901 2554 verbo
1946 2491 2250 2562 cohaeret,
2310 2510 2428 2553 non
2471 2491 2629 2572 quod
2672 2511 2800 2554 ver-

228 2593 372 2655 bum
419 2596 534 2675 ipsi
578 2594 853 2657 adverbio
899 2595 1241 2666 cohaereat,
1287 2594 1391 2656 sed
1434 2595 1589 2674 quod
1620 2595 1957 2657 adverbium
2002 2612 2238 2673 semper
2286 2594 2461 2656 verbo
2504 2597 2798 2674 iungatur.
2831 2623 2883 2663 20

229 2704 428 2775 potest
484 2698 642 2758 enim
696 2699 825 2758 fieri
880 2707 945 2759 ut
998 2696 1244 2758 verbum
1299 2698 1426 2758 sine
1484 2697 1759 2759 adverbio
1803 2698 2056 2778 positum
2112 2695 2514 2776 intellegatur,
2562 2697 2803 2758 ‘Cicero

232 2797 384 2859 dixit
402 2805 439 2870 ’,
488 2799 731 2860 ‘Cicero
776 2798 969 2860 secit’.
1027 2797 1301 2861 adverbia
1345 2799 1471 2859 sine
1515 2798 1709 2861 verbis
1753 2817 1873 2860 non
1912 2799 2133 2860 habent
2174 2797 2564 2860 intellectum:
2609 2799 2802 2871 hodie,

230 2900 376 2980 quid
421 2900 636 2963 hodie?
679 2919 799 2962 non
842 2899 1228 2979 intellegitur,
1272 2901 1387 2960 nisi
1431 2900 1725 2962 addideris
1767 2901 1899 2981 lego
1945 2901 2093 2962 facio
2134 2910 2233 2963 aut
2276 2901 2508 2980 aliquod
2540 2901 2805 2972 verbum,

231 3009 298 3062 ut
342 3002 557 3064 ‘hodie
600 3003 732 3083 lego
753 3009 792 3074 ',
840 3002 1050 3063 ‘hodie
1095 3002 1303 3064 sacio'.
1389 3003 1524 3063 ideo
1570 3021 1712 3082 ergo
1760 3003 1911 3063 dicta
1956 3011 2095 3063 sunt
2136 3003 2431 3074 adverbia,
2481 3004 2637 3084 quod
2680 3003 2802 3066 sola

231 3121 473 3166 sensum
528 3103 758 3185 inplere
815 3123 936 3166 non
987 3113 1262 3184 possunt,
1319 3104 1423 3165 sed
1479 3107 1672 3165 iuncta
1732 3103 1912 3165 verbo
1964 3104 2193 3184 inplent
2247 3122 2504 3166 sensum.
2594 3106 2805 3167 deinde
2832 3134 2881 3174 ιε,

233 3207 414 3267 etiam
458 3205 602 3268 illud
647 3208 799 3268 scire
844 3205 1157 3278 debemuS,
1206 3206 1359 3286 quod
1407 3205 1723 3268 verborum
1777 3215 1985 3268 natura
2030 3207 2220 3267 media
2266 3215 2354 3267 est
2398 3215 2457 3267 et
2497 3215 2691 3286 potest
2732 3209 2805 3268 ad

231 3308 389 3369 banc
433 3306 525 3369 vel
570 3307 642 3369 ad
685 3306 846 3369 illam
893 3307 1301 3370 condicionem
1347 3308 1588 3378 deduci;
1635 3317 1700 3370 ut
1744 3310 1978 3389 puta-si
2007 3309 2197 3370 dicam
2229 3308 2378 3386 leg0,
2412 3309 2668 3371 medium
2700 3319 2803 3381 est,

233 3419 294 3470 ct
349 3428 590 3490 possum
645 3410 830 3471 videri
885 3417 945 3471 et
985 3409 1139 3471 bene
1182 3408 1383 3490 legere
1438 3420 1496 3472 et
1551 3409 1702 3471 male
1757 3409 1973 3490 legere.
2061 3408 2175 3471 hoc
2230 3428 2372 3490 ergo
2416 3410 2549 3490 lego
2614 3411 2805 3474 adhuc

234 3509 579 3590 ambiguum
639 3521 755 3584 est,
819 3531 992 3594 quem
1051 3512 1122 3573 ad
1183 3513 1423 3575 modum
1477 3511 1696 3592 legam:
1770 3515 1951 3592 iungo
1997 3512 2366 3584 adverbium,
2426 3521 2484 3573 ει
2524 3515 2641 3574 iam
2686 3533 2805 3575 non

238 3614 354 3674 erit
396 3615 716 3687 incertum,
765 3613 952 3675 ‘bene
997 3613 1186 3695 lego',
1237 3613 1422 3677 ‘male
1467 3613 1668 3695 lego':
1716 3615 1867 3678 sacta
1899 3625 1987 3677 est
2017 3615 2310 3677 distinctio
2340 3617 2400 3675 in
2432 3634 2499 3676 re
2544 3617 2802 3687 consusa,
2832 3645 2882 3686 ³0

235 3723 302 3776 ut
353 3713 501 3776 illud
554 3716 711 3796 quod
769 3724 896 3777 erat
949 3716 1189 3779 dubium
1255 3718 1620 3781 manifestius
1685 3717 1921 3780 clareat.
2010 3717 2284 3780 adverb10
2348 3717 2621 3779 accidunt
2675 3721 2805 3790 tria,

235 3819 584 3897 significatio
629 3820 965 3899 conparatio
1008 3820 1214 3899 figura.

411 3919 884 4000 significationes
925 3921 1388 3984 innumerabiles
1433 3932 1598 3994 sunt,
1645 3925 1706 3983 in
1752 3922 1973 3984 artibus
2016 3930 2208 3985 autem
2254 3921 2481 3984 diverse
2526 3931 2662 3983 sunt
2704 3942 2809 4004 po·

238 4023 414 4084 sitae:
463 4041 600 4084 nam
646 4021 744 4084 alii
787 4031 1012 4104 septem
1057 4033 1410 4104 posuerunt,
1457 4022 1555 4084 alii
1599 4043 1839 4095 novem,
1887 4023 1986 4085 alii
2029 4025 2249 4102 viginti.
2309 4033 2369 4086 tu
2414 4033 2609 4086 tamen
2654 4026 2807 4085 scire

239 4123 420 4186 debes
463 4127 627 4206 quia,
673 4133 816 4204 quot
855 4133 996 4188 aunt
1038 4127 1519 4206 significationes,
1565 4134 1654 4188 tot
1699 4134 1839 4188 sunt
1892 4127 2158 4188 nomina:
2217 4144 2350 4188 nam
2397 4128 2637 4188 nomina
2678 4127 2804 4207 ipsa
2829 4155 2880 4197 35

379 4363 414 4414 6
451 4364 536 4428 qui
575 4365 756 4413 conexi
795 4369 911 4412 sunt
938 4363 1075 4416 LFS
1211 4363 1346 4414 idem
1378 4379 1468 4415 om.
1507 4365 1572 4428 L,
1607 4364 1731 4414 add.
1758 4364 1847 4414 FS
1982 4365 2012 4413 7
2052 4371 2107 4414 ut
2142 4365 2403 4431 increpare
2438 4379 2532 4415 nos
2560 4365 2645 4416 uel
2672 4365 2810 4417 LFS

383 4434 440 4484 11
481 4448 724 4500 praesens
761 4441 960 4500 tempus
992 4436 1074 4483 uis
1105 4441 1160 4484 ut
1192 4433 1358 4486 dicam
1389 4435 1478 4485 tibi
1516 4435 1710 4484 utinam
1746 4433 1967 4498 legerem
2004 4434 2119 4484 dico
2156 4436 2347 4486 utinam
2380 4436 2545 4502 legam
2581 4437 2627 4486 S
2657 4450 2807 4502 prae-

241 4517 358 4552 sens
387 4511 590 4569 tempus
627 4505 708 4553 uis
743 4513 797 4553 ut
833 4504 1000 4553 dicam
1027 4504 1220 4553 utinam
1249 4504 1414 4571 legam
1449 4505 1500 4554 F
1637 4505 1698 4554 12
1744 4505 1821 4553 vis
1859 4519 1953 4554 om.
1984 4505 2033 4553 L
2172 4505 2237 4557 16
2279 4507 2629 4556 coniunctiuus
2660 4507 2809 4570 quin·

243 4588 340 4636 que
375 4572 526 4622 habet
559 4583 788 4640 tempora
823 4589 888 4622 nn
917 4588 1172 4624 Anunnmo
1209 4574 1258 4623 F
1288 4584 1338 4625 et
1373 4575 1694 4624 coniunctiua
1730 4573 1951 4636 quinque
1977 4571 2165 4624 habeut
2188 4585 2417 4642 tempora
2453 4591 2517 4624 nn
2554 4591 2806 4627 munnam

239 4643 282 4691 S
313 4644 642 4693 coniunctium
669 4643 890 4707 quinque
923 4643 1108 4693 habent
1137 4655 1365 4710 tempora
1388 4660 1600 4711 presens
1626 4643 1951 4710 praeteritum
1976 4644 2305 4708 inperfectum
2332 4643 2657 4711 praeteritum
2688 4661 2808 4712 per-

243 4713 432 4762 fectum
463 4723 512 4762 et
545 4713 782 4765 futurum.
826 4714 916 4763 sed
954 4713 1080 4763 haec
1117 4714 1392 4765 fonnarum
1424 4714 1603 4780 regula
1627 4712 2060 4781 ‚praetereundum
2097 4729 2197 4764 nou
2234 4724 2327 4767 est.
2382 4718 2609 4781 sequitur
2644 4717 2809 4768 brevic

241 4784 520 4848 disputatio
567 4784 631 4834 de
670 4785 848 4848 for-mis
881 4783 1164 4846 verbor-um,
1200 4801 1329 4850 quae
1367 4787 1654 4850 efficiuntur
1687 4785 1871 4836 litteris
1904 4786 1955 4835 in
1982 4786 2283 4848 paenultima
2312 4785 2569 4837 verborum
2606 4787 2810 4852 syllaba

241 4856 430 4916 positis.
466 4869 734 4906 axrosrruo
771 4855 1138 4907 anvnnbiorum
1176 4856 1226 4904 L
1950 4883 1962 4896 ·
