3434 5442
671 337 794 402 382
1673 343 1680 349 “
1816 327 2094 392 DONATI

777 454 822 494 p.
851 441 914 481 ιτ.
947 440 996 484 18
1021 437 1066 482 1..
1225 439 1232 448 ·
2809 447 2851 487 p.
2880 433 3065 478 nsi-se
3084 433 3137 478 Ρ.

675 522 1031 582 inchoantur
1074 518 1459 598 praeteritum
1505 523 1739 596 tempus
1782 532 1904 576 non
1946 515 2199 586 habent,
2246 522 2307 576 et
2350 515 2623 578 oriuntur
2658 531 2693 572 a
2724 514 3070 577 neutralibus
3108 534 3249 576 ver-

676 621 786 683 bis.
849 629 985 682 sunt
1029 621 1202 680 etiam
1251 618 1678 697 frequentativa
1723 617 1797 676 de
1841 619 2083 678 nomine
2126 618 2439 686 venientia,
2484 625 2549 676 ut
2590 616 2869 695 patrissat
2908 619 3247 694 graecissat;

676 730 814 783 sunt
856 722 1023 802 quasi
1068 720 1426 788 diminutiva,
1474 737 1625 798 quae
1671 737 1702 778 a
1747 719 2008 798 perfecta
2058 718 2246 778 forma
2293 719 2560 788 veniunt,
2620 724 2685 778 ιιι
2728 715 2968 778 sorbillo
3006 717 3248 796 sugillo:

676 831 815 886 sunt
869 825 997 882 sine
1059 823 1289 898 origine
1332 817 1360 904 Η
1398 820 1700 900 perfectae
1748 820 2003 890 formae,
2060 829 2127 880 ιιι
2167 821 2375 900 pitisso
2419 817 2644 880 vacillo.
2732 827 2795 878 et
2834 818 3247 898 frequentativa

489 937 520 966 r
625 944 650 982 5
677 943 853 1004 saepe
897 926 959 983 in
1005 933 1126 984 tres
1170 923 1388 1002 gradus
1435 922 1658 983 ducunt
1687 921 1963 991 verbum,
2009 930 2075 982 ut
2104 939 2281 982 curro
2312 938 2489 982 curso
2520 921 2771 989 cursito,
2818 938 2991 998 saepe
3016 922 3071 980 in
3096 921 3251 982 duos

675 1035 929 1097 tantum,
989 1034 1054 1086 ut
1107 1022 1240 1085 volo
1294 1022 1492 1086 volito.
1577 1030 1717 1084 sunt
1769 1022 1947 1084 verba
2014 1023 2366 1084 inchoativis
2419 1021 2657 1092 similia,
2728 1039 2879 1101 quae
2931 1023 3252 1083 inchoativa

674 1147 794 1189 non
853 1145 984 1190 esse
1041 1136 1372 1204 temporum
1434 1124 1907 1186 consideratione
1964 1126 2403 1204 pernoscimus,
2464 1133 2529 1185 ιιι
2584 1141 2880 1203 conpesco
2922 1125 3245 1202 conpescui.

675 1239 815 1292 sunt
855 1232 996 1290 item
1044 1227 1156 1288 alia
1199 1227 1563 1297 inchoativa,
1610 1245 1761 1307 quae
1806 1246 1837 1286 a
1884 1227 2145 1305 perfecta
2190 1225 2385 1287 forma
2429 1225 2703 1298 veniunt,
2751 1232 2818 1285 ut
2858 1223 3063 1286 horreo
3102 1225 3249 1286 bor-

675 1350 878 1401 resco;
927 1340 1066 1392 sunt
1108 1347 1258 1408 quae
1303 1330 1592 1406 originem
1639 1329 1731 1389 sui
1776 1346 1891 1388 non
1938 1327 2187 1399 habeut,
2245 1335 2311 1388 ut
2354 1343 2677 1388 consuesco
2718 1327 2977 1405 quiesco.

603 1450 651 1490 ιο
847 1432 1305 1509 Coniugationes
1348 1430 1550 1490 verbis
1593 1429 1864 1492 accidunt
1908 1436 2058 1500 tres,
2119 1431 2313 1508 prima
2356 1428 2613 1489 secunda
2658 1429 2851 1490 tertia.
2940 1429 3115 1506 prima
3162 1435 3252 1487 est

679 1552 830 1614 quae
871 1533 1185 1593 indicativo
1217 1530 1395 1593 modo
1428 1540 1696 1610 tempore
1738 1531 2038 1608 praesenti
2084 1547 2333 1590 numero
2378 1528 2664 1608 singulari
2706 1529 2965 1590 secunda
3006 1547 3247 1607 persona

681 1634 860 1695 verbo
905 1635 1092 1694 activo
1138 1641 1198 1694 et
1240 1631 1495 1693 neutrali
1525 1651 1558 1692 a
1590 1631 1939 1712 productam
1984 1628 2163 1690 babet
2204 1637 2343 1690 ante
2385 1631 2761 1692 novissimam
2808 1629 3074 1701 litteram,
3116 1649 3249 1710 pas·

679 1738 801 1796 sivo
847 1735 1148 1796 communi
1193 1743 1251 1794 et
1297 1733 1614 1812 deponenti
1658 1739 1795 1793 ante
1838 1733 2213 1792 novissimam
2258 1731 2568 1811 syllabam,
2615 1741 2681 1793 ιιι
2725 1751 2870 1794 voco
2915 1751 3105 1801 vocas,
3148 1751 3247 1792 vo-

679 1857 783 1899 cor
827 1837 1083 1904 vocaris;
1141 1842 1203 1895 et
1259 1833 1518 1896 futurum
1576 1842 1807 1913 tempus
1864 1833 2125 1894 eiusdem
2184 1833 2345 1894 modi
2385 1835 2450 1893 in
2495 1832 2573 1893 bo
2618 1841 2677 1894 et
2718 1834 2783 1893 in
2826 1832 2937 1893 bor
2980 1832 3249 1912 syllabam

604 1956 651 1996 15
681 1939 887 2009 mittit,
933 1944 1002 1998 ut
1044 1954 1188 1997 voco
1226 1933 1237 2018 Ι
1275 1935 1524 2006 vocabo,
1571 1952 1753 1996 vocor
1790 1934 2068 1996 vocabor.
2130 1933 2388 1996 secunda
2420 1940 2509 1994 est
2551 1952 2702 2014 quae
2744 1933 3053 1994 indicativo
3080 1934 3251 1996 modo

680 2047 946 2119 tempore
990 2038 1291 2118 praesenti
1336 2055 1587 2098 numero
1631 2034 1915 2115 singulari
1958 2035 2216 2097 secunda
2259 2051 2514 2116 persona
2560 2034 2739 2096 verbo
2782 2037 2972 2096 activo
3015 2043 3073 2096 et
3112 2053 3251 2096 neu·

681 2139 814 2202 trali
869 2159 903 2200 e
959 2140 1307 2219 productam
1363 2137 1542 2198 habet
1596 2145 1733 2198 ante
1788 2139 2162 2198 novissimam
2216 2136 2503 2207 litteram,
2561 2138 2791 2216 passivo
2848 2138 3141 2198 communi
3198 2145 3254 2196 et

681 2241 1002 2320 deponenti
1047 2247 1182 2301 ante
1228 2240 1602 2300 novissimam
1648 2237 1959 2320 syllabam,
2018 2247 2079 2299 ut
2124 2256 2339 2298 moneo
2382 2256 2591 2299 mones
2612 2285 2629 2310 ,
2674 2256 2925 2300 moneor
2966 2239 3254 2305 moueris;

681 2350 740 2403 et
782 2341 1042 2404 futurum
1087 2349 1322 2420 tempus
1352 2339 1613 2402 eiusdem
1659 2339 1820 2401 modi
1864 2341 1926 2401 in
1970 2339 2048 2400 bo
2092 2346 2153 2400 et
2192 2340 2255 2400 in
2296 2337 2409 2400 bor
2452 2338 2735 2418 syllabam
2780 2341 2981 2411 mittit,
3030 2349 3093 2401 ut
3130 2359 3255 2400 mo-

603 2461 656 2502 20
683 2461 798 2504 neo
841 2442 1136 2514 monebo,
1171 2459 1420 2502 moneor
1463 2441 1772 2502 monebor.
1862 2443 2035 2502 tertia
2080 2449 2170 2502 est
2222 2459 2375 2521 quae
2414 2441 2731 2503 indicativo
2775 2441 2953 2502 modo
2996 2447 3259 2521 tempore

680 2545 981 2626 praesenti
1023 2561 1275 2604 numero
1321 2540 1608 2621 singulari
1648 2542 1908 2604 secunda
1950 2531 2214 2622 persona
2252 2541 2432 2604 verbo
2475 2544 2663 2603 activo
2706 2550 2767 2603 et
2806 2542 3067 2604 neutrali
3104 2545 3125 2603 i
3166 2544 3255 2603 iu-

467 2671 502 2696 κ
686 2644 916 2706 terdum
974 2652 1306 2723 correptam
1362 2642 1664 2704 interdum
1722 2644 2069 2724 productam
2130 2642 2309 2704 habet
2362 2651 2500 2704 ante
2558 2645 2932 2706 novissimam
2990 2642 3257 2714 litteram,

680 2731 910 2826 passivo
965 2746 1266 2806 communi
1324 2751 1385 2804 et
1438 2743 1761 2825 deponenti
1803 2763 1913 2826 pro
1956 2747 1979 2805 i
2020 2744 2215 2806 littera
2260 2763 2293 2804 e
2338 2752 2671 2824 correptam
2714 2745 2811 2806 vel
2854 2747 2876 2804 i
2918 2745 3257 2825 productam

681 2846 861 2909 babet
905 2855 1041 2906 ante
1086 2847 1460 2906 novissimam
1505 2844 1817 2925 syllabam,
1865 2853 1930 2907 ut
1972 2845 2105 2925 lego
2148 2844 2325 2924 legis,
2372 2841 2542 2925 legor
2583 2844 2829 2926 legeriS,
2877 2846 3053 2909 audio
3082 2848 3256 2918 audis,

605 2967 656 3009 25
683 2949 892 3010 audior
935 2947 1186 3022 audiris3
1233 2954 1294 3006 et
1337 2945 1596 3007 futurum
1643 2955 1878 3027 tempus
1908 2946 2171 3008 eiusdem
2216 2947 2377 3007 modi
2418 2949 2483 3007 in
2526 2966 2622 3007 am
2668 2955 2728 3008 et
2769 2949 2831 3008 in
2874 2966 2943 3008 ar
2984 2947 3257 3027 syllabam

681 3050 888 3120 mittit,
947 3056 1014 3109 ut
1065 3047 1198 3126 lego
1251 3046 1472 3125 legam,
1539 3047 1708 3125 legor
1765 3046 1959 3126 legar,
2034 3047 2207 3108 audio
2264 3048 2527 3120 audiam,
2596 3047 2805 3109 audior
2865 3048 3091 3112 audiar.
3180 3059 3260 3110 est

682 3151 863 3212 altera
909 3150 1136 3228 species
1181 3151 1390 3210 tertiae
1434 3149 1893 3226 coniugationis,
1939 3167 2090 3228 quae
2134 3149 2153 3208 i
2195 3148 2482 3230 producta
2526 3151 2896 3211 enuntiatur:
2948 3150 3103 3212 hauc
3150 3169 3259 3211 non

547 3281 576 3295 e
682 3249 828 3313 nulli
857 3261 1126 3330 quartam
1158 3251 1633 3327 coniugationem
1675 3255 1914 3329 putant,
1956 3250 2113 3330 quod
2146 3251 2405 3312 futurum
2438 3259 2673 3332 tempus
2714 3252 2777 3311 in
2820 3269 2915 3311 am
2962 3249 3129 3312 etin
3174 3251 3256 3320 bo,

679 3355 742 3412 in
789 3370 854 3414 ar
899 3359 958 3412 et
999 3353 1064 3410 in
1105 3349 1218 3410 bor
1262 3349 1544 3429 syllabam
1575 3346 1602 3433 ΙΙ
1631 3352 1838 3421 ιιιιιιίι,
1886 3359 1952 3411 ιιι
1980 3352 2171 3412 servio
2217 3353 2400 3413 servis
2444 3353 2693 3412 serviam
2740 3351 2995 3420 servibo,
3044 3355 3261 3412 vincior

606 3474 658 3514 30
690 3454 928 3513 vinciris
971 3453 1196 3512 vinciar
1241 3450 1526 3512 vincibor.
1605 3451 1765 3531 quod
1810 3451 2045 3530 quidam
2093 3451 2417 3514 refutantes
2460 3461 2683 3531 negant
2723 3453 2783 3512 in
2828 3452 2905 3513 bo
2950 3462 3011 3513 et
3052 3455 3113 3513 in
3161 3454 3260 3514 bor

682 3556 794 3615 rite
851 3554 1012 3613 exire
1069 3569 1242 3632 posse
1300 3553 1531 3612 tertiam
1593 3553 2095 3630 coniugationem,
2155 3554 2270 3613 nisi
2320 3555 2381 3614 in
2428 3573 2498 3614 eo
2542 3553 2723 3614 verbo
2769 3553 2926 3633 quod
2968 3554 3029 3614 in
3071 3557 3257 3635 prima

681 3671 935 3734 persona
992 3651 1289 3712 indicativi
1344 3651 1505 3712 modi
1557 3654 1843 3732 temporis
1896 3655 2226 3732 praesentis
2290 3656 2525 3715 numeri
2578 3653 2895 3733 singularis
2948 3673 2981 3715 e
3038 3665 3178 3717 ante
3226 3675 3257 3716 o

682 3753 984 3823 habuerit,
1032 3758 1099 3812 ut
1141 3771 1211 3813 eo
1255 3770 1407 3831 queo
1453 3771 1582 3813 eam
1627 3771 1841 3833 queam
1884 3753 1985 3814 ibo
2030 3753 2209 3833 quibo
2254 3764 2315 3815 et
2366 3774 2401 3817 a
2443 3757 2675 3835 passivo
2720 3773 2906 3836 queor
2950 3775 3137 3836 quear
3182 3756 3262 3816 vel

681 3853 920 3934 quibor,
969 3859 1028 3914 et
1070 3853 1237 3932 siqua
1281 3861 1419 3914 sunt
1461 3851 1688 3915 similia.

823 3989 849 4039 1
891 4003 922 4038 a
949 3986 1166 4038 neutrali
1198 3987 1354 4038 uerbo
1387 3989 1430 4040 S
1565 3989 1598 4037 2
1641 3997 1761 4038 sunt
1797 3990 1950 4039 etiam
1989 3987 2357 4052 frequentatiua
2384 4018 2453 4028 —
2490 3992 2525 4044 6
2560 3989 2717 4042 volito
2748 3993 2909 4044 Dion.
2936 4009 2994 4057 p.
3027 3991 3135 4046 336

681 4061 716 4110 4
745 4060 965 4125 patrisso
992 4073 1128 4110 corr.
1172 4057 1349 4123 pitisso
1380 4059 1424 4110 S
1529 4057 1987 4122 etsst'requentatiua
2013 4058 2176 4108 forma
2202 4074 2359 4125 saepe
2389 4062 2440 4110 in
2470 4070 2572 4111 tres
2598 4062 2793 4128 gradus
2818 4063 3022 4113 deducit
3056 4064 3261 4113 uerbum

683 4130 760 4180 L:
800 4129 872 4191 οῖ’.
913 4129 1143 4181 Consent.
1170 4141 1228 4189 p.
1259 4127 1396 4178 2063
1535 4127 1569 4176 5
1609 4126 1867 4176 deducunt
1898 4127 1949 4176 P
1977 4129 2244 4179 Diomedes
2266 4146 2321 4194 p.
2351 4129 2454 4182 336
2496 4131 2689 4181 ducunt
2714 4133 2790 4197 Sp
2928 4133 3059 4182 duas
3096 4133 3139 4183 S

681 4200 857 4249 (hunt
877 4199 1035 4248 verba
1059 4221 1127 4234 -
1156 4198 1192 4248 9
1217 4197 1423 4260 quiesco
1454 4197 1616 4248 Diom.
1638 4209 1696 4259 p.
1729 4196 1833 4247 335
1973 4199 2003 4246 7
2027 4199 2382 4263 pernoscimus
2409 4200 2457 4250 L
2491 4201 2759 4252 Diomedes
2786 4202 3102 4253 diuuscimus
3128 4217 3256 4254 corr.

680 4267 996 4317 dinoscimus
1033 4267 1075 4316 S
1107 4267 1463 4332 cognoscimus
1496 4265 1548 4314 P
1712 4265 1748 4316 8
1781 4265 1901 4315 item
1944 4263 2069 4332 alia]
2114 4269 2265 4317 etiam
2307 4270 2351 4320 S
2520 4269 2586 4320 10
2625 4285 2691 4320 nn
2730 4285 3103 4322 commun-roua
3140 4271 3261 4322 Con·

679 4337 969 4402 iugationes
999 4337 1066 4387 S.-
1097 4333 1491 4398 Coniugationes
1517 4361 1586 4371 —-
1613 4331 1679 4384 34
1707 4334 1896 4384 similia
1927 4336 2159 4388 Consent.
2186 4353 2246 4402 p.
2282 4337 2421 4388 2069
2450 4353 2529 4402 sq.
2678 4339 2742 4390 12
2764 4342 3066 4406 productum
3096 4343 3155 4391 P

687 4408 750 4456 14
772 4407 1007 4456 uiusdam
1038 4405 1082 4455 S
1109 4403 1380 4454 huiusdem
1406 4420 1435 4454 s
1577 4404 1640 4453 17
1681 4404 1984 4469 productum
2014 4405 2106 4456 SP
2241 4407 2308 4457 21
2344 4407 2599 4457 interdum
2636 4418 2919 4474 correptum
2948 4413 3111 4474 (corr.
3138 4409 3263 4473 -am)

681 4475 933 4524 interdum
980 4474 1284 4539 productum
1331 4472 1480 4537 (corr
1513 4471 1643 4538 -am)
1677 4475 1722 4524 S
1762 4474 2014 4525 interdum
2066 4475 2363 4540 productam
2403 4475 2539 4538 (-um
2564 4477 2636 4540 P)
2690 4479 2945 4529 interdum
2986 4491 3259 4546 correptam

684 4543 822 4608 (-urn
855 4541 930 4606 P)
961 4544 1062 4592 LP
1161 4541 1230 4593 23
1261 4558 1290 4591 e
1315 4551 1601 4607 correptum
1639 4541 1807 4607 (corr.
1834 4558 1943 4594 -am
1980 4543 2044 4609 S)
2074 4543 2160 4593 uel
2189 4546 2207 4594 i
2236 4546 2538 4611 productum
2568 4546 2730 4609 (corr.
2768 4564 2875 4599 -am
2902 4549 2970 4612 S)
3002 4548 3165 4600 habet
3192 4549 3265 4602 SP

683 4627 712 4660 e
741 4620 1024 4674 correptam
1054 4611 1206 4662 habet
1227 4611 1310 4660 uel
1347 4614 1364 4661 i
1395 4612 1692 4677 productam
1725 4610 1775 4659 L
1914 4613 1981 4664 25
2010 4613 2283 4664 huiusdam
2310 4617 2354 4666 S
2386 4616 2617 4666 eiusdem
2653 4631 2683 4667 e
2817 4619 2886 4668 27
2921 4620 3009 4681 qui
3040 4616 3205 4683 (quae
3229 4617 3261 4681 ἱ)

684 4681 700 4727 i
741 4681 986 4743 producta
1015 4680 1065 4728 L
1092 4695 1222 4744 quae
1255 4681 1272 4729 i
1307 4683 1556 4748 producto
1589 4681 1688 4744 (-ta
1713 4685 1773 4746 p)
1800 4681 1851 4729 P
1878 4697 2009 4745 quae
2037 4683 2091 4731 in
2114 4684 2133 4733 i
2158 4685 2407 4750 producto
2438 4683 2541 4749 (-ιιι
2567 4683 2621 4748 ε)
2643 4687 2687 4737 S
2776 4686 2847 4738 28
2874 4689 3015 4751 quod
3044 4685 3262 4738 futurum

685 4749 787 4797 LP
820 4751 1111 4800 Consentius
1141 4763 1196 4811 p.
1220 4749 1360 4800 2070
1397 4764 1526 4814 quae
1559 4749 1787 4800 futurum
1814 4751 1860 4801 S
1993 4753 2046 4801 in
2082 4767 2166 4802 am
2204 4761 2254 4803 et
2292 4757 2342 4804 iu
2372 4755 2437 4805 bo
2467 4763 2518 4805 et
2552 4755 2606 4803 in
2646 4769 2705 4805 ar
2732 4764 2783 4806 et
2818 4758 2874 4805 ιιι
2904 4757 2998 4806 bor
3024 4757 3077 4806 L
3112 4758 3171 4807 iu
3199 4771 3265 4807 am

684 4825 733 4866 et
756 4819 807 4866 in
835 4831 892 4865 ar
913 4817 966 4865 in
994 4818 1058 4867 bo
1085 4823 1136 4868 et
1161 4819 1216 4867 in
1255 4819 1346 4868 bor
1371 4819 1463 4870 SP
1597 4817 1667 4870 30
1693 4835 1825 4883 quae
1858 4820 2065 4884 quidam
2100 4823 2143 4873 S
2278 4823 2348 4876 33
2374 4839 2534 4888 queor
2570 4838 2725 4888 quear
2758 4825 2872 4876 ibor
2898 4826 3089 4889 quibor
3110 4828 3161 4879 S
