3434 5442
830 341 927 402 DE
967 340 1268 403 VLTIMIS
1317 340 1674 403 SYLLABlS
1718 340 1821 403 vn
1858 340 2111 403 7-vl11
2150 342 2186 402 3
2218 416 2225 423 ὓ
2681 342 2805 405 243

307 470 354 510 ρ.
394 456 514 497 1415.
539 456 589 497 16
617 456 666 497 Ρ.
2410 469 2456 511 p.
2490 457 2628 498 71.⁷2
2656 457 2702 498 1..

207 545 348 588 sona
395 534 732 605 postremas
773 527 986 589 breves
1027 526 1235 619 habet,
1293 536 1360 591 ut
1405 527 1735 591 amabimur
1780 528 2187 597 monebimur,
2246 529 2504 591 secunda
2548 547 2805 609 persona

207 629 452 691 brevem
497 637 556 691 et
580 628 839 707 longam,
883 631 1054 691 tertia
1093 646 1351 707 persona
1384 628 1648 693 ultimam
1685 630 1929 691 brevem
1974 631 2200 709 recipit.
2263 632 2432 691 tertia
2470 631 2804 707 conlugatio

205 731 498 809 producta
542 729 632 791 vel
677 739 948 809 correpta
1005 732 1266 793 eiusdem
1322 734 1608 811 temporis
1665 730 1848 792 futuri
1904 731 2155 812 primam
2202 750 2517 810 personam
2574 732 2805 793 duabus

207 834 532 913 postremis
566 831 845 895 brevibus
887 832 1158 911 explicat,
1203 840 1268 893 ut
1311 834 1541 893 nutriar
1580 833 1799 911 rapiar.
1888 834 1949 893 in
1994 831 2325 913 dissyllabis
2369 840 2565 895 autem
2613 834 2805 895 verbis

203 935 506 997 interdum
557 932 914 1012 paenultima
958 934 1130 1013 longa
1178 940 1238 995 et
1275 941 1576 1014 postrema
1634 934 1833 995 brevis
1892 935 2030 1004 erit,
2084 942 2149 995 ut
2200 936 2259 996 in
2303 934 2547 996 Horatio
2606 936 2797 1014 primo
2853 964 2878 1001 5

205 1038 542 1098 carminum
612 1036 1014 1097 ‘scriberis
1069 1036 1292 1097 Vario
1349 1036 1636 1098 fortis’.
1724 1034 1941 1115 plurali
1993 1053 2243 1097 numero
2303 1039 2494 1114 prima
2548 1056 2803 1117 persona

205 1136 640 1215 paenultimam
675 1136 910 1217 longam
965 1143 1024 1198 et
1079 1145 1441 1216 postremam
1483 1136 1723 1199 brevem
1776 1136 1985 1209 habet,
2045 1145 2109 1199 ut
2154 1138 2467 1200 audiemur
2512 1147 2569 1201 et
2612 1141 2803 1218 rapie-

205 1257 373 1301 mur:
456 1240 716 1301 secunda
759 1258 1014 1318 persona
1071 1238 1301 1300 tertiam
1359 1239 1434 1300 ab
1477 1239 1680 1301 ultima
1741 1238 2007 1319 longam,
2065 1239 2486 1319 paenultimam
2541 1240 2801 1311 brevem,

205 1348 572 1419 postremam
616 1340 850 1419 longam
891 1340 1098 1410 habet,
1157 1348 1222 1403 ut
1263 1342 1578 1403 audiemini
1625 1348 1684 1403 et
1726 1342 2071 1421 rapiemini:
2159 1343 2329 1405 tertia
2376 1360 2630 1420 persona
2672 1342 2804 1404 ulti-

207 1460 364 1503 mam
409 1441 654 1505 brevem
699 1442 894 1513 habet,
943 1449 1009 1504 nt
1047 1442 1360 1505 audientur
1402 1443 1725 1522 rapientur.
2833 1471 2882 1511 10

323 1556 336 1564 ·
381 1544 772 1623 Imperativus
821 1543 1032 1605 modus
1093 1552 1360 1622 tempore
1420 1547 1716 1623 praesenti
1778 1562 2028 1607 numero
2078 1544 2364 1624 singulari
2412 1563 2668 1624 persona
2714 1566 2805 1609 se-

205 1645 400 1710 cunda
451 1644 541 1707 vel
577 1645 750 1707 tertia
791 1646 852 1705 in
895 1646 1410 1725 coniugationibus
1451 1646 1756 1725 productis
1812 1646 2230 1725 paenultimam
2276 1646 2513 1726 longam
2570 1656 2630 1709 et
2671 1648 2804 1710 ulti-

205 1766 364 1811 mam
411 1747 654 1809 brevem
697 1746 894 1817 habet,
945 1754 1011 1807 ut
1055 1765 1255 1809 amare
1300 1754 1562 1819 ametur,
1605 1766 1853 1810 monere
1888 1756 2218 1817 moneatur,
2267 1748 2473 1810 audire
2516 1750 2803 1811 audiatur.

205 1851 262 1909 in
309 1850 484 1911 tertia
531 1857 724 1910 autem
781 1850 1192 1927 coniugatione
1238 1856 1512 1930 correpta
1571 1850 1835 1911 secunda
1877 1868 2135 1929 persona
2176 1848 2187 1932 Ι
2226 1857 2519 1929 utraeque
2571 1858 2805 1930 postre-

207 1970 342 2015 mae
385 1950 600 2013 breves
645 1958 808 2021 sunt,
849 1958 915 2011 ut
952 1950 1218 2013 scribere
1257 1950 1488 2030 legere:
1543 1953 1602 2011 in
1642 1953 1813 2013 tertia
1848 1970 2101 2031 persona
2144 1951 2497 2030 paenultima
2538 1952 2711 2033 longa
2750 1962 2807 2015 et
2836 1980 2883 2021 15

205 2062 506 2130 postrema
555 2051 752 2113 brevis
796 2060 915 2123 est,
973 2059 1037 2114 ut
1079 2052 1328 2131 legatur.
1417 2051 1628 2131 plurali
1684 2069 1939 2115 numero
1993 2072 2245 2132 persona
2292 2055 2485 2133 prima
2542 2057 2804 2130 omnium

205 2156 688 2233 coniugationum
719 2150 746 2237 ΙΙ
775 2153 1196 2233 paenultimam
1239 2153 1474 2233 longam
1523 2161 1580 2215 et
1615 2153 1883 2215 ultimam
1923 2155 2164 2217 brevem
2196 2155 2392 2225 habet,
2440 2163 2505 2216 ut
2535 2174 2804 2219 amemur

203 2274 558 2319 moneamur
601 2256 910 2317 audiamur
945 2255 1304 2317 scribamur:
1351 2274 1608 2335 persona
1641 2257 1901 2318 secunda
1938 2258 2170 2319 tertiam
2204 2256 2277 2318 ab
2311 2256 2510 2319 ultima
2543 2257 2799 2338 longam,

203 2358 628 2437 paenultimam
657 2355 897 2419 brevem
945 2364 1003 2417 et
1035 2364 1398 2436 postremam
1432 2356 1666 2438 longam
1698 2357 1907 2419 habet:
1944 2360 2119 2420 tertia
2155 2376 2408 2437 persona
2440 2366 2801 2438 postremam

201 2460 488 2541 syllabam
534 2477 769 2538 semper
811 2458 1054 2521 brevem
1107 2461 1353 2538 recipit.·
1425 2466 1694 2538 tempore
1744 2460 1943 2521 futuro
1996 2460 2057 2520 in
2104 2459 2381 2521 omnibus
2437 2463 2793 2540 coniugatio·
2828 2488 2882 2529 πυ

203 2562 380 2623 nibus
425 2561 730 2640 productis
773 2561 1032 2624 secunda
1074 2560 1166 2622 vel
1209 2562 1378 2623 tertia
1427 2578 1680 2641 persona
1728 2561 2043 2641 singularis
2099 2561 2519 2641 paenultimam
2566 2562 2803 2645 longam

201 2663 428 2725 habent
491 2670 552 2723 et
607 2662 872 2725 ultimam
937 2661 1209 2731 brevem,
1283 2669 1349 2723 ut
1417 2662 2019 2741 ‘contemplator
2088 2666 2263 2724 item
2328 2670 2544 2727 cum'.
2632 2668 2803 2727 tertia

201 2774 400 2827 autem
443 2766 782 2842 coniugatio
827 2771 1102 2843 correpta
1146 2762 1562 2843 paenultimam
1604 2764 1887 2845 syllabam
1932 2763 2170 2826 brevem
2222 2765 2429 2837 habet,
2485 2776 2548 2826 ut
2592 2766 2805 2843 legitor

203 2867 509 2929 scribitor.
569 2864 816 2944 pluralis
858 2883 1144 2927 numerus
1186 2884 1443 2945 persona
1484 2867 1747 2929 secunda
1796 2868 2190 2944 coniugationi
2237 2868 2443 2928 tertiae
2489 2876 2803 2947 correptae

205 2970 488 3049 conpetit.
1317 2952 1328 2961 ’
2828 2995 2879 3035 25

375 3071 648 3150 Optativo
693 3068 870 3131 modo
937 3077 1206 3149 tempore
1267 3071 1569 3149 praesenti
1631 3076 1690 3130 et
1754 3070 2073 3147 praeterito
2140 3070 2491 3149 imperfecto
2553 3088 2803 3132 numero

203 3171 490 3252 singulari
531 3189 824 3250 personae
867 3188 1074 3231 omnes
1123 3172 1182 3230 in
1229 3172 1420 3232 tribus
1465 3169 1978 3247 coniugationibus
2022 3171 2327 3251 productis
2381 3173 2799 3251 paenultimam

203 3276 444 3354 longam
489 3276 804 3353 recipiunt,
848 3282 914 3335 ut
955 3275 1180 3335 utinam
1226 3273 1481 3335 donarer
1525 3290 1805 3334 monerer
1848 3272 2117 3334 audirer:
2174 3270 2439 3334 similiter
2483 3275 2544 3334 in
2592 3276 2803 3336 ceteris

205 3378 480 3456 personis
549 3374 964 3453 singularibus.
1051 3377 1192 3437 item
1266 3372 1510 3453 pluralis
1577 3376 1771 3454 prima
1826 3390 2081 3453 persona
2142 3372 2425 3453 singulari
2489 3379 2798 3455 congruit:

205 3480 468 3542 secunda
510 3496 766 3558 persona
807 3480 1036 3539 tertiam
1081 3496 1112 3537 a
1145 3476 1261 3538 fine
1303 3475 1542 3554 longam
1579 3476 1779 3547 habet,
1822 3475 2241 3557 paenultimam
2290 3474 2531 3538 brevem
2576 3484 2635 3539 et
2663 3478 2796 3539 ulti·
2822 3504 2873 3545 30

205 3600 358 3643 mam
407 3580 666 3661 longam,
709 3586 776 3641 ut
810 3581 1034 3641 utinam
1075 3579 1422 3639 amaremini
1458 3577 1855 3641 muneremini
1895 3577 2262 3641 audiremini.
2353 3578 2558 3640 ultima
2604 3587 2798 3642 autem

203 3684 426 3764 syllaba
483 3690 720 3762 praeter
783 3682 1105 3745 secundam
1171 3697 1488 3761 personam
1546 3678 1838 3758 pluralem
1907 3678 2105 3743 brevis
2168 3688 2274 3743 est.
2366 3682 2535 3742 tertia
2604 3689 2799 3743 autem

205 3786 543 3865 coniugatio
595 3792 866 3863 correpta
909 3802 940 3845 a
984 3782 1398 3863 superioribus
1437 3780 1612 3858 longe
1657 3782 1969 3861 discrepat.
2060 3801 2197 3844 nam
2256 3790 2321 3844 ut
2364 3784 2499 3845 illae
2544 3783 2798 3845 litteram

205 3887 472 3950 vocalem
517 3886 871 3965 producunt,
917 3904 1068 3965 quae
1106 3891 1195 3947 est
1227 3884 1404 3945 index
1437 3884 1887 3960 coniugationiS,
1925 3885 2002 3943 ita
2049 3891 2107 3945 et
2149 3884 2255 3945 ista
2303 3866 2565 3965 corripit,
2608 3872 2798 3965 prima

207 3998 402 4053 tamen
459 4006 714 4067 persona
769 3987 1084 4065 singulari,
1139 3994 1206 4048 ut
1259 3988 1482 4046 utinam
1542 3984 1874 4055 scriberer‚
1934 3986 2157 4045 utinam
2208 3984 2470 4065 legerer;
2539 3986 2797 4048 secunda
2825 4008 2874 4049 35

207 4099 400 4155 autem
461 4108 716 4169 persona
765 4088 856 4151 vel
911 4091 1082 4150 tertia
1135 4087 1450 4167 singularis
1499 4085 1919 4165 paenultimam
1975 4084 2257 4165 syllabam
2308 4088 2676 4165 producunt,
2733 4093 2799 4148 ut

209 4196 430 4255 utinam
473 4192 774 4272 rapereris
815 4172 1146 4270 raperetur.
1209 4206 1496 4251 numerus
1538 4186 1783 4269 pluralis
1826 4188 2238 4266 superioribus
2285 4188 2795 4267 coniugationibus

209 4292 526 4365 consentit,
589 4296 814 4357 utinam
879 4292 1300 4354 scriberemur.
1389 4290 1774 4371 praeteritum
1830 4289 2159 4367 perfectum
2224 4296 2283 4351 et
2342 4289 2795 4370 plusquamper-

211 4396 424 4458 fectum
489 4404 728 4474 tempus
789 4394 948 4455 modi
1007 4393 1428 4474 pronuntiativi
1495 4390 1727 4452 duobus
1789 4390 2159 4471 temporibus
2224 4394 2514 4469 congruit.
2604 4394 2793 4470 prima

227 4636 232 4641 ·
339 4610 372 4662 5
407 4610 574 4677 primo
606 4604 906 4674 carminum]
948 4606 1001 4670 6,
1043 4606 1066 4659 l
1239 4608 1306 4657 22
1344 4602 1734 4669 contemplator]
1780 4605 1937 4669 Ver-9.
1970 4618 2150 4669 yeory.
2192 4606 2213 4654 Ι
2251 4604 2347 4656 187
2516 4606 2583 4655 24
2620 4605 2797 4655 coniu—

209 4683 410 4745 gatione
447 4682 596 4731 tertia
625 4680 693 4733 B.
750 4681 851 4729 nisi
885 4678 1174 4727 accuratius
1208 4680 1320 4729 olim
1349 4676 1412 4724 de
1447 4690 1680 4724 mensura
1710 4676 1930 4736 pluralia
1973 4677 2166 4725 numeri
2190 4676 2477 4738 imperativi
2502 4677 2673 4739 futuri
2702 4692 2795 4725 ex-

205 4754 413 4813 positum
457 4759 598 4811 erat,
647 4748 742 4801 leoc
777 4750 951 4799 dicere
993 4748 1189 4799 videtur
1219 4747 1585 4813 grammaticus,
1620 4744 1847 4794 secanda
1878 4758 2103 4806 persona
2133 4747 2481 4809 paenultimam
2512 4762 2609 4795 non
2640 4749 2799 4797 mium

211 4823 257 4869 in
280 4822 548 4883 productis
581 4818 1012 4885 coniuyatiom'bus
1043 4834 1196 4883 quam
1223 4818 1272 4867 in
1309 4818 1460 4865 tertia
1495 4821 1734 4877 correpta
1770 4814 1963 4864 brevem
2000 4832 2128 4867 ease.

2266 4900 2391 4962 16*
