3434 5442
977 343 1120 405 ARS
1166 343 1654 406 GRAMMATICA
1702 344 1754 404 II
1799 348 1991 410 4—9
2665 351 2789 413 377

300 461 345 502 p.
375 450 440 491 is.
475 449 520 490 14
551 449 596 491 1..
2345 465 2393 504 p.
2422 452 2535 494 1748.
2562 453 2611 494 49
2638 452 2686 493 P.

191 527 502 590 intellectu
566 527 845 609 pluralia,
913 536 981 590 ut
1035 528 1287 609 populus
1347 529 1729 612 [conventus]
1786 532 1983 592 contio
2039 531 2237 611 plebs:
2312 538 2449 593 sunt
2502 531 2789 612 quaedam

193 631 490 709 positione
531 630 809 711 pluralia,
857 629 1160 692 intellectu
1202 630 1550 710 singularia,
1583 639 1650 693 ut
1677 633 1940 694 Athenae
1972 631 2189 693 Cumae
2220 632 2458 694 Thebae
2488 635 2787 713 Mycenae.

367 731 622 810 Figurae
667 731 1008 793 nominibus
1053 733 1330 794 accidunt
1373 733 1550 804 duae,
1611 733 1860 814 simplex
1906 740 1963 794 et
2007 735 2345 814 conposita:
2403 735 2680 815 simplex,
2728 742 2792 795 ut
2898 761 2937 775 ο

191 833 406 894 doctus
449 841 690 913 potenS,
738 835 1071 914 conposita,
1130 841 1197 895 ut
1247 835 1519 907 indoctus
1562 835 1875 915 impotens,
1967 840 2384 916 conponuntur
2442 843 2637 897 autem
2684 853 2791 896 no-

189 935 356 996 mina
403 935 596 996 modis
639 942 940 1015 quattuor:
989 954 1060 996 ex
1105 935 1334 997 duobus
1375 937 1654 1015 integriS,
1704 944 1769 997 ut
1812 935 2216 1005 suburbanus;
2263 957 2335 998 ex
2381 937 2611 998 duobus
2657 955 2788 998 cor·
2816 956 2843 995 5

191 1038 416 1116 ruptiS,
463 1044 530 1097 ut
573 1036 774 1098 efficax
823 1039 1158 1117 municeps:
1221 1055 1291 1098 ex
1335 1039 1567 1116 integro
1624 1045 1682 1098 et
1727 1044 2036 1118 corrupto,
2095 1045 2159 1098 ut
2212 1040 2447 1118 ineptus
2502 1037 2791 1100 insulsus:

191 1157 264 1198 ex
313 1127 596 1218 corrupto
641 1145 702 1200 et
741 1140 1000 1218 integre,
1047 1146 1112 1199 ut
1153 1141 1548 1219 pennipotens
1591 1138 1990 1218 nugigerulus.
2053 1147 2470 1218 conponuntur
2513 1141 2688 1201 etiam
2720 1139 2793 1200 de

189 1239 612 1320 conpluribus,
658 1248 724 1301 ut
769 1226 1242 1319 inexpugnabilis
1287 1242 1718 1320 inperterritus.
1812 1241 1871 1300 in
1918 1239 2309 1302 declinatione
2352 1243 2793 1320 conpositorum

190 1344 504 1403 nominum
551 1340 1021 1403 animadvertere
1065 1341 1350 1402 debemus
1395 1361 1462 1402 ea
1511 1360 1660 1421 quae
1707 1361 1779 1403 ex
1824 1339 1853 1425 Η
1892 1341 2123 1402 duobus
2166 1344 2538 1404 nominativis
2567 1360 2789 1422 conpo-

190 1446 306 1504 sita
353 1443 576 1504 fuerint
617 1461 690 1504 ex
733 1452 982 1522 utraque
1026 1451 1194 1523 parte
1238 1461 1348 1522 per
1391 1461 1599 1504 omnes
1643 1461 1817 1505 casus
1859 1443 2173 1513 declinari,
2228 1453 2294 1505 ut
2348 1462 2527 1524 eques
2570 1444 2787 1504 Roma·
2821 1459 2869 1501 ιο

187 1563 334 1615 nuS,
383 1552 624 1624 praetor
667 1543 959 1613 urbanus:
1011 1563 1162 1625 quae
1207 1564 1278 1606 ex
1325 1545 1684 1607 nominativo
1730 1553 1791 1606 et
1833 1544 2098 1626 quolibet
2142 1545 2256 1606 alio
2302 1565 2441 1606 casu
2486 1545 2790 1624 conposita

187 1647 420 1708 fuerint
464 1665 531 1708 ea
577 1653 744 1726 parte
789 1644 1073 1706 declinari
1115 1653 1376 1718 tantum,
1421 1667 1532 1728 qua
1581 1647 1758 1709 luerit
1814 1649 2207 1709 nominativus
2263 1665 2463 1720 casuS,
2510 1654 2575 1709 ut
2616 1665 2789 1726 prae-

193 1748 392 1808 fectus
435 1749 728 1828 equitum,
775 1756 1016 1808 senatus
1057 1747 1410 1809 consultum.
1468 1748 1896 1828 providendum
1944 1757 2035 1810 est
2078 1757 2271 1811 autern
2316 1766 2392 1808 ne
2437 1767 2503 1809 ea
2551 1749 2788 1809 nomina

191 1867 632 1928 conponamuS,
679 1868 830 1930 quae
873 1857 975 1910 aut
1016 1850 1320 1928 conposita
1364 1859 1502 1911 sunt
1547 1859 1646 1911 aut
1689 1851 1947 1930 conponi
1990 1850 2229 1911 omnino
2276 1867 2395 1911 non
2440 1855 2705 1928 possunt.

367 1951 548 2011 Casus
601 1958 741 2012 sunt
797 1970 929 2021 sex,
987 1952 1378 2013 nominativus
1434 1953 1737 2030 genetivus
1794 1953 2024 2014 dativus
2079 1953 2440 2014 accusativus
2494 1951 2789 2010 vocativus
2816 1969 2864 2010 15
2953 1967 2983 1980 ‘

193 2050 502 2113 ablativus.
578 2071 650 2113 ex
694 2052 788 2113 his
825 2053 836 2130 l
875 2051 992 2113 duo
1033 2055 1185 2115 recti
1228 2049 1628 2132 appellantur,
1678 2055 2069 2115 nominativus
2112 2061 2170 2114 et
2212 2055 2531 2123 vocativus,
2578 2051 2794 2131 reliqui

193 2153 422 2234 obliqui
480 2152 600 2234 [vel
656 2141 1064 2234 appendices}
1167 2153 1478 2216 ablativum
1538 2155 1750 2216 Graeci
1820 2173 1939 2216 non
1994 2153 2244 2216 habent:
2333 2155 2493 2215 huuc
2551 2152 2789 2233 quidam

194 2256 500 2323 Latinum,
559 2272 680 2315 non
724 2253 870 2316 nulli
913 2263 1142 2317 sextum
1199 2274 1397 2317 casum
1456 2255 1771 2337 appellant.
1862 2264 1952 2317 est
2008 2263 2200 2318 autem
2246 2255 2638 2316 nominativus
2694 2255 2791 2315 hic
2890 2288 2919 2306 ι

195 2358 370 2426 Cato,
419 2357 723 2435 genetivus
767 2356 942 2418 huius
986 2358 1255 2427 CatouiS,
1303 2359 1528 2420 dativus
1573 2359 1710 2419 huic
1741 2359 1975 2427 Catoni,
2023 2359 2385 2419 accusativus
2429 2357 2589 2417 hunc
2621 2357 2790 2418 Cato·
2878 2380 2913 2397 ·

195 2475 364 2529 nem,
410 2458 706 2518 vocativus
748 2477 785 2518 o
830 2457 998 2529 Cato,
1047 2457 1330 2522 ablativus
1373 2459 1446 2519 ab
1493 2459 1604 2520 hoc
1651 2460 1890 2521 Catone.
1967 2458 2203 2540 quidam
2250 2459 2568 2520 adsumunt
2610 2459 2786 2519 etiam
2814 2477 2866 2518 20

195 2560 516 2640 septimum
572 2577 802 2630 casum,
860 2562 962 2640 qui
1017 2569 1106 2622 est
1161 2559 1412 2621 ablativo
1469 2561 1700 2632 similiS,
1762 2561 1865 2622 sed
1910 2563 2037 2621 sine
2080 2562 2521 2642 praepositione
2570 2560 2673 2632 ab,
2731 2567 2795 2620 ut
2886 2597 2911 2608 -

195 2663 274 2722 sit
317 2659 604 2722 ablativus
648 2678 818 2722 casus
863 2661 971 2722 ‘ab
1028 2669 1266 2722 oratore
1309 2663 1546 2733 venio’,
1606 2664 1892 2744 septimus
1948 2681 2119 2724 casus
2178 2668 2451 2724 ‘oratore
2508 2663 2791 2740 magistro

197 2768 394 2823 utor’.
481 2769 622 2824 sunt
663 2769 859 2823 autem
903 2762 1130 2824 formae
1174 2762 1438 2824 casuales
1481 2783 1614 2836 sex,
1671 2783 1743 2826 ex
1788 2764 2001 2846 quibus
2045 2772 2183 2826 sunt
2226 2766 2466 2826 nomina
2510 2763 2620 2824 alia
2666 2781 2791 2822 mo-

199 2869 474 2943 noptota,
533 2863 644 2925 alia
705 2863 955 2943 diptota,
1015 2862 1125 2926 alia
1181 2866 1450 2944 triptota,
1511 2864 1620 2927 alia
1677 2872 2020 2945 tetraptota,
2080 2865 2189 2926 alia
2245 2873 2615 2946 pentaptota,
2680 2862 2789 2925 alia
2865 2891 2893 2904 α

201 2965 537 3044 hexaptota.
625 2972 764 3025 sunt
817 2973 1056 3044 praeter
1111 2967 1258 3027 haec
1314 2974 1537 3046 aptota,
1595 2985 1745 3046 quae
1802 2986 1993 3047 neque
2048 2986 2156 3047 per
2211 2985 2381 3028 casus
2437 2984 2630 3044 neque
2676 2983 2785 3044 per
2812 2987 2865 3028 25

203 3083 484 3127 numeros
528 3065 932 3152 declinantur,
979 3074 1044 3127 ut
1086 3067 1244 3146 frugi
1289 3068 1456 3128 nihili
1490 3086 1741 3147 nequam
1775 3068 1862 3128 fas
1895 3068 2059 3129 nefas
2088 3085 2291 3145 nugas.
2353 3067 2425 3128 de
2455 3086 2571 3147 qua
2602 3068 2792 3128 forma

201 3174 338 3228 sunt
382 3169 559 3228 etiam
606 3169 842 3229 nomina
889 3186 1274 3231 numerorum
1320 3189 1351 3230 a
1397 3176 1674 3250 quattuor
1720 3187 1905 3249 usque
1949 3169 2020 3230 ad
2054 3176 2311 3230 centum.
2375 3187 2507 3230 uam
2554 3167 2627 3230 ab
2674 3187 2791 3229 uno

200 3287 388 3348 usque
434 3268 507 3330 ad
550 3275 673 3330 tres
714 3289 824 3349 per
869 3287 1076 3330 omnes
1119 3289 1288 3333 casus
1333 3272 1565 3331 numeri
1608 3270 2007 3340 declinantur,
2056 3278 2115 3331 et
2155 3273 2295 3331 item
2342 3290 2373 3332 a
2422 3270 2690 3331 ducentis
2736 3277 2796 3330 et

204 3369 486 3449 deinceps
529 3378 766 3448 praeter
808 3369 989 3431 mille.
1051 3379 1190 3432 sunt
1234 3373 1504 3443 nomina,
1552 3390 1805 3452 quorum
1838 3374 2229 3434 nominativus
2273 3375 2335 3432 in
2380 3390 2490 3433 usu
2536 3390 2655 3433 non
2686 3377 2789 3439 est,

203 3479 266 3532 ut
308 3473 492 3551 siquis
537 3471 694 3532 dicat
734 3471 894 3532 hunc
936 3471 1184 3533 laterem
1228 3472 1321 3534 vel
1367 3473 1440 3534 ab
1484 3473 1596 3534 hac
1642 3472 1893 3536 dicione.
1982 3477 2123 3535 item
2183 3492 2291 3554 per
2346 3483 2577 3536 ceteros
2622 3492 2790 3534 casus
2817 3493 2869 3533 3ο

203 3575 441 3633 nomina
486 3571 668 3634 multa
713 3572 1012 3635 deficiunt.
1099 3581 1238 3635 sunt
1291 3584 1600 3654 praeterea
1653 3577 1927 3645 nomina,
1984 3594 2236 3655 quorum
2294 3574 2403 3636 alia
2458 3576 2790 3654 genetivum

203 3691 404 3734 casum
448 3673 720 3746 trahunt,
769 3682 833 3736 ut
875 3677 1118 3754 ignarus
1159 3673 1328 3747 belli,
1373 3695 1620 3738 securus
1650 3695 1951 3745 amorum;
1999 3676 2110 3737 alia
2156 3677 2442 3747 dativum,
2488 3685 2555 3738 ut
2596 3677 2790 3737 inimi·
2880 3719 2924 3737 ,

204 3794 304 3837 cus
333 3773 534 3844 malis,
581 3793 882 3855 congruus
909 3776 1183 3857 paribus;
1229 3776 1340 3839 alia
1371 3780 1798 3849 accusativum,
1844 3778 1949 3840 sed
1977 3779 2251 3856 figurate,
2286 3787 2352 3840 ut
2378 3797 2591 3840 exosus
2619 3777 2791 3849 bella,
2876 3809 2905 3822 -
2938 3781 2949 3790 “

343 3996 363 4045 l
401 4003 686 4046 conventus
708 4011 798 4046 om.
817 3996 921 4045 LP
986 3996 1018 4048 3
1048 4012 1114 4048 »Β
1143 4011 1344 4048 riconis
1360 3999 1579 4064 Figurae
1601 4000 1672 4050 S:
1699 4000 1917 4065 Figurae
1940 4026 2001 4034 —
2024 3999 2057 4050 8
2077 3999 2426 4064 inperterritus
2446 3998 2603 4050 Diom.
2622 4013 2676 4062 p.
2692 3999 2795 4049 276

335 4073 393 4114 ut
433 4065 616 4116 doctus
661 4073 846 4130 potens
899 4068 974 4116 Pa
1009 4067 1298 4120 Consentius
1325 4083 1383 4131 p.
1424 4067 1555 4118 2031
1617 4078 1674 4118 ut
1711 4070 1892 4118 doctus
1939 4069 2164 4132 prudens
2190 4069 2233 4119 S
2268 4077 2321 4117 ut
2357 4075 2537 4133 potens
2570 4068 2621 4116 L

204 4137 236 4184 4
263 4143 312 4184 ut
337 4134 580 4184 indoctus
623 4137 878 4202 impotens
911 4137 982 4186 Pa
1005 4138 1296 4189 Consentius
1335 4147 1389 4187 ut
1427 4138 1660 4187 indoctus
1699 4138 1996 4202 imprudens
2020 4139 2132 4188 Sut
2171 4139 2421 4202 impotens
2462 4139 2511 4187 L
2612 4138 2642 4185 7
2680 4139 2793 4203 piu-

207 4205 441 4268 nipotens
486 4205 580 4255 SP
716 4207 1051 4272 nugigerolus
1087 4206 1138 4254 P
1271 4207 1338 4256 de
1385 4208 1712 4272 conpluribus
1756 4207 1856 4256 LP
1900 4208 2165 4258 Diomedes
2208 4222 2273 4256 ex
2311 4208 2545 4272 pluribus
2580 4209 2655 4270 Sp

205 4273 238 4322 8
270 4290 334 4323 ns
357 4289 576 4325 conexis
614 4290 890 4327 nominans
928 4279 978 4326 ln
1009 4275 1344 4326 declinatione
1372 4277 1806 4340 conpositiuorum
1840 4278 1909 4328 S:
1948 4279 2001 4326 In
2035 4277 2373 4327 declinatione
2401 4304 2463 4312 —
2488 4277 2549 4328 14
2575 4285 2793 4343 possunt

205 4344 356 4392 Dion.
395 4360 450 4408 p.
481 4343 587 4393 288
696 4343 764 4395 10
805 4362 867 4394 ex
905 4353 1118 4409 utraque
1167 4355 1310 4412 parte
1340 4361 1430 4396 om.
1471 4347 1563 4397 SP
1671 4347 1729 4398 11
1765 4355 1813 4396 et
1848 4363 1909 4396 ex
1955 4347 2178 4409 quolibet
2205 4346 2307 4395 LP
2412 4347 2477 4397 12
2513 4345 2668 4396 fuerit
2704 4359 2792 4395 no—

206 4414 480 4463 minatiuus
508 4425 660 4465 casus
699 4415 770 4464 Ρε
805 4414 960 4465 fuerit
995 4416 1340 4465 nominatiuus
1368 4417 1413 4464 L
1450 4414 1656 4466 fuerunt
1692 4417 1993 4467 nominatiui
2026 4430 2176 4465 casus
2201 4418 2244 4467 S
2384 4414 2452 4465 14
2478 4416 2613 4466 omui
2643 4416 2792 4465 modo

209 4497 342 4534 now.
383 4485 590 4532 omnino
627 4485 672 4535 S
784 4485 846 4536 15
883 4497 956 4534 ns.
986 4499 1190 4536 castaus
1225 4483 1386 4535 Casus
1421 4486 1464 4536 S
1605 4486 1668 4536 17
1703 4487 1789 4536 uel
1822 4485 2098 4550 apendices
2125 4486 2183 4545 S,
2214 4501 2308 4536 om.
2344 4485 2444 4534 LP
2585 4485 2650 4535 18
2696 4486 2791 4534 La-

205 4550 384 4617 tinum]
411 4553 683 4619 septimum
719 4565 753 4609 ς
859 4553 924 4605 23
956 4570 1021 4604 ns
1055 4569 1241 4604 tonnus
1280 4569 1476 4606 casuum
1501 4554 1629 4606 Sunt
1654 4564 1823 4606 autem
1860 4557 1902 4606 S
2002 4555 2069 4606 26
2105 4555 2268 4605 neffas
2292 4555 2335 4606 S
2428 4555 2491 4604 de
2516 4569 2617 4620 qua
2642 4582 2703 4590 —
2724 4554 2795 4604 29

205 4621 342 4671 mille
377 4623 538 4676 Diom.
573 4639 630 4686 p.
661 4622 791 4676 288:
827 4625 892 4673 de
929 4638 1029 4686 qua
1062 4625 1110 4672 L
1143 4625 1410 4676 Diomedes
1450 4625 1743 4678 Consentius
1770 4641 1828 4688 p.
1860 4624 1998 4676 2034
2038 4641 2101 4674 ex
2138 4640 2237 4689 qua
2267 4625 2537 4676 Gledom'us
2567 4639 2625 4688 p.
2659 4625 2789 4676 1901

205 4691 256 4740 in
291 4705 392 4754 qua
429 4691 522 4743 SP
657 4691 726 4742 30
765 4693 842 4743 vel
881 4709 972 4744 om.
1013 4695 1068 4754 P,
1117 4703 1173 4744 ut
1207 4695 1250 4745 S
1383 4693 1443 4745 31
1491 4695 1731 4745 deficiunt
1762 4703 1817 4744 ut
1855 4703 2037 4761 sponte
2075 4695 2191 4745 tabo
2229 4703 2349 4745 natu
2402 4695 2452 4744 P
2588 4696 2795 4744 nomina

207 4777 294 4811 ont.
335 4763 378 4812 S
515 4759 582 4812 32
627 4775 855 4813 amorum
897 4763 976 4826 Lp
1015 4763 1282 4813 Diomedes
1321 4778 1378 4826 p.
1411 4765 1513 4815 292
1549 4765 1841 4815 Consentius
1876 4781 1931 4828 p.
1962 4763 2099 4817 2035
2136 4779 2389 4816 armorum
2433 4766 2495 4814 Pl
2528 4778 2791 4834 armorum

207 4832 273 4882 S:
306 4831 375 4894 cf.
423 4832 583 4896 Ver-9.
617 4831 746 4885 Aen.
791 4835 809 4882 l
845 4832 949 4884 350
984 4834 1195 4899 Seryiua
1231 4833 1345 4887 cod.
1389 4835 1605 4886 Levant.
1639 4835 1687 4899 f.
1726 4834 1797 4886 68
