3434 5442
923 348 1339 410 EXPLANAT.
1386 349 1462 410 ΙΝ
1506 346 1867 410 DONATVM
1910 347 2051 409 LlB.
2097 348 2122 409 1
2684 349 2809 416 529

341 457 376 500 r.
404 457 481 500 5⁷·
507 457 602 500 eoa.
631 456 734 500 Lu.
2381 465 2428 506 p.
2455 450 2619 496 ssu-31
2650 454 2706 496 v.

231 535 598 617 syllabarum
645 535 958 599 cuiuslibet
999 536 1188 616 partis
1230 536 1516 598 orationis
1556 538 1753 613 primo
1781 533 1944 606 loco,
1990 535 2251 598 secundo
2294 533 2384 596 vel
2427 536 2621 596 tertio.
2663 542 2812 616 quot

232 657 380 718 ergo
433 641 554 700 sint
606 637 947 720 prosodiae,
1006 637 1320 699 dicendum
1375 644 1482 699 est.
1571 655 1727 717 quae
1776 655 1875 699 res
1930 655 2001 698 eo
2055 640 2279 700 maiore
2324 656 2459 700 cum
2504 653 2645 700 cura
2690 634 2809 698 tra-

232 739 446 801 ctanda
513 748 632 811 est,
698 740 857 821 quod
921 748 1122 801 nostra
1189 741 1338 808 ratio,
1405 737 1476 800 ab
1541 741 1821 820 opinione
1876 741 1993 802 iam
2050 743 2373 802 inveterata
2432 747 2491 802 et
2546 727 2811 802 omnium‘

233 842 426 903 ferme
485 843 694 903 animis
749 841 937 904 adfixa
994 841 1304 922 discrepat.
1394 841 1805 904 Athenodorus
1861 841 2005 904 duas
2049 861 2177 906 esse
2220 842 2532 922 prosodias
2570 844 2809 924 putavit,

233 963 415 1006 unam
459 944 839 1015 inferiorem,
885 943 1130 1005 alteram
1175 946 1580 1023 superiorem:
1626 944 1837 1008 flexam
1884 953 2081 1007 autem
2129 944 2285 1024 (nam
2328 947 2410 1006 ita
2456 953 2657 1006 nostra
2699 945 2809 1004 lin·
2836 959 2861 998 ⁵

233 1065 348 1127 gua
408 1043 926 1129 περισπωμένην
979 1045 1344 1127 vocavimus)
1401 1044 1550 1108 nihil
1605 1045 1760 1108 aliud
1818 1065 1947 1110 esse
2002 1065 2175 1128 quam
2232 1046 2339 1109 has
2394 1047 2543 1111 duas
2596 1049 2653 1108 in
2698 1065 2813 1107 una

237 1148 482 1230 syllaba.
542 1150 856 1229 Dionysius
899 1156 1128 1220 autem,
1173 1149 1496 1210 Aristarchi
1525 1147 1874 1229 discipulus,
1922 1158 2321 1228 cognomento
2361 1148 2593 1220 Thrax,
2638 1148 2813 1210 domo

232 1251 644 1322 Alexandrius,
689 1253 741 1312 is
783 1252 884 1331 qui
913 1249 1111 1312 Rhodi
1156 1250 1383 1322 docuit,
1429 1249 1749 1330 lyricorum
1780 1242 2089 1332 poetarum
2132 1251 2307 1331 longe
2337 1251 2815 1322 studiosissimuS‚

234 1361 360 1414 tres
402 1351 675 1426 tradidit,
733 1351 946 1433 quibus
1001 1370 1158 1414 nunc
1216 1369 1423 1415 omnes
1477 1359 1753 1424 utuntur,
1810 1352 2095 1436 βαρεῖαν
2139 1346 2363 1428 ὀξεῖαν
2406 1348 2817 1435 stapam-musf-

237 1475 384 1536 νην.
449 1455 790 1534 Tyrannion
834 1473 976 1516 vero
1019 1456 1349 1525 Amisenus,
1395 1472 1571 1535 quem
1613 1453 1893 1517 Lucullus
1936 1455 2335 1518 Mithridatico
2379 1454 2535 1517 bello
2580 1461 2816 1536 captum
2844 1477 2893 1520 io

242 1557 426 1619 Lucio
469 1557 750 1618 Murenae
794 1559 1102 1629 concessit,
1150 1577 1182 1619 a
1227 1576 1344 1637 quo
1373 1555 1472 1618 ille
1502 1555 1777 1618 libertate
1818 1557 1993 1619 simul
2037 1567 2097 1620 et
2141 1559 2375 1620 civitate
2418 1557 2667 1620 donatus
2711 1564 2817 1627 est,

239 1666 516 1738 quattuor
559 1659 770 1721 scribit
812 1677 940 1721 esse
983 1658 1320 1739 prosodias,
1367 1657 1652 1740 βαρεῖαν
1693 1655 1906 1740 μέσην
1940 1652 2165 1735 ὀξεῖαν
2194 1669 2255 1722 et
2282 1654 2817 1742 περισπωμένην.

238 1761 402 1841 atqui
443 1762 765 1822 memoriae
807 1760 1106 1841 proditum
1151 1769 1243 1822 est
1285 1759 1446 1822 huuc
1505 1767 1642 1822 ante
1698 1760 1843 1823 alios
1886 1761 2065 1824 fuisse
2108 1763 2589 1843 pronuntiatione
2632 1762 2819 1842 potio·

237 1879 368 1923 rem
385 1907 402 1933 ,
450 1861 612 1943 quod
656 1880 1026 1943 nequaquam
1072 1865 1306 1944 assequi
1347 1864 1638 1943 potuisset
1664 1865 1780 1924 nisi
1820 1873 2029 1926 tenore
2072 1865 2435 1946 singularum
2480 1881 2689 1926 vocum
2734 1863 2821 1925 di·

237 1963 628 2044 ligentissime
685 1965 1032 2044 perquisito.
1118 1965 1182 2025 in
1241 1964 1447 2026 eadem
1503 1966 1781 2046 opinione
1837 1974 1897 2028 et
1949 1966 2134 2028 Varro
2189 1967 2329 2037 fuit,
2386 1968 2489 2046 qui
2540 1968 2607 2028 in
2660 1965 2822 2045 leges
2850 1989 2899 2032 ιε,

239 2085 384 2128 suas
427 2066 645 2146 redigit
688 2074 982 2138 accentus,
1033 2065 1243 2136 ductus
1285 2068 1532 2129 scientia
1576 2075 1636 2130 et
1687 2067 1957 2131 doctrina
2000 2071 2157 2141 eius,
2204 2089 2319 2151 qua
2362 2068 2639 2131 omnibus
2681 2087 2715 2130 a
2758 2085 2823 2128 se

239 2171 566 2249 propositis
612 2168 1095 2252 evidentissilmas
1139 2169 1310 2231 affert
1350 2167 1759 2250 probationeS,
1806 2179 1872 2232 ut
1912 2168 1973 2233 id
2016 2189 2252 2253 quoque
2294 2191 2405 2254 pro
2448 2172 2643 2234 media
2685 2187 2822 2252 pro-

239 2271 410 2332 sodia
464 2271 604 2332 l'acit
661 2269 911 2332 dicendo
965 2271 1155 2351 ipsam
1211 2278 1483 2334 naturam
1541 2269 1688 2334 nihil
1742 2272 1943 2336 iacere
1998 2280 2217 2350 totum,
2269 2272 2373 2335 uhi
2418 2291 2537 2336 non
2581 2276 2659 2336 sit
2698 2293 2823 2334 me·

242 2373 441 2442 dium;
486 2380 553 2435 ut
595 2373 754 2434 enim
797 2373 952 2434 inter
997 2372 1206 2434 rudem
1239 2380 1299 2434 et
1331 2373 1663 2445 eruditum,
1709 2375 1867 2436 inter
1912 2374 2168 2438 calidum
2214 2384 2275 2437 et
2316 2375 2625 2455 frigidum,
2673 2393 2825 2437 ama·

239 2491 380 2536 rum
425 2482 486 2537 et
527 2474 786 2546 dulcem,
847 2474 1088 2552 longum
1135 2483 1194 2536 et
1235 2474 1476 2537 brevem
1531 2483 1622 2537 est
1673 2475 1950 2556 quiddam
1987 2476 2286 2549 ¹medium,
2344 2477 2502 2559 quod
2547 2485 2822 2539 neutrum
2848 2501 2902 2541 20

244 2585 363 2648 est,
410 2577 498 2637 sic
539 2577 696 2638 inter
736 2578 918 2640 imam
961 2595 1368 2658 summamque
1409 2595 1614 2639 vocem
1659 2595 1791 2640 esse
1832 2578 2117 2651 mediam,
2162 2579 2361 2660 ibique
2390 2597 2564 2660 quam
2595 2579 2827 2660 quaeri·

243 2697 380 2742 mus
431 2677 790 2759 prosodiam.
879 2679 1173 2741 neminem
1219 2680 1507 2741 musicum
1573 2697 1733 2752 esse,
1802 2682 1903 2762 qui
1956 2681 2211 2744 mediam
2266 2699 2469 2744 vocem
2522 2683 2587 2746 in
2652 2688 2826 2743 cantu

247 2783 639 2860 ignoraverit,
699 2799 810 2844 nec
864 2799 1219 2862 quemquam
1273 2782 1532 2862 potuisse
1577 2781 1779 2844 dicere
1821 2785 1885 2844 in
1928 2801 2076 2846 sono
2120 2782 2475 2846 chordarum
2520 2788 2622 2846 aut
2662 2781 2827 2843 buci·-

249 2901 468 2946 narum
510 2891 612 2946 aut
655 2902 798 2946 voce
845 2885 1206 2956 cantantium
1249 2879 1462 2964 μέσην
1507 2901 1668 2956 esse,
1713 2885 1765 2945 si
1808 2903 1930 2947 non
1972 2887 2035 2947 in
2078 2887 2241 2948 omni
2284 2887 2442 2947 vocis
2484 2891 2695 2946 natura
2738 2901 2829 2944 es·

249 2993 342 3047 set
386 2985 681 3062 medium;
727 2987 1091 3066 minimeque
1133 2987 1350 3048 mirum
1397 2993 1463 3046 ut
1505 2988 1568 3048 in
1611 2984 1767 3048 hanc
1810 2986 2128 3050 multorum
2173 3005 2381 3049 sensus
2410 3005 2530 3048 non
2561 2985 2824 3048 animad-
2850 3011 2902 3053 25

245 3095 468 3158 vertat,
527 3107 660 3150 cum
719 3087 818 3150 illa
863 3105 1013 3170 quae
1054 3088 1118 3148 in
1159 3085 1386 3148 eithara
1431 3095 1531 3152 aut
1575 3109 1613 3148 e
1667 3090 1805 3169 quia
1850 3088 2163 3170 aliquando
2204 3087 2449 3151 uberior
2492 3096 2606 3161 est,
2652 3105 2829 3168 saepe

247 3196 439 3252 totum
507 3208 627 3251 non
699 3192 913 3253 sentiat
977 3197 1256 3252 meatum.
1343 3197 1652 3269 praeterea
1716 3193 1914 3254 minus
1978 3189 2221 3272 reliquis
2276 3199 2505 3262 notam,
2572 3193 2827 3272 primum

429 3396 458 3448 1
501 3395 639 3460 quod
681 3408 803 3462 ergo
848 3395 896 3444 L
1061 3396 1093 3445 2
1125 3409 1257 3458 quae
1292 3410 1374 3445 res
1408 3412 1438 3445 v
1474 3411 1576 3458 qua
1609 3411 1692 3447 res
1733 3393 1776 3445 O
1807 3411 1963 3461 quare
1998 3412 2086 3446 seo
2122 3396 2286 3462 (corr.
2324 3396 2443 3462 seu)
2472 3396 2663 3446 maiore
2695 3397 2831 3458 (cum

249 3465 378 3518 aad.
413 3467 458 3531 l)
499 3481 624 3516 cura
654 3465 703 3514 L
871 3467 908 3515 4
942 3471 1122 3531 putant
1158 3462 1201 3514 O
1367 3463 1401 3515 6
1439 3467 1763 3532 perispomen
1788 3467 1837 3516 L
1872 3467 2162 3533 perispomoe‘:
2198 3465 2240 3516 0
2390 3469 2419 3517 7
2455 3467 2707 3518 dionisius
2738 3465 2833 3516 LO

431 3537 661 3586 aristarci
700 3537 750 3586 L
887 3544 999 3586 trax
1034 3534 1186 3585 domo
1227 3533 1554 3587 alexandrina
1592 3536 1942 3597 (alexandrios
1976 3552 2113 3592 corr.
2158 3551 2241 3586 -us
2275 3535 2350 3600 L)
2386 3553 2417 3587 a
2452 3539 2538 3602 qui
2576 3536 2709 3586 rodii
2742 3534 2835 3585 LO

430 3605 464 3656 9
495 3605 634 3656 baria
669 3605 856 3655 noxian
894 3605 1285 3671 perispomenon
1315 3602 1408 3653 LO
1586 3606 1649 3657 10
1684 3607 1917 3672 tyranion
1943 3604 1985 3655 0
2132 3607 2412 3658 inmisenus
2450 3621 2600 3671 quem
2632 3605 2835 3656 lucillus

251 3674 559 3726 mitridatieo
594 3675 688 3726 LO
864 3677 1114 3740 captum!
1147 3683 1352 3741 captam
1389 3673 1438 3723 L
1617 3677 1677 3726 11
1715 3691 1924 3726 murene
1956 3678 1979 3726 l
2008 3691 2216 3726 munere
2251 3674 2345 3727 LO
2502 3673 2600 3741 est]
2642 3679 2709 3726 sit
2743 3673 2836 3727 Lo

253 3745 356 3796 fnit
385 3761 414 3795 υ
561 3746 622 3796 12
655 3745 850 3796 barian.
889 3743 1311 3795 mesehenoxiant
1345 3743 1789 3806 (mesebonoxiant
1824 3745 1889 3810 0)
1926 3748 2317 3813 perispomenen
2358 3745 2455 3797 LO
2597 3747 2662 3797 14
2695 3761 2836 3797 asse-

253 3816 341 3879 qui
376 3813 444 3864 10
471 3829 586 3866 esse
612 3815 700 3878 qui
729 3815 778 3866 L
875 3814 1195 3880 diligentiase
1217 3815 1266 3864 L
1396 3814 1460 3866 15
1491 3817 1576 3878 qui
1610 3817 1664 3865 in
1701 3813 1851 3882 (quin
1889 3815 1963 3878 L)
1992 3816 2132 3884 leges
2158 3831 2279 3867 suas
2306 3817 2495 3884 redigit
2531 3817 2596 3866 ad
2630 3816 2836 3867 ductum

253 3883 464 3934 seientia
484 3884 578 3935 LO
603 3885 690 3948 qui
728 3885 779 3933 in
817 3883 960 3950 leges
997 3898 1118 3933 suas
1151 3885 1352 3951 redegit
1388 3893 1682 3936 accentuum
1720 3886 2002 3940 scientiam.
2035 3887 2263 3938 doctrina
2282 3887 2411 3949 eius,
2441 3901 2571 3950 quae
2600 3887 2836 3936 omnibus

253 3982 322 3991 —
360 3954 685 4020 probationes
708 3991 722 4019 ‚
774 3953 828 4003 id
871 3967 1072 4017 quoque
1129 3957 1337 4006 coniecit
1371 3955 1538 4005 editor
1573 3955 1996 4022 Vindobona-ria,
2038 3960 2161 4022 quin
2201 3957 2341 4022 leges
2390 3971 2510 4007 suas
2546 3955 2734 4022 redigit
2771 3955 2833 4004 ad

256 4026 465 4076 ductum
498 4025 743 4075 scientiae
776 4034 826 4074 et
860 4024 1117 4074 doctrinae
1144 4024 1256 4075 eius
1285 4025 1494 4075 coniecit
1530 4025 1776 4077 Weilau:
1802 4027 2033 4091 fortasse
2075 4028 2242 4092 quiin
2276 4027 2419 4092 leges
2457 4027 2566 4076 eius
2607 4041 2663 4075 se
2695 4025 2834 4075 dedit

254 4095 440 4146 ductus
580 4095 645 4146 17
683 4108 883 4158 quoque
919 4092 1012 4143 LO
1046 4093 1283 4158 quodque
1317 4097 1337 4145 l
1477 4095 1718 4160 prodosia
1746 4095 1795 4144 L
1941 4096 2001 4148 18
2036 4097 2202 4164 ipsam
2239 4105 2470 4146 naturam
2506 4123 2572 4132 —
2608 4093 2733 4156 530,
2769 4095 2837 4145 28

255 4163 492 4232 superior
522 4172 572 4215 et
611 4163 822 4214 inferior
867 4163 997 4212 inter
1031 4178 1087 4212 se
1122 4179 1191 4213 ex
1225 4164 1397 4216 codice
1433 4163 1710 4216 Ost-oniensi
1740 4166 1899 4217 edidit
1938 4167 2167 4231 Waaiua,
2204 4169 2437 4216 senarius
2476 4167 2581 4216 sive
2618 4167 2684 4216 de
2719 4167 2838 4228 (eyi-

257 4235 352 4286 bus
389 4241 439 4284 et
476 4235 682 4286 licentia
714 4241 931 4285 veter-mn
958 4240 1223 4296 poetarum
1258 4233 1446 4286 Ooeont't’
1471 4250 1524 4289 a.
1565 4233 1696 4287 1687
1728 4251 1785 4299 ρ.
1822 4235 1891 4287 62
1914 4247 1999 4302 ἐς.
2141 4237 2307 4288 facere
2342 4222 2434 4286 oriz.
2475 4234 2517 4285 0
2654 4233 2721 4285 19
2752 4239 2835 4283 ru2-

259 4305 379 4355 dem
419 4301 482 4354 lO
506 4319 618 4354 rum
655 4304 705 4353 L
847 4311 896 4354 et
924 4317 1151 4354 amarum
1187 4304 1384 4355 dulcem
1415 4306 1622 4371 longum
1653 4313 1702 4355 et
1728 4306 1927 4356 brebem
1952 4309 2003 4358 L
2171 4303 2241 4359 20
2273 4313 2351 4356 est
2379 4304 2636 4369 quoddam
2661 4301 2706 4352 0

257 4377 324 4427 21
360 4375 590 4440 fortasse
627 4375 848 4425 mediam
887 4374 1030 4423 verbi
1066 4389 1216 4438 quam
1255 4377 1546 4438 quaerimus
1584 4376 1876 4440 prosodiam
2036 4378 2105 4428 22
2140 4377 2409 4426 musicum‘
2435 4375 2648 4426 Wast‘m
2681 4375 2840 4423 musi-

259 4459 375 4496 cam
412 4442 508 4495 LO
645 4444 714 4497 23
751 4445 920 4510 potius
959 4458 1074 4494 esse
1110 4443 1280 4495 dicere
1313 4442 1356 4494 O
1467 4443 1731 4496 cordarum
1763 4455 1848 4494 aut
1878 4462 1971 4496 uo.
1993 4463 2077 4500 ,ce
2108 4461 2321 4510 quarum
2359 4445 2524 4496 aliaue
2556 4458 2683 4495 uoce
2720 4457 2833 4492 can·

261 4515 482 4565 tantium
522 4515 570 4564 L
605 4514 874 4565 cordarum
924 4521 1012 4562 aut
1059 4514 1162 4563 alia
1211 4529 1338 4566 uoce
1373 4528 1584 4578 quarum
1621 4515 1790 4564 aliaue
1833 4530 1955 4566 uoce
1988 4518 2296 4566 cantantium
2334 4514 2377 4565 Ο
2422 4513 2719 4565 chordarum
2756 4524 2843 4562 aut

261 4585 365 4636 alia
395 4599 522 4635 voce
561 4586 886 4636 buccinarum
921 4595 1105 4633 assare
1141 4599 1268 4634 voce
1303 4587 1615 4634 cantantium
1659 4585 1869 4636 Wasiua
2007 4587 2074 4636 24
2122 4601 2295 4636 mesen
2336 4583 2430 4636 LO
2566 4599 2681 4635 esse
2716 4586 2760 4633 si
2796 4585 2840 4635 si

263 4669 368 4707 non
404 4655 453 4706 L
590 4657 658 4706 26
694 4669 827 4718 quae
865 4653 917 4702 iu
951 4650 1159 4716 cythara
1193 4652 1410 4716 (chitera
1433 4669 1571 4708 corr.
1610 4654 1792 4704 chitira
1828 4657 1899 4718 L)
1937 4663 2023 4705 aut
2059 4655 2178 4718 quia
2216 4655 2490 4719 aliquando
2526 4656 2732 4705 uberior
2764 4663 2840 4704 est

265 4740 424 4790 saepe
479 4731 670 4774 tautum
726 4729 908 4786 (tatum
952 4721 1002 4770 L
1040 4730 1198 4773 totum
1234 4723 1278 4786 l)
1312 4738 1412 4774 uon
1455 4723 1578 4778 LO.-
1622 4739 1755 4788 quae
1790 4725 1844 4774 in
1898 4725 2091 4776 cithara
2147 4726 2369 4786 auditur,
2420 4727 2539 4790 quia
2585 4725 2841 4789 aliquanto

264 4795 470 4846 uberior
505 4799 584 4844 est
629 4795 871 4845 Wasius:
919 4794 1149 4858 sortasse
1198 4809 1328 4856 quae
1363 4794 1416 4842 in
1464 4795 1658 4846 cithara
1691 4804 1780 4846 aut
1807 4795 1991 4847 bucina
2017 4807 2119 4857 est,
2160 4809 2465 4860 quamquam
2494 4811 2555 4846 ea
2586 4795 2842 4857 aliquanto

268 4866 476 4916 uberior
502 4873 597 4928 est,
631 4877 785 4930 saepe
819 4871 989 4914 tamen
1130 4864 1197 4915 27
1234 4870 1429 4916 sentent
1469 4863 1511 4914 0

341 4953 642 4998 camum.
671 4954 792 4996 Lar.
823 4955 916 4998 ιιιι.
2362 4959 2443 5020 34
