3434 5442
903 345 1000 410 DE
1045 344 1346 408 CENTVM
1392 343 1668 407 METRIS
1713 343 1786 404 tv
1829 342 2058 408 2-VI
2102 347 2142 408 4
2684 341 2807 406 463

329 467 379 508 p.
409 457 528 498 1822.
561 455 613 497 23
640 453 686 496 Ρ.
2378 459 2422 501 p.
2450 447 2542 489 372.
2574 446 2626 488 73
2653 444 2705 486 G.

1125 580 1137 668 ι
1177 583 1274 647 nn
1318 535 1883 646 cnoaummcts(

403 722 586 784 Metra
632 719 1031 783 choriambica
1074 719 1477 801 principaliter
1519 726 1794 781 constant
1836 715 2209 785 choriambo;
2255 733 2457 776 verum
2503 711 2657 794 quod
2704 712 2811 774 du-

223 825 362 886 rius
403 843 512 886 suo
566 825 719 904 pede
764 823 1139 893 claudantur,
1200 823 1496 902 accipiunt
1547 823 1610 882 in
1663 821 1783 882 fine
1826 817 2259 881 antibacchum.
2348 817 2451 878 sed
2496 835 2570 877 ex
2614 813 2813 877 multis

226 926 384 988 haec
427 935 704 1007 quattuor
747 926 880 986 usui
923 923 1211 986 tradenda
1255 923 1500 984 subieci.

403 1029 490 1090 De
534 1025 954 1106 aristophanio.
1031 1025 1496 1106 aristophanium
1545 1029 1775 1086 constat
1816 1030 2191 1084 monometro
2236 1029 2294 1083 et
2336 1019 2703 1090 antibaccho,
2747 1026 2814 1082 ut
2838 1033 2863 1076 ⁶

226 1141 322 1192 est
368 1130 511 1198 hoc,

807 1247 1140 1310 purpureos
1182 1238 1484 1309 tyrannos.
1580 1309 1584 1312 ὓ
2162 1301 2179 1322 .

406 1333 490 1396 De
536 1335 938 1395 anacreontio.
1029 1332 1471 1394 anacreontium
1517 1337 1751 1392 constat
1794 1329 2047 1391 dimetro
2093 1337 2153 1390 et
2194 1328 2573 1396 antibaccho,
2622 1335 2685 1388 ut
2728 1333 2819 1390 est

227 1437 382 1508 hoc,

808 1533 1100 1615 Vergilius
1141 1535 1378 1596 Mantua
1419 1551 1597 1613 quem
1641 1535 1881 1595 creavit.
2840 1542 2891 1584 ¹⁰

411 1638 494 1700 De
539 1637 843 1717 sapphico.
932 1635 1280 1717 sapphicum
1327 1645 1562 1698 constat
1603 1636 1875 1698 trimetro
1920 1642 1981 1696 et
2022 1635 2399 1706 antibaccho,
2444 1642 2509 1696 ut
2553 1642 2642 1694 est
2683 1632 2815 1703 hoc,

818 1737 1158 1799 dulcisonae
1201 1737 1466 1799 Pierides
1509 1738 1781 1800 versifico
1824 1737 2033 1799 favete.
2106 1733 2135 1820 11

407 1841 492 1903 De
551 1838 936 1901 callimachio.
1027 1839 1454 1901 callimachium
1525 1845 1756 1901 constat
1812 1845 2157 1901 tetrametro
2216 1847 2275 1900 et
2332 1837 2708 1906 antibaccho,
2754 1842 2820 1896 ut

231 1952 329 2003 est
373 1943 515 2013 hoc,
1323 1960 1329 1966 ·
2580 1929 2591 1941 ”

545 2046 910 2124 armipotens
953 2041 1110 2104 Mars
1152 2045 1386 2122 genitor
1430 2042 1879 2105 Romulidarum
1924 2043 2124 2105 venias
2166 2059 2501 2122 precamur.
2844 2051 2892 2093 ¹⁵

1171 2229 1269 2292 DE
1310 2229 1883 2293 ANTISPASTICIS.

405 2368 593 2429 Metra
622 2367 995 2446 antispastica
1028 2365 1431 2446 principaliter
1463 2375 1734 2429 constant
1777 2368 2127 2446 antispasto;
2175 2383 2377 2426 verum
2408 2383 2585 2445 saepe
2628 2365 2817 2444 prima

237 2478 451 2549 parte,
498 2487 612 2549 qua
656 2467 914 2531 iambum
961 2475 1193 2549 tenent-2
1241 2468 1570 2548 spondeum
1613 2467 1869 2530 libenter
1913 2469 2225 2547 accipiunt.
2260 2467 2388 2548 *sed
2436 2486 2506 2526 ex
2551 2465 2821 2547 plurimis

229 2580 517 2652 quattuor
561 2571 690 2632 usui
732 2569 1018 2632 tradenda
1062 2569 1307 2632 subieci.

417 2671 500 2733 De
545 2673 778 2752 panico.
866 2673 1144 2752 panicum
1185 2681 1422 2736 constat
1462 2673 1733 2734 trimetro
1777 2669 2306 2751 brachycatalecto,
2353 2681 2417 2730 ut
2460 2678 2549 2731 est
2592 2671 2735 2740 hoc.
2847 2673 2899 2714 ²⁰

811 2773 1000 2834 Fauni
1041 2773 1367 2835 semideum
1409 2791 1632 2835 numen
1677 2772 1859 2836 adest.

409 2875 418 2958 Ι
449 2875 535 2937 De
563 2877 962 2938 anacreontio.
1020 2877 1463 2937 anacreontium
1500 2884 1731 2938 constat
1757 2875 2029 2937 trimetro
2061 2873 2430 2945 catalectico,
2476 2883 2541 2934 ut
2571 2884 2661 2935 est
2690 2875 2822 2944 hoc,

817 2995 990 3038 curas
1031 2977 1338 3038 mitificant
1379 2977 1534 3038 dona
1576 2977 1773 3056 Lyaei.

414 3080 502 3142 De
547 3078 786 3141 alcaico.
875 3077 1156 3146 alcaicum
1203 3084 1436 3140 constat
1479 3086 1827 3141 tetrametro
1870 3076 2405 3157 brachycatalecto,
2452 3085 2516 3139 ut
2558 3085 2647 3139 est
2690 3077 2823 3146 boc,

813 3181 1122 3242 Maecenas
1165 3181 1344 3242 atavis
1386 3179 1566 3260 Lydia
1611 3199 1763 3260 quos
1807 3181 1920 3240 fert
1964 3181 2177 3259 genite.
2846 3183 2898 3222 ²¹⁵

410 3283 498 3345 De
529 3283 928 3345 anacreontio.
975 3283 1419 3344 anacreontium
1451 3289 1684 3343 constat
1709 3289 2062 3343 tetrametro
2084 3280 2455 3351 catalectico,
2490 3288 2557 3342 ut
2578 3288 2667 3343 est
2690 3280 2822 3351 hoc,

815 3383 1125 3465 infandum
1171 3384 1363 3462 tetigit
1403 3383 1597 3446 sidera
1642 3400 1883 3444 carmen
1928 3383 2313 3462 magicorum.

378 3607 408 3657 1
453 3621 518 3656 nn
555 3620 742 3657 tan-rats
782 3608 1144 3656 cuoatmicta
1174 3606 1225 3653 P
1255 3619 1323 3654 nn
1358 3618 1665 3655 coatauaico
1695 3601 1739 3654 S
1910 3605 1945 3654 2
1978 3611 2209 3654 constant
2243 3603 2586 3656 choriambum
2614 3607 2657 3657 S

229 3694 358 3729 uero
401 3677 490 3728 PS
625 3675 658 3726 3
702 3676 1007 3727 clauduntur
1037 3676 1082 3726 S
1217 3677 1268 3725 iu
1308 3674 1458 3725 finem
1497 3674 1586 3726 PS
1723 3673 2140 3740 amphibrachum
2188 3682 2237 3723 et
2278 3675 2539 3726 bacchium
2585 3691 2617 3732 5
2760 3691 2823 3724 ex

228 3749 414 3798 multis
454 3747 543 3797 llll
579 3745 708 3796 haec
742 3744 986 3795 tradenda
1019 3747 1062 3796 S
1233 3745 1266 3795 5
1319 3753 1368 3794 et
1409 3742 1771 3810 amphibracho
1818 3745 1927 3793 siue
1976 3745 2152 3794 bachio
2198 3757 2231 3800 ς
2273 3748 2481 3810 itemque
2527 3747 2577 3794 t'n
2617 3746 2826 3810 reliquia

227 3815 586 3868 choriambicis
725 3817 754 3864 7
791 3830 1080 3881 purpureus
1119 3822 1366 3890 tyrannus
1403 3828 1438 3871 ς
1579 3813 1646 3865 10
1680 3827 1783 3880 quq
1820 3829 1901 3862 me
1936 3816 2129 3864 creauit
2154 3815 2206 3864 P
2346 3815 2408 3865 15
2444 3815 2824 3865 Romulidarum

232 3939 426 3989 uenias
453 3938 726 3988 Santem'ua
760 3893 1011 4003 romanii}
1035 3880 1095 3984 (a
1119 3893 1311 3985 ῗὲξιῖῒε
1339 3934 1390 3982 Ν
1417 3934 1669 3984 romulide
1706 3933 1983 4002 (romylidq
2013 3933 2086 3999 P)
2129 3946 2181 3985 te
2215 3936 2394 3985 uenias
2433 3936 2523 3986 PS
2554 3937 2829 3986 romulida-

229 4024 350 4061 rum
399 4007 608 4056 ueniam
653 4007 806 4057 editio
842 4006 1110 4057 Callian-ria
1155 4005 1406 4056 romulide
1451 4005 1518 4054 da
1561 4005 1765 4076 ueniam
1800 4018 1835 4061 ς
1872 4005 2195 4055 Romulidum
2249 4016 2303 4054 ut
2349 4005 2527 4056 uenias
2562 4006 2829 4056 Paracletus

381 4077 451 4128 16
487 4092 554 4126 ns
585 4091 772 4127 xt-:rats
808 4093 870 4128 Aa
885 4090 1178 4128 naras-ricta
1211 4076 1264 4124 P
1299 4089 1364 4124 na
1395 4087 1753 4125 auriensi-ico
1788 4077 1831 4126 S
1974 4077 2035 4125 17
2074 4084 2272 4126 constat
2302 4077 2355 4125 P
2488 4078 2827 4141 antispastum

230 4161 366 4199 uero
405 4161 566 4212 saepe
605 4147 647 4197 S
786 4147 852 4197 19
887 4143 1142 4210 quattuor]
1183 4145 1252 4194 lll
1297 4144 1351 4192 N
1485 4145 1554 4195 20
1589 4144 1653 4194 de
1689 4146 1893 4210 panicio
1930 4145 2176 4210 panitium
2211 4146 2254 4196 S
2288 4145 2557 4195 Peanicum
2595 4161 2631 4202 5
2663 4145 2827 4195 Phan-

232 4220 382 4268 nium
420 4217 686 4274 Pul-eckius
723 4214 1000 4265 Pltallicum
1039 4217 1255 4266 coniecit
1275 4213 1544 4264 Santem'ua
1643 4215 1709 4264 21
1750 4214 1871 4264 saun
1912 4214 2185 4264 aimidcum
2220 4229 2403 4265 nomen
2431 4215 2578 4265 adest
2610 4214 2827 4265 Sfaune

231 4287 518 4338 simidenm
561 4301 739 4336 nomen
772 4287 898 4336 ’ades
931 4287 984 4335 P
1119 4286 1188 4335 22
1225 4282 1689 4334 brachicatalectico
1735 4285 2111 4336 Laurentianus
2140 4285 2413 4334 acatalecto
2436 4283 2708 4336 Santent‘ua

232 4359 306 4409 23
359 4358 600 4422 mitigant
652 4356 704 4405 P
745 4355 982 4407 letificant
1022 4353 1066 4402 S
1237 4353 1322 4402 liei
1357 4353 1400 4404 S
1436 4353 1576 4417 lyrae
1615 4354 1994 4405 Laurentianus
2031 4354 2169 4419 lyrae
2214 4355 2377 4404 dulcis
2419 4355 2693 4406 Santem'aa

235 4431 308 4478 24
333 4427 410 4476 De
435 4426 628 4476 alcaico
655 4419 1080 4490 —magicorumJ
1124 4421 1446 4473 Alcmanium
1485 4432 1686 4474 constat
1728 4431 2015 4474 tetrametro
2060 4425 2353 4488 acatalecto,
2392 4433 2447 4475 ut
2484 4434 2561 4476 eat
2596 4425 2708 4488 hoc,
2749 4426 2827 4474 in-

239 4497 456 4548 fandum
496 4497 664 4561 tetigit
708 4497 892 4561 sydera
937 4508 1139 4544 carmen
1187 4493 1390 4558 magice
1428 4495 1578 4544 uatis.
1643 4493 1903 4544 Alcaicum
1940 4503 2136 4560 constat
2171 4502 2466 4548 tetrametro
2499 4496 2827 4562 brachycata-

238 4569 390 4622 lecto,
417 4575 475 4615 ut
509 4574 589 4616 est
623 4563 739 4629 hoc,
775 4565 1044 4614 Maecenas
1069 4564 1238 4614 atauis
1271 4562 1413 4626 lydia
1450 4579 1579 4627 quos
1615 4561 1716 4614 fert
1750 4565 1924 4632 genite
1960 4577 1995 4621 5
2133 4565 2201 4614 25
2230 4567 2457 4616 micenas
2491 4567 2535 4618 S
2560 4565 2829 4618 Maecenas

243 4665 306 4674 --
352 4636 424 4686 26
457 4644 511 4685 nt
549 4643 626 4684 est
657 4634 756 4685 hoe
787 4649 883 4684 om.
909 4633 1178 4684 Putsehim
1353 4635 1516 4682 atauis
1541 4649 1677 4686 corr.
1718 4635 1899 4684 abnuis
1924 4635 1969 4686 S
2136 4633 2275 4685 ludia
2308 4635 2361 4685 P
2391 4635 2513 4687 libia
2545 4637 2589 4688 S
2751 4635 2831 4685 fer

244 4706 404 4772 ginite
441 4705 492 4754 P
627 4704 696 4755 26
731 4705 1062 4755 Anacreonta·
1092 4704 1374 4754 tetramem'
1413 4704 1785 4769 definitionem,
1819 4705 1883 4755 de
1919 4705 2254 4754 Anacreontio
2287 4733 2351 4742 —
2386 4705 2455 4756 27
2493 4707 2829 4774 magicorum,

247 4775 338 4826 hoe
371 4777 487 4827 loco
517 4776 746 4825 omissam
781 4777 916 4825 inter
955 4775 1118 4825 ionica
1154 4791 1187 4824 a
1213 4775 1401 4827 nninore
1430 4773 1552 4834 464,
1591 4774 1659 4826 16
1697 4776 2012 4840 transposuit
2046 4775 2117 4826 S:
2151 4774 2408 4826 Alcaicum
2448 4785 2647 4829 constat
2676 4785 2831 4827 tetra-

249 4855 406 4896 metro
429 4845 704 4896 acatalecto
741 4846 1012 4897 Santent'ua
1153 4844 1474 4895 acatalectico
1511 4847 1562 4894 N
1697 4847 1766 4897 27
1803 4845 1947 4911 tetigi
1990 4845 2031 4896 S
2168 4846 2355 4912 magici
2394 4851 2526 4899 vatis
2560 4849 2827 4900 Santonica
