3434 5442
518 248 554 273 ἢ

443 342 461 389 ,
905 304 1298 366 ῐΝεΤιΤνΤΑ
1339 303 1622 365 ΑΒΤινΜ
1663 304 1998 367 536—547
2618 305 2739 367 129

293 433 332 473 ρ.
357 420 501 463 uem
529 372 578 461 n.
2306 432 2352 475 p.
2382 420 2559 463 sta-n
2588 420 2639 460 v.

349 492 662 564 Quaeritur,
709 491 782 553 ab
827 510 898 553 eo
943 492 1102 572 quod
1147 492 1292 553 dixit
1315 491 1601 569 Vergilius
1646 492 2109 555 ‘velleribus
2150 494 2425 558 niveis’
2473 493 2739 554 nomina-

205 597 302 655 tivo
340 612 468 656 casu
527 596 756 655 numeri
809 583 1124 671 singularis
1187 593 1368 655 vellus
1423 611 1498 655 an
1549 594 1765 655 vellum
1832 595 2078 656 dicatur.
2168 594 2271 657 sed
2334 612 2741 673 quaecumque

205 697 404 757 nomina
433 697 678 773 generis
722 696 916 757 neutri
963 696 1158 779 dativo
1197 694 1286 757 vel
1331 694 1576 757 ablativo
1625 704 1763 757 cas'u
1808 699 2039 757 numeri
2082 694 2327 774 pluralis
2368 696 2484 760 hus
2525 696 2741 777 syllaba

202 800 572 867 terminantur,
609 798 758 859 haec
792 816 1114 877 numquam
1161 788 1686 863 nominativo'casu
1728 801 1961 859 numeri
1989 794 2015 881 ΙΙ
2048 797 2361 876 singularis
2396 800 2406 879 Ι
2444 818 2545 862 um
2586 798 2739 860 litte-

201 896 270 959 ris
307 898 682 985 definiuntur;
736 906 794 959 et
837 899 972 960 ideo
1027 900 1142 961 hoc
1187 898 1397 968 vellus,
1455 918 1578 961 non
1626 899 1743 960 boc
1785 899 1997 963 vellum
2056 900 2251 963 lacere
2307 902 2739 977 pronuntiatur.
2794 928 2819 966 5

201 1003 315 1059 item
355 1008 410 1061 et
445 1000 554 1063 alia
599 1000 902 1080 probatio,
958 1020 1072 1082 qua
1119 1002 1194 1063 de
1245 1020 1444 1063 causa·
1475 1002 1588 1061 boc
1635 1000 1815 1063 vellus
1868 1009 1926 1063 et
1968 1020 2087 1061 non
2131 1001 2246 1062 hoc
2280 999 2493 1063 vellum
2546 1002 2743 1062 facere

199 1104 608 1180 pronuntiatur:
653 1104 928 1182 quoniam
973 1121 1378 1183 quaecumque
1425 1105 1660 1165 nomina
1706 1106 1941 1181 generis
1976 1106 2173 1167 neutri
2215 1105 2574 1165 nominativo
2604 1122 2741 1163 casu

199 1207 396 1265 numeri
453 1192 770 1283 singularis
820 1223 922 1267 um
971 1205 1182 1267 litteris
1237 1205 1626 1276 definiuntur,
1673 1206 1833 1268 -haec
1890 1222 2209 1285 numquam
2272 1207 2329 1267 in
2386 1206 2743 1267 nominativo

197 1324 310 1368 casu
367 1309 598 1369 numeri
659 1305 906 1386 pluralis
967 1306 1043 1367 ab
1099 1308 1306 1369 eodem
1357 1310 1718 1370 nominativo
1776 1328 1917 1370 casu
1978 1310 2211 1369 numeri
2266 1308 2579 1386 singularis
2632 1326 2744 1386 per

196 1406 438 1489 syllabam
481 1415 774 1471 crescunt.
865 1427 1024 1481 nunc
1067 1428 1200 1471 cum
1249 1410 1402 1471 dicat
1445 1410 1739 1500 Vergilius
1796 1410 2111 1473 ‘vellera
2154 1412 2449 1480 siccat',
2506 1416 2567 1471 et
2606 1410 2739 1471 ideo
2769 1432 2819 1475 ιο

197 1526 290 1569 non
311 1492 434 1571 ’boc
475 1510 710 1579 vellum,
757 1509 862 1572 sed
907 1509 1024 1571 hoc
1067 1510 1250 1573 vellus
1295 1512 1492 1575 facere
1535 1514 1967 1591 pronuntiatur.

335 1612 666 1682 Quaeritur,
711 1612 926 1673 horum
973 1614 1332 1675 Samuelium
1377 1632 1452 1675 an
1497 1614 1710 1675 horum
1758 1614 2099 1677 Samuelum
2138 1614 2387 1675 dicatur.
2476 1613 2581 1675 sed
2626 1613 2742 1674 boc

193 1730 492 1783 monemus,
561 1715 722 1793 quod
775 1733 1182 1794 quaecumque
1246 1718 1486 1779 nomina
1540 1718 1777 1795 generis
1830 1716 2135 1779 masculini
2188 1717 2542 1779 nominativo
2600 1732 2741 1777 casn
2832 1743 2843 1755 =

193 1818 392 1877 numeri
437 1816 756 1895 singularis
811 1816 864 1878 el
915 1816 1124 1879 litteris
1178 1818 1538 1881 definiuntur
1556 1866 1569 1887 ‚
1637 1819 1786 1881 haec
1841 1836 2155 1881 numerum
2208 1816 2495 1898 pluralem
2548 1817 2743 1877 facere

193 1917 569 1993 probibentur,
2771 1944 2820 1984 15

331 2020 676 2093 Quaeritur,
738 2020 812 2081 ab
857 2040 933 2083 eo
967 2021 1130 2101 quod
1182 2021 1328 2083 dixit
1377 2021 1688 2085 Sallustius
1744 2022 2017 2085 ‘annua
2086 2024 2433 2101 imperia’
2498 2038 2613 2101 qua
2671 2020 2745 2081 de

191 2139 335 2185 causa
386 2124 782 2185 nominativus
831 2124 1199 2184 accusativus
1255 2133 1314 2185 et
1367 2127 1669 2187 vocativus⁴
1725 2142 1897 2187 casus
1952 2127 2182 2186 numeri
2236 2122 2548 2201 singularis
2606 2130 2743 2183 ante

191 2222 420 2289 nltimam
491 2232 918 2287 consonantem
991 2242 1098 2303 per
1164 2226 1309 2287 duas
1373 2246 1414 2288 u
1477 2226 1702 2290 litteras
1776 2226 2131 2289 scribantur.
2221 2226 2334 2287 hac
2402 2226 2478 2286 de
2548 2242 2739 2293 causa,

189 2328 430 2403 quoniam
473 2344 884 2407 quaecumque
929 2328 1168 2389 nomina
1225 2330 1462 2406 generis
1501 2330 1696 2389 neutri
1750 2330 2103 2389 nominativo
2148 2344 2289 2389 casu
2334 2327 2567 2389 numeri
2608 2326 2741 2407 plu·

189 2428 302 2491 ralis
341 2448 413 2491 ua
455 2429 668 2491 litteris
711 2430 982 2491 discretis
1021 2428 1408 2501 definiuntur,
1431 2431 1621 2502 .baec,
1667 2432 1718 2493 si
1759 2438 1957 2511 aptota
2003 2448 2133 2493 esse
2176 2448 2295 2491 non
2342 2431 2737 2509 reperiuntur,
2766 2451 2817 2491 ιο

189 2533 508 2593 nominativo
551 2532 890 2594 accusativo
929 2538 990 2591 et
1022 2533 1284 2593 vocativo
1323 2550 1468 2595 casu
1511 2535 1745 2597 numeri
1776 2531 2089 2610 singularis
2130 2543 2237 2611 per
2270 2532 2417 2594 duas
2446 2552 2487 2593 u
2519 2531 2741 2594 litteras

189 2640 296 2694 ante
325 2632 588 2695 ultimam
622 2640 1044 2695 consonantem
1074 2633 1432 2705 scribuntur,
1481 2642 1546 2696 ut
1573 2643 1718 2714 puta
1748 2636 1937 2696 ‘fatua
1966 2635 2292 2713 mancipia’
2334 2635 2353 2665 ‘
2372 2634 2485 2698 hoc
2514 2634 2737 2695 fatuum

187 2736 570 2813 mancipium’.
659 2738 746 2797 sic
797 2737 1002 2815 utique
1059 2742 1118 2799 et
1161 2739 1389 2799 ‘annua
1449 2739 1731 2817 imperia'
1783 2740 2086 2814 fannuum
2136 2738 2484 2814 imperium'
2544 2736 2741 2797 facere

188 2839 591 2913 pronuntiatur.
2252 2858 2301 2877 1

323 2940 655 3011 Quaeritur,
701 2939 776 3001 ab
823 2958 892 3000 eo
939 2939 1096 3020 quod
1141 2940 1277 3002 dixit
1320 2940 1610 3019 Vergilius·
1651 2941 2077 3020 ‘tapetibus
2118 2939 2331 3001 altis'
2378 2940 2733 3001 nominativo
2762 2960 2813 3001 25

187 3057 302 3101 casu
336 3044 572 3105 numeri
619 3042 932 3121 singularis
989 3042 1106 3103 hoc
1139 3048 1402 3121 tapetum
1457 3061 1530 3105 an
1575 3041 1691 3103 hoc
1732 3048 1965 3121 tapetus
2021 3060 2095 3103 an
2134 3041 2249 3102 hoc
2293 3048 2487 3120 tapete
2540 3040 2739 3103 facere

187 3146 591 3217 pronuntietur.
658 3144 758 3205 sed
803 3162 1210 3225 quaecumque
1253 3146 1488 3205 nomina
1534 3142 1786 3207 ablativo
1844 3162 1983 3205 casu
2042 3146 2274 3204 numeri
2328 3141 2574 3223 pluralis
2624 3143 2738 3207 bus

187 3244 373 3321 syllaba
415 3248 828 3315 terminantur,
878 3246 1024 3307 haec
1068 3264 1388 3325 numquam
1432 3248 1786 3307 nominativo
1829 3264 1967 3307 casu
2011 3246 2243 3307 numeri
2279 3243 2605 3324 singularis·
2636 3264 2735 3308 um

189 3343 364 3409 litteris
405 3348 786 3411 definiuntur.
856 3366 1040 3427 quare
1085 3348 1161 3410 ab
1201 3348 1294 3409 his
1336 3348 1632 3427 tapetibus
1669 3349 1785 3409 hoc
1826 3356 2087 3427 tapetum
2130 3346 2327 3409 facere
2364 3347 2733 3426 prohibetur.
2802 3426 2809 3433 .

189 3448 298 3509 item
342 3468 752 3530 quaecumque
795 3451 1028 3511 nomina
1081 3450 1272 3511 dativo
1318 3448 1407 3513 vel
1441 3449 1690 3511 ablativo
1728 3468 1869 3512 casu
1920 3451 2151 3512 numeri
2192 3449 2433 3529 pluralis
2473 3450 2583 3511 bus
2618 3451 2730 3531 syl·
2758 3468 2811 3510 aa

189 3546 290 3612 laba
337 3554 730 3615 terminantur
785 3560 842 3613 et
887 3571 920 3612 a
965 3552 1321 3613 nominativo
1365 3570 1506 3615 casu
1560 3553 1791 3615 numeri
1844 3552 2160 3629 singularis
2216 3554 2273 3615 in
2318 3552 2503 3613 isdem
2554 3571 2731 3632 supra

188 3651 326 3715 dictis
365 3654 602 3719 casibus
652 3672 770 3715 una
807 3652 1026 3733 syllaba
1075 3672 1348 3715 crescere
1393 3655 1803 3733 reperiuntur,
1856 3655 2004 3717 haec
2050 3671 2371 3734 numquam
2419 3657 2477 3715 in
2522 3655 2733 3717 eodem

189 3758 508 3819 nominativo
551 3774 694 3819 casu
737 3746 970 3817 numeri
1013 3754 1330 3833 singularis
1375 3774 1442 3817 us
1485 3756 1692 3818 litteris
1738 3756 2127 3828 definiuntur,
2177 3766 2237 3819 et
2276 3758 2413 3820 ideo
2452 3774 2573 3819 non
2618 3758 2733 3819 boc

187 3862 398 3933 tapetas,
441 3861 546 3921 sed
596 3860 710 3920 hoc
752 3866 946 3937 tapete
988 3858 1184 3919 faeere
1225 3860 1675 3937 pronuntiatur:
1734 3858 1959 3919 scilicet
2002 3861 2281 3939 quoniam
2322 3877 2731 3941 quaecumque

189 3962 388 4023 nomina
421 3962 662 4041 generis
703 3962 898 4023 neutri
939 3960 1131 4023 dativo
1160 3960 1252 4021 vel
1293 3958 1542 4021 ablativo
1571 3978 1709 4022 casu
1754 3962 1983 4022 numeri
2029 3960 2271 4039 pluralis
2302 3981 2335 4023 a
2368 3964 2727 4023 nominativo
2752 3976 2805 4019 as

189 4076 298 4122 casu
347 4065 578 4126 numeri
631 4062 944 4141 singularis
998 4080 1114 4123 una
1167 4061 1388 4142 syllaba
1445 4070 1749 4131 creseunt,
1812 4063 1959 4127 baec
2004 4064 2063 4121 in
2105 4063 2313 4125 eodem
2357 4061 2729 4145 nornissnativo

190 4178 300 4225 casu
339 4166 572 4229 numeri
613 4165 927 4243 singularis
971 4185 1008 4227 e
1049 4160 1242 4227 littera
1286 4166 1678 4239 terminantur
1734 4173 1793 4225 et
1840 4164 1911 4225 ad
1962 4164 2297 4243 exemplum
2346 4164 2579 4225 monilis
2620 4183 2729 4244 per

189 4280 358 4328 onmes
397 4286 570 4330 casus
607 4266 996 4329 declinantur.
1838 4258 1845 4265 ⁸

325 4370 654 4443 Quaeritur,
701 4368 776 4435 ab
823 4387 894 4431 eo
937 4370 1094 4451 quod
1138 4368 1281 4430 dixit
1322 4368 1576 4431 Lucilius

303 4572 326 4623 1
363 4572 644 4642 Vergilius]
681 4574 810 4625 Aen.
850 4576 941 4625 1111
976 4574 1082 4627 459
1215 4578 1232 4607 ‘
1255 4574 1322 4626 10
1351 4572 1636 4641 Vergilius]
1673 4573 1835 4625 bucol.
1874 4572 1925 4639 3,
1964 4572 2031 4623 95
2193 4574 2353 4625 siccat
2386 4591 2417 4624 r
2450 4575 2642 4625 siccant
2675 4576 2723 4625 R

187 4652 327 4693 meent
360 4645 408 4695 B
549 4645 612 4697 16
646 4642 941 4711 Sallustius]
981 4646 1128 4697 catil.
1160 4644 1194 4697 6
1301 4646 1364 4703 17
1401 4653 1518 4711 post
1553 4645 1783 4695 ultimam
1816 4646 1891 4696 Ro
2030 4644 2097 4693 ‘22
2133 4652 2247 4708 post
2281 4646 2507 4695 ultimam
2544 4646 2619 4696 Ru

145 4719 156 4730 ·
185 4710 240 4759 25
271 4712 547 4780 Vergilius]
574 4716 704 4767 Aen.
735 4716 878 4765 V1111
912 4714 1017 4767 325
1223 4714 1290 4767 39
1327 4716 1529 4765 lucilius
1565 4714 1612 4765 R
1649 4715 1897 4781 uergilius
1924 4714 2001 4763 B:
2044 4716 2161 4763 item
2198 4715 2337 4779 apud
2376 4716 2551 4766 linium
2580 4724 2725 4766 erant

185 4778 378 4834 ablatiuo
413 4786 475 4835 ab
507 4784 588 4835 his
620 4786 872 4851 tapetibus
913 4796 963 4837 et
997 4800 1242 4849 equorum
1273 4788 1502 4835 inaurata
1537 4793 1709 4851 tapeta
1744 4787 1909 4837 codex
1948 4785 2261 4836 Labantinus
2330 4802 2339 4823 ¹

271 4887 584 4934 ananum.
611 4892 758 4935 ΕΔΤ.
789 4892 912 4935 1111.
2110 4896 2120 4908 ·
2279 4870 2319 4935 9
2386 4858 2393 4864 ⁵
