3434 5442
645 319 768 382 522
1770 315 2083 398 [suasu]

723 422 755 464 f.
781 422 873 464 55³&
901 424 952 464 56
977 423 1072 464 cod.
1103 423 1202 466 Lm'.

645 502 829 564 vocali
872 511 1060 573 sonat,
1106 511 1173 565 ut
1214 504 1390 566 Troia
1437 504 1528 564 aio
1570 504 1714 566 Aiax
1771 503 1939 564 Maia.
1990 498 2020 586 1}
2070 500 2303 566 vocales
2359 520 2568 564 omnes
2612 509 2673 564 et
2716 502 3119 582 corripiuntur
3158 513 3213 562 et

642 605 1080 686 producuntur,
1141 623 1262 667 non
1315 606 1378 666 in
1434 604 1642 666 eodem
1696 623 2001 675 sermone,
2061 604 2164 666 sed
2208 606 2271 666 in
2318 606 2508 666 variis
2595 603 2709 666 hae
2752 604 3076 666 dichronae
3120 623 3213 682 ap-

644 706 965 788 pellantur,
1013 707 1169 788 quod
1214 706 1506 788 duplicem
1551 713 1900 785 potestatem
1956 706 2205 777 habent,
2254 725 2397 786 ergo
2441 705 2517 768 ad
2560 715 2811 786 tempus
2902 723 3043 768 nam
3086 724 3215 785 pro·

643 809 851 872 ductae
907 808 1023 872 duo
1080 819 1344 888 ¹tempora
1398 807 1649 880 habent,
1709 817 2025 888 corruptae
2078 827 2295 878 unum:
2353 818 2413 870 et
2466 808 2601 870 ideo
2656 807 3011 879 dichronae,
3068 807 3217 888 quod

591 929 616 970 5
645 912 868 991 corripi
913 919 972 973 et
1015 911 1265 992 produci
1308 919 1584 992 possunt:
1631 929 1694 982 a,
1742 928 1909 972 amor
1953 913 2305 990 corripitur,
2353 929 2455 973 aer
2496 909 2873 991 producitur;
2922 929 2989 980 e,
3038 928 3217 990 equus

645 1015 992 1094 corripitur,
1038 1032 1174 1075 eros
1218 1014 1594 1093 producitur3
1643 1014 1693 1084 i,
1740 1015 1859 1074 itur
1902 1012 2277 1093 producitur,
2317 1012 2402 1074 ibi
2446 1014 2797 1092 corripitur;
2856 1031 2927 1084 o,
2974 1011 3222 1074 omerus

644 1118 991 1197 corripitur,
1023 1124 1224 1177 orator
1281 1113 1658 1195 producitur;
1715 1133 1787 1186 u,
1832 1132 2005 1176 umus
2050 1116 2399 1195 corripitur,
2456 1133 2610 1177 unus
2654 1114 3026 1196 producitur.
3098 1115 3219 1194 pri·

645 1235 775 1278 mae
831 1226 1024 1279 autem
1083 1216 1338 1297 syllabae
1395 1216 1631 1296 quando
1674 1217 2107 1296 producantur,
2166 1217 2401 1298 quando
2444 1218 2869 1297 corripiantur,
2920 1235 3042 1280 non
3088 1234 3221 1276 con·

643 1321 882 1382 firmant
925 1321 1036 1380 nisi
1082 1317 1377 1399 exempla3
1425 1317 1500 1380 de
1543 1320 1758 1380 ceteris
1802 1335 1899 1378 ars
1944 1326 2051 1381 est.
2100 1317 2169 1400 [h
2226 1320 2601 1400 aspirationis
2644 1327 2779 1380 nota
2828 1319 3021 1396 magis
3064 1317 3219 1378 vide·

571 1435 619 1476 1⁰
647 1428 743 1484 tur
787 1441 946 1494 esse,
991 1439 1168 1502 quam
1211 1419 1423 1484 littera.
1505 1419 1662 1500 apud
1697 1420 1947 1482 Latinos
2002 1429 2143 1482 tunc
2198 1423 2611 1501 praeponitur,
2678 1422 2955 1501 quotiens
3010 1418 3221 1481 vocalis

643 1525 938 1604 sequitur,
986 1531 1048 1585 ut
1093 1524 1271 1584 homo
1315 1523 1488 1585 buius
1532 1521 1777 1592 humus;
1823 1520 1929 1584 sed
1974 1540 2093 1585 non
2134 1523 2493 1603 ubicumque
2538 1523 2752 1584 vocalis
2795 1531 2913 1594 est,
2972 1530 3035 1584 et
3078 1522 3221 1601 aspi-

645 1626 796 1686 ratio
815 1673 830 1696 ,
878 1625 980 1686 sed
1028 1623 1383 1706 ubicumque
1427 1625 1706 1705 aspiratio
1752 1632 1867 1695 est,
1917 1633 1975 1686 et
2020 1623 2233 1686 vocalis
2279 1625 2413 1703 est.]

1053 1729 1086 1766 0
1347 1745 1366 1752 —
1491 1727 1522 1762 ἢ
1931 1727 1963 1763 t
2368 1729 2401 1766 ἃ
2806 1727 2841 1765 8

1509 1909 1538 1996 u
1589 1912 1840 1975 PEDVM
1884 1911 2375 1976 ΕΧΡιΑΝΑΤιο.

814 2051 926 2111 Pes
970 2049 1044 2112 ad
1087 2068 1262 2112 omne
1305 2057 1562 2110 metrum
1604 2051 1881 2129 pertinet.
1969 2057 2225 2112 metrum
2268 2051 2427 2111 enim
2472 2050 2697 2112 Graeco
2742 2048 3032 2110 vocabulo
3076 2049 3221 2130 quod

571 2173 621 2215 ιε
648 2153 803 2232 apud
844 2153 1084 2213 Latinos
1128 2170 1408 2213 mensura
1453 2150 1684 2214 dicitur.
1745 2149 1911 2232 [sunt
1952 2153 2151 2232 itaque
2192 2149 2379 2214 multa
2423 2154 2691 2223 nomina,
2736 2170 2889 2232 quae
2936 2169 3072 2212 cum
3116 2153 3224 2212 sint

647 2254 801 2334 apud
843 2254 1084 2316 Latinos
1127 2256 1438 2325 feminina,
1483 2253 1638 2333 apud
1683 2254 1942 2315 Graecos
1971 2260 2182 2315 neutra
2210 2261 2378 2325 sunt,
2424 2252 2607 2315 multa
2652 2254 2848 2324 etiam,
2881 2272 3039 2335 quae
3068 2252 3215 2333 apud

645 2356 906 2419 Graecos
951 2356 1270 2418 masculina
1317 2365 1472 2427 sunt,
1531 2354 1685 2436 apud
1730 2355 1970 2418 Latinos
2025 2353 2138 2416 alio
2192 2373 2413 2434 genere
2457 2354 2857 2436 declinantur]
2904 2373 3015 2436 pes
3056 2355 3222 2433 igitur

645 2465 737 2520 est
778 2460 1104 2539 conpositio
1149 2457 1504 2538 syllabarum
1551 2457 1801 2520 duarum
1846 2456 1936 2518 vel
1978 2459 2158 2518 trium
2202 2460 2263 2518 in
2325 2457 2693 2537 simplicibus
2734 2457 3019 2537 pedibus:
3096 2475 3221 2518 nam

647 2577 824 2640 saepe
869 2579 1004 2622 cum
1049 2559 1455 2640 duplicantur,
1501 2577 1614 2640 pes
1657 2577 1893 2640 quoque
1938 2568 2215 2639 quattuor
2258 2569 2359 2621 aut
2402 2558 2655 2638 amplius
2696 2558 2937 2639 syllabis
2980 2567 3221 2620 constat.

571 2684 623 2726 20
650 2671 710 2723 et
755 2661 893 2724 iacit
936 2669 1191 2722 metrum
1237 2661 1451 2740 pedum
1497 2662 1773 2722 iunctura
1820 2663 2085 2723 numeris
2128 2663 2289 2724 finita
2336 2661 2426 2722 vel
2470 2663 2679 2723 modis.
2766 2659 2993 2742 syllaba
3038 2659 3224 2721 brevis

645 2782 830 2826 unum
885 2771 1112 2826 tantum
1171 2763 1350 2824 modo
1406 2762 1586 2824 habet
1627 2771 1891 2843 tempus„
1944 2765 2221 2842 quoniam
2265 2765 2328 2824 in
2372 2763 2538 2825 brevi
2582 2763 2803 2844 syllaba
2846 2771 3061 2824 natura
3103 2771 3223 2824 tan·

646 2879 774 2929 tum
817 2865 997 2937 valet,
1044 2885 1194 2946 quae
1241 2865 1380 2927 facit
1422 2864 1660 2926 brevem
1706 2863 2019 2945 syllabam3
2081 2867 2141 2926 in
2188 2865 2363 2946 longa
2410 2874 2603 2927 autem
2650 2864 2871 2946 syllaba
2918 2873 2979 2926 et
3024 2875 3225 2928 natura

649 2977 740 3030 est
785 2976 844 3030 et
897 2969 1138 3049 positio,
1201 2976 1260 3029 et
1314 2969 1592 3049 quoniam
1637 2969 1699 3028 in
1742 2966 1919 3045 longa
1962 2965 2183 3046 syllaba
2230 2978 2290 3028 et
2333 2976 2567 3048 tempus
2611 2976 2673 3028 et
2712 2975 2989 3028 naturam
3034 2969 3221 3047 inqui-

648 3071 757 3141 πίε,
805 3078 1121 3150 propterea
1165 3069 1281 3132 duo
1327 3068 1507 3131 habet
1547 3077 1845 3150 tempora,
1892 3087 2077 3131 unum
2122 3077 2394 3141 naturae,
2442 3068 2597 3132 aliud
2641 3071 2972 3150 positionis.
3062 3068 3223 3148 sylla-

571 3195 622 3237 25
652 3172 758 3233 bas
802 3180 1012 3234 natura
1054 3171 1261 3251 longas
1305 3169 1542 3233 difficile
1588 3178 1678 3232 est
1721 3171 1893 3233 scire.
1980 3170 2083 3232 sed
2128 3172 2283 3232 hanc
2325 3171 2767 3251 ambiguitatem
2810 3170 2936 3232 sola
2978 3169 3229 3251 probant

649 3276 1012 3336 auctoritatis
1057 3273 1354 3355 exempla,
1401 3291 1534 3335 cum
1582 3289 1787 3334 versus
1828 3280 2039 3353 poetae
2082 3272 2369 3336 scandere
2412 3275 2699 3355 coeperis.
2784 3271 3045 3352 syllabas
3086 3289 3225 3354 quae

647 3377 937 3456 positione
1002 3374 1213 3455 longae
1278 3377 1428 3438 fiunt
1491 3373 1660 3436 facile
1727 3383 1817 3436 est
1880 3374 2208 3437 dinoscere.
2296 3395 2472 3457 quem
2531 3376 2606 3438 ad
2660 3374 2902 3438 modum
2960 3377 3225 3438 iunctura

646 3478 976 3540 litterarum
1033 3478 1098 3538 fit
1151 3495 1284 3558 peS,
1340 3479 1421 3537 ita
1476 3476 1692 3558 pedum
1750 3477 2167 3539 coniunctione
2209 3479 2275 3539 fit
2318 3497 2521 3542 versus
2563 3475 2826 3557 quilibet.
2916 3495 3061 3539 nam
3108 3495 3225 3538 ver·

649 3598 821 3642 suum
866 3579 1120 3661 plurima
1165 3586 1302 3640 sunt
1344 3596 1582 3658 genera.
1670 3597 1925 3660 quorum
1979 3580 2199 3642 herous
2253 3588 2343 3642 est
2384 3582 2668 3661 optimus,
2714 3580 2816 3660 qui
2858 3580 2925 3640 fit
2968 3580 3225 3660 spondeo

572 3703 625 3746 ao
653 3680 882 3761 dactylo
929 3688 988 3743 et
1029 3681 1329 3743 trochaeo.
1419 3690 1510 3742 est
1553 3685 1710 3744 enim
1768 3680 2045 3744 heroicus
2090 3701 2311 3754 versuS,
2360 3685 2460 3762 qui
2502 3681 2765 3764 spondeo
2808 3689 3045 3743 tantum
3088 3682 3228 3762 pede

793 3919 818 3970 1
859 3929 916 3970 ut
943 3921 1125 3971 troiam
1159 3920 1260 3972 alia
1291 3921 1406 3970 aiax
1447 3919 1580 3970 maia
1614 3921 1656 3969 L
1827 3920 1862 3972 6
1896 3918 2035 3988 eros]
2075 3921 2177 3972 eris
2215 3922 2263 3972 L
2432 3920 2467 3972 8
2500 3935 2603 3971 non
2640 3929 2693 3971 te
2727 3919 2933 3970 firmant
2971 3921 3023 3970 L
3058 3936 3227 3985 semer-

651 3991 840 4055 ecn'pto
875 4005 974 4040 con
1011 3999 1130 4041 ante
1171 3990 1372 4040 firmant
1399 3992 1419 4040 l
1557 3991 1624 4041 12
1663 3991 1858 4042 uocalis
1894 3999 1971 4041 est
1999 3993 2008 4056 Ι
2040 3991 2117 4040 De
2148 3991 2358 4056 syllabis
2388 3991 2397 4054 Ι
2427 3993 2727 4042 Litterarum
2764 3991 2975 4054 quidem
3010 3991 3225 4057 syllaba-

651 4076 866 4126 rumque
895 4068 1140 4112 tractatus
1175 4060 1322 4112 latior
1353 4069 1448 4123 est,
1488 4075 1639 4124 quam
1677 4069 1731 4110 ut
1768 4062 1821 4110 in
1855 4069 2014 4112 artem
2042 4069 2425 4130 praeceptorum
2456 4063 2621 4129 possit
2647 4062 2894 4112 breuitate
2929 4061 3227 4128 constringi.

653 4140 847 4183 tantum
883 4139 1054 4182 tamen
1073 4146 1103 4180 a
1124 4131 1271 4182 nobis
1310 4130 1595 4197 attingitur,
1621 4139 1869 4195 quantum
1900 4133 1967 4182 ad
2005 4131 2378 4182 dimensionem
2415 4133 2605 4197 pedum
2644 4141 3023 4195 metrorumque
3052 4131 3227 4197 perdu-

649 4211 732 4252 cat
756 4229 824 4238 —
853 4211 909 4251 ut
946 4217 1063 4251 cum
1094 4201 1206 4251 dico
1232 4201 1444 4264 amicus,
1472 4201 1641 4266 prima
1669 4202 1839 4250 breuis
1866 4212 1960 4263 est,
1992 4203 2110 4266 quia
2138 4201 2321 4252 lectum
2350 4211 2427 4252 est
2460 4207 2677 4253 ‘tantum
2719 4200 2981 4252 infelicem
3024 4203 3225 4252 nimium

651 4273 828 4324 dilexit
855 4273 1096 4320 amicum’
1125 4269 1319 4337 (Verq-
1357 4271 1488 4321 Aen.
1517 4271 1657 4322 Vlul
1685 4269 1843 4336 430);
1874 4271 2043 4322 media
2082 4281 2261 4324 natura
2298 4273 2472 4340 longa,
2507 4274 2631 4337 quia
2650 4281 2787 4321 tenet
2814 4271 3042 4321 ineflxus
3064 4285 3227 4322 aceen-

647 4343 734 4392 tiis
769 4340 831 4407 (l.
861 4341 912 4390 in
948 4357 1004 4391 se
1039 4341 1226 4392 flexum
1275 4339 1605 4403 accentum),
1652 4341 1737 4404 qui
1793 4341 1998 4390 nonnisi
2034 4343 2088 4391 in
2127 4341 2295 4408 longis
2339 4341 2633 4393 naturaliter
2678 4341 2957 4399 invenitur3
3010 4341 3227 4392 nltimam

651 4413 855 4462 brevem
894 4425 1044 4462 casus
1096 4411 1422 4470 demonstrat,
1461 4412 1583 4474 quia
1615 4419 1725 4460 arte
1756 4411 2026 4478 corripitur
2058 4407 2112 4476 ll
2134 4413 2179 4475 f.
2212 4412 2281 4462 56
2312 4413 2505 4464 Pedum
2556 4412 2842 4479 explanatio
2892 4411 3129 4474 sequitur
3163 4411 3222 4462 L.

649 4484 1029 4535 commentarius
1060 4481 1125 4532 de
1159 4481 1392 4548 syllabis,
1429 4495 1570 4547 quem
1605 4481 1761 4540 omisi,
1796 4483 1977 4543 paucis
1996 4486 2193 4534 mutatis
2223 4485 2467 4546 repetitus
2504 4491 2579 4534 est
2602 4497 2672 4532 ιω
2702 4481 2867 4531 libello
2882 4482 2951 4531 de
2978 4480 3223 4544 finalibus,

650 4567 710 4602 eo
743 4556 832 4618 qui
864 4551 1087 4604 Maximi
1127 4553 1182 4603 V
1177 4552 1376 4602 ictor-ini
1407 4553 1598 4600 nomine
1621 4551 1895 4613 irum-ipius
1930 4560 2009 4602 est
2047 4556 2102 4604 in
2128 4553 2340 4605 editione
2379 4553 2751 4603 Mediolanensi
2785 4550 2831 4600 l.
2871 4551 3146 4602 parv-caeti
3175 4567 3219 4602 a.

653 4621 790 4674 1504
822 4631 876 4674 et
906 4624 960 4673 in
993 4623 1241 4674 analectis
1281 4623 1616 4687 aromaticis
1661 4621 1714 4670 V
1709 4621 2129 4674 indobonenaibns
2166 4639 2225 4686 p.
2263 4625 2365 4672 455
2399 4639 2533 4688 sqq„
2567 4638 2706 4688 quem
2734 4622 2906 4672 Ser-vit·
2934 4623 3127 4674 nomin
3158 4624 3225 4671 in-

649 4695 888 4760 som'ptum
923 4693 1084 4743 edidit
1113 4692 1380 4742 Puoecloeius
1421 4709 1480 4756 p.
1518 4689 1655 4742 1799
1699 4704 1845 4756 sqq.:
1890 4693 1960 4756 ef.
1997 4707 2053 4755 p.
2100 4691 2453 4746 1801-1803
2489 4693 2538 4743 P
2705 4691 2769 4742 19
2806 4699 3010 4741 constat
3044 4692 3223 4758 duplex

651 4769 729 4812 est
765 4772 816 4814 et
851 4762 974 4812 facit
1007 4760 1057 4809 L
1195 4761 1262 4812 23
1300 4758 1508 4827 positio]
1551 4759 1718 4826 spatio
1749 4761 1798 4809 L
1935 4764 1999 4812 24
2038 4765 2191 4813 alium
2232 4764 2279 4812 L
2420 4761 2487 4812 26
2524 4771 2675 4828 poeta
2704 4761 2955 4812 scandere
2988 4775 3221 4828 coeperas

653 4829 705 4881 L
841 4832 912 4884 29
939 4831 1165 4896 spondeo
1199 4830 1433 4881 dactilico
1468 4839 1517 4879 et
1549 4837 1718 4881 troceo
1759 4831 1808 4880 L
