3434 5442
972 340 1369 411 {NsTl'l'v'rA
1412 346 1693 409 ARTIVM
1738 348 1858 409 367
1871 348 2070 409 -378
2688 346 2802 406 107

338 462 539 504 ,ωτι
570 464 625 505 ιι.
2400 492 2410 503 .
2437 462 2616 504 sos-10
2647 460 2702 503 v.

216 474 429 595 liugn-as
492 534 875 597 deliniuntur
938 545 999 597 et
1052 543 1251 615 aptota
1294 552 1421 597 esse
1482 554 1603 597 non
1654 520 2063 614 reperiuntur,
2137 535 2286 596 baec
2339 476 2410 597 affl
2469 532 2800 613 exemplum

216 640 439 699 formae
484 656 635 699 suae
670 646 785 717 p‘er
832 656 1038 699 onmes
1081 656 1251 701 casus
1300 638 1690 700 declinantur.

384 738 555 801 Nunc
620 741 687 801 in
744 740 859 803 hac
914 742 1103 803 forma
1148 742 1387 819 generis
1446 739 1785 809 masculini,
1851 758 1969 821 qua
2025 740 2278 801 diximus
2341 739 2592 801 ablativo
2662 757 2802 801 casu

221 844 452 905 numeri
506 840 829 921 singularis
884 844 1121 912 nomina
1174 861 1209 903 ο
1252 842 1445 905 littera
1492 844 1801 904 terminari
1857 849 1917 905 et
1963 844 2322 903 nominativo
2375 860 2514 903 casu
2571 844 2805 903 numeri

220 942 550 1027 sinflgularis
592 964 705 1005 cus
742 944 957 1007 litteris
1000 945 1259 1015 deliniri,
1310 944 1426 1005 hoc
1468 962 1806 1016 monemus,
1869 945 2026 1025 quod
2069 962 2140 1007 ex
2179 964 2250 1007 ea
2289 962 2408 1005 non
2453 962 2524 1005 ec
2565 944 2802 1022 plurimi
2851 972 2878 1011 a

222 1050 369 1117 soni,
416 1048 533 1108 hoc
576 1056 669 1108 est
710 1066 831 1109 non
868 1068 941 1108 ec
979 1046 1229 1125 plurima
1272 1048 1531 1117 nomina,
1575 1048 1808 1127 possint
1849 1046 2131 1109 exbiberi.
2220 1047 2294 1108 de
2335 1047 2528 1107 forma
2570 1047 2804 1125 generis

222 1149 551 1219 masculini,
596 1168 715 1230 qua
758 1149 1009 1211 ablativo
1054 1168 1197 1212 casu
1238 1150 1471 1211 numeri
1512 1147 1830 1227 singularis
1871 1146 2110 1211 ncmina
2145 1154 2190 1209 'o
2234 1148 2452 1211 littera'
2477 1151 2800 1211 terminan-

222 1262 319 1313 tur
360 1262 421 1313 et
464 1253 825 1315 nominativo
870 1270 1011 1313 casu
1050 1252 1285 1313 numeri
1326 1250 1643 1330 singularis
1681 1268 1792 1312 ons
1839 1250 2052 1312 litteris
2087 1252 2476 1321 definiuntur,
2517 1256 2798 1331 quantum

222 1356 371 1415 ratio
416 1354 719 1433 poscebat,
766 1355 1161 1427 tractavimus,
1458 1338 1465 1345 ⁵

388 1457 479 1518 De
514 1475 638 1517 vus.
726 1474 1135 1537 quaecumque
1176 1460 1416 1518 nomina
1456 1458 1691 1535 generis
1735 1454 2042 1518 masculini
2087 1453 2338 1519 ablativo
2381 1472 2522 1517 casu
2565 1457 2801 1517 numeri
2829 1482 2878 1521 ιο

214 1558 539 1635 singularis
582 1580 619 1619 o
664 1557 859 1620 littera
906 1561 1295 1621 terminantur
1352 1566 1413 1619 et
1460 1560 1822 1621 nominativo
1867 1576 2006 1621 casu
2057 1559 2293 1620 numeri
2341 1556 2656 1635 singularis
2697 1576 2802 1619 vus

208 1660 439 1740 syllaba
484 1660 875 1732 definiuntur,
935 1669 1003 1723 ut
1038 1669 1179 1740 puta
1218 1661 1294 1722 ab
1334 1661 1447 1721 boc
1486 1679 1657 1723 servo
1714 1660 1814 1721 hic
1855 1678 2090 1729 servus,
2143 1660 2292 1722 haec
2335 1659 2406 1721 ad
2450 1660 2566 1721 hoc
2603 1676 2802 1721 exem·

173 1763 375 1842 plum
414 1762 821 1825 declinantur:
869 1765 1103 1824 numeri
1130 1762 1447 1841 singularis
1482 1762 1579 1823 hic
1606 1780 1812 1824 servus
1852 1762 2028 1824 huius
2063 1765 2216 1825 servi
2260 1762 2401 1823 huic
2427 1780 2600 1823 servo
2643 1761 2806 1825 bunc

204 1884 452 1927 servum
500 1886 539 1927 o
578 1882 747 1927 serve
800 1864 876 1925 ab
922 1865 1035 1926 boc
1078 1882 1280 1935 servo,
1336 1866 1569 1926 numeri
1626 1863 1870 1944 pluralis
1921 1864 1986 1925 bi
2027 1866 2179 1926 servi
2235 1864 2450 1926 horum
2495 1882 2803 1927 servorum

202 1969 303 2027 bis
344 1968 541 2028 servis
600 1966 713 2028 hos
752 1984 959 2029 servos
1000 1986 1035 2029 ο
1073 1969 1227 2029 servi
1274 1966 1348 2029 ab
1396 1968 1489 2029 bis
1526 1968 1734 2029 servis.
1825 1968 1910 2028 sic
1953 1976 2016 2029 et
2057 1965 2166 2029 alia
2213 1968 2450 2043 generis
2493 1964 2802 2029 masculini
2832 1991 2882 2031 ιι

200 2072 489 2139 nomina,
544 2088 696 2150 quae
764 2066 1213 2131 ablativo-‘casu
1278 2071 1511 2131 numeri
1564 2068 1878 2147 singularis
1933 2086 1968 2129 ο
2026 2068 2222 2131 littera
2287 2051 2679 2131 terminantur
2745 2076 2808 2131 et

198 2172 580 2233 nominativo
630 2190 775 2233 casu
826 2173 1061 2232 numeri
1114 2170 1427 2251 singularis
1482 2190 1585 2233 vus
1630 2170 1850 2251 syllaba
1903 2171 2292 2242 definiuntur,
2349 2172 2424 2233 ad
2469 2170 2802 2251 exemplum

196 2278 361 2334 servi
400 2292 515 2352 per
548 2290 761 2334 omnes
798 2290 972 2335 casus
1011 2272 1395 2336 declinantur.
1454 2292 1615 2336 nunc
1650 2275 1711 2333 in
1751 2274 1863 2335 hac
1905 2291 2084 2353 supra
2122 2276 2342 2353 scripta
2389 2274 2580 2337 forma
2624 2292 2804 2355 quae·

198 2380 389 2445 titur,
440 2394 567 2456 qua
626 2375 703 2437 de
759 2394 935 2437 causa
1006 2375 1105 2437 hic
1146 2394 1285 2438 avus
1340 2384 1401 2438 et
1464 2394 1583 2439 non
1650 2376 1749 2437 hic
1795 2395 1900 2438 aus
1955 2377 2201 2439 dicatur.
2290 2377 2403 2439 hac
2465 2377 2540 2441 ilc
2605 2394 2802 2443 causa,

200 2480 495 2559 quoniam
542 2496 955 2559 quaecumque
1002 2479 1237 2552 numina
1279 2481 1515 2557 generis
1556 2478 1867 2541 masculini
1889 2480 2178 2556 -genetivo
2225 2498 2364 2541 casu
2410 2480 2642 2543 numeri
2683 2480 2803 2539 sin·
2829 2500 2884 2542 ιο

202 2580 435 2658 gularis
474 2583 535 2641 vi
570 2578 795 2660 syllaba
842 2580 1248 2649 terminantur,
1296 2580 1441 2643 haec
1478 2582 1838 2643 nominativo
1883 2598 2022 2643 casu
2067 2584 2300 2643 numeri
2343 2580 2655 2661 singularis
2697 2599 2804 2643 vus

202 2682 427 2763 syllaba
474 2683 876 2752 definiuntur;
934 2689 992 2743 et
1032 2683 1165 2744 ideo
1209 2683 1307 2743 hic
1350 2702 1493 2745 avus
1542 2690 1603 2745 et
1646 2702 1764 2745 nou
1811 2684 1908 2745 bic
1952 2700 2057 2745 aus
2108 2684 2306 2746 facere
2361 2675 2800 2762 pronuntiatur.

206 2788 466 2847 nuncin
508 2786 627 2846 hac
680 2784 867 2845 forma
931 2786 1163 2864 generis
1210 2785 1549 2855 masculini,
1608 2804 1720 2865 qua
1773 2787 2026 2849 diximus
2081 2786 2332 2875 ablativo
2381 2805 2532 2847 casu·
2572 2789 2804 2848 numeri

206 2888 525 2966 singularis
570 2888 813 2949 nomina
856 2907 893 2948 ο
934 2887 1123 2949 littera
1172 2889 1475 2949 terminari
1522 2896 1581 2949 et
1622 2881 1982 2949 nominativo
2025 2906 2166 2950 casu
2208 2890 2444 2950 numeri
2489 2888 2806 2967 singularis

212 3008 313 3051 vus
354 2989 589 3069 syllaba
616 2989 879 3059 deliniri,
926 2989 1040 3051 hoc
1080 3008 1409 3059 monemus,
1457 2990 1617 3070 quod
1662 3008 1733 3051 ex
1764 3010 1831 3052 ea
1875 3008 1996 3051 non
2032 3008 2208 3072 quam
2251 2989 2454 3070 plures
2497 2990 2804 3060 soni,·hoc
2827 2974 2894 3053 αι’

213 3102 295 3152 est
330 3110 457 3153 non
500 3110 685 3172 quam
726 3091 981 3171 plurima
1022 3093 1277 3163 nomina,
1325 3094 1553 3170 possint
1590 3092 1894 3174 exhibe1ri.
1957 3093 2250 3155 deforma
2297 3093 2534 3170 generis
2571 3112 2802 3155 mascu-

216 3193 338 3263 lini,
382 3213 505 3273 qua
556 3192 811 3255 ablativo
860 3213 1003 3256 casu
1056 3196 1291 3256 numeri
1336 3193 1651 3273 singularis
1710 3198 1948 3258 nomina
1987 3214 2024 3256 n
2069 3188 2261 3256 littera
2309 3197 2702 3257 terminantur
2743 3205 2804 3259 et

217 3298 579 3357 nominativo
624 3314 767 3358 casu
820 3300 1051 3358 numeri
1092 3295 1403 3376 singularis
1447 3315 1553 3358 vus
1596 3297 1820 3377 syllaba
1871 3298 2265 3366 definiuntur,
2324 3304 2612 3378 quantum
2651 3299 2800 3359 ratio

214 3398 515 3477 pmcbat,
566 3401 959 3461 tractavimus

376 3502 467 3563 De
514 3520 649 3563 uus,
738 3518 1157 3582 quaecumque,
1182 3502 1418 3563 nomina
1463 3503 1697 3579 generis
1736 3500 2044 3563 masculini
2093 3500 2344 3563 ablativo
2387 3520 2524 3563 casu
2570 3504 2804 3564 numeri
2829 3521 2884 3563 ao

211 3603 535 3682 singularis
590 3624 627 3663 o
672 3603 867 3664 littera
920 3606 1317 3665 terminantur
1371 3612 1431 3664 et
1474 3604 1832 3664 nominativo
1879 3622 2018 3665 casu
2076 3606 2308 3665 numeri
2362 3602 2694 3688 sinssgularis
2733 3624 2806 3667 us

210 3706 433 3786 syllaba
476 3712 615 3784 post
658 3723 697 3766 u
740 3706 995 3768 litteram
1038 3706 1414 3776 definiuntur,
1452 3715 1517 3768 ut
1556 3712 1697 3785 puta
1739 3705 1814 3768 ab
1845 3705 1960 3768 boc
1988 3714 2282 3787 perpetuo
2325 3706 2423 3768 bic
2456 3716 2802 3788 perpetuus,

212 3811 353 3870 baec
400 3809 481 3869 ad
521 3808 639 3869 hcc
682 3808 1015 3889 exemplum
1061 3808 1460 3870 declinantur:
1512 3810 1748 3870 numeri
1785 3807 2100 3887 singularis
2145 3810 2242 3877 hic
2273 3817 2594 3888 perpetuus
2629 3809 2806 3873 huius

216 3914 490 3990 perpetui
527 3910 669 3972 huic
712 3919 1001 3991 perpetuo
1042 3910 1203 3971 hunc
1247 3917 1603 3991 perpetuum
1648 3928 1683 3971 ο
1729 3918 2013 3990 perpetue
2058 3910 2132 3973 ab
2169 3911 2283 3972 hoc
2327 3920 2646 3991 perpetuo,
2695 3930 2804 3975 nu·

220 4015 359 4073 meri
400 4011 655 4093 pluralis
698 4012 761 4073 bi
804 4014 1075 4092 perpetui
1116 4014 1328 4075 horum
1372 4019 1800 4093 perpetuorum
1843 4014 1936 4075 his
1958 4016 2280 4094 ‘perpetuis
2333 4013 2444 4074 bos
2487 4022 2806 4093 perpetuos
2829 4031 2918 4093 35,

224 4136 257 4175 ο
288 4116 561 4195 perpetui
606 4114 683 4175 ab
726 4114 819 4175 his
860 4116 1179 4194 perpetuis
1266 4118 1353 4177 sic
1402 4123 1462 4176 et
1508 4113 1617 4175 alia
1672 4116 1908 4192 generis
1961 4114 2266 4176 masculini
2325 4117 2594 4186 nomina,
2653 4134 2804 4195 quae

228 4216 471 4278 ablativo
514 4234 659 4278 casu
714 4218 951 4279 numeri
1006 4215 1321 4295 singularis
1364 4234 1399 4277 ο
1445 4216 1635 4278 littera
1694 4208 2111 4278 terminantur'
2143 4224 2203 4278 et
2255 4219 2609 4279 nominativo
2661 4237 2804 4279 casu

232 4321 449 4387 meri
489 4317 809 4398 singularis
852 4336 923 4378 us
962 4317 1181 4399 syllaba
1224 4325 1359 4397 post
1402 4336 1439 4379 u
1474 4317 1730 4381 litteram
1772 4319 2148 4389 definiuntur,
2187 4318 2260 4379 ad
2291 4318 2622 4399 exemplum
2667 4338 2804 4399 per·

234 4425 371 4500 petui
448 4439 559 4500 per
620 4440 832 4484 omnes
892 4439 1062 4483 casus
1130 4420 1517 4483 declinantur.
1610 4440 1769 4483 nunc
1832 4423 1888 4482 in
1935 4422 2046 4482 hac
2107 4439 2290 4502 supra
2333 4424 2551 4501 scripta
2612 4423 2802 4484 forma

234 4526 535 4603 quaeritur,
579 4542 695 4605 qua
742 4524 819 4587 de
864 4542 1037 4585 cansa
1079 4530 1401 4603 perpetuus
1446 4530 1505 4585 et
1532 4524 1888 4585 nominativo
1935 4531 1993 4585 et
2023 4526 2354 4585 accusativo
2389 4540 2528 4587 casu
2571 4526 2804 4586 numeri
2829 4542 2881 4583 40

350 4774 383 4825 5
418 4788 513 4823 non
550 4788 613 4823 eo
650 4771 873 4840 plurimi
904 4772 1023 4821 soni
1062 4772 1109 4823 R
1143 4786 1243 4823 non
1277 4786 1337 4822 eo
1368 4770 1545 4836 plnres
1584 4772 1695 4821 soni
1729 4771 1782 4821 B
1953 4772 2022 4825 32
2063 4778 2182 4838 post
2217 4788 2250 4823 u
2283 4770 2502 4825 litteram
2538 4790 2568 4826 v
2619 4782 2736 4825 ante
2769 4788 2802 4823 u

234 4843 429 4894 interam
464 4845 511 4897 R
544 4854 668 4896 ante
706 4860 739 4893 u
782 4842 957 4897 littera
990 4842 1044 4893 B
1178 4840 1247 4895 38
1282 4849 1400 4909 post
1433 4857 1465 4890 ιι
1502 4842 1721 4893 litteram
1759 4842 1805 4893 R
1835 4850 1956 4909 post
1985 4858 2020 4894 u
2056 4842 2223 4894 littera
2257 4844 2312 4895 B
