3434 5442
674 363 799 424 440
1660 353 1902 415 sssnvn
1950 352 2256 434 [senen]

2801 471 2845 510 p.
2874 458 2986 502 1852.
3013 458 3062 500 53
3087 457 3132 497 Ρ.

673 543 877 608 verbio
924 545 1188 624 ponitur,
1234 550 1299 604 ut
1341 561 1473 602 cum
1519 542 1766 603 dicimus
1809 543 1917 604 ‘ut
1963 549 2058 613 te,
2126 539 2544 602 fortissime
2594 542 2988 615 Teucrum,
3032 545 3224 605 Acci·

676 647 852 726 pio’.
941 646 1087 706 heus
1131 646 1179 706 si
1223 643 1489 706 dolorem
1534 644 1850 724 significat,
1896 643 2224 704 interiectio
2269 649 2385 713 est,
2435 651 2496 703 ut

977 747 1150 808 bens
1195 748 1413 808 etiam
1460 763 1754 807 mensas
1797 745 2330 814 consumimuS,
2376 745 2626 824 inquit
2668 745 2903 818 lulus;

674 853 725 912 si
769 858 963 912 autem
1009 846 1250 910 verbum
1297 855 1603 928 sequatur,
1650 845 1990 908 adverbium
2039 853 2154 915 est,

622 971 648 1010 5
1231 950 1435 1020 heuS,
1482 950 1756 1029 inquit,
1803 951 2111 1010 iuvenes
2154 954 2568 1008 monstrate
2614 967 2948 1012 mearum.

676 1055 788 1115 erit
842 1053 995 1112 enim
1058 1069 1305 1122 nomen,
1362 1069 1478 1131 quo
1534 1051 1709 1112 modo
1767 1047 2101 1110 nominibus
2152 1048 2451 1109 interdum
2511 1068 2618 1129 pro
2675 1051 2969 1114 adverbiis
3009 1053 3228 1120 utimur,

674 1162 739 1216 ut
782 1162 919 1214 ante
974 1152 1191 1214 dictum
1246 1161 1350 1213 est.
1440 1151 1583 1213 illud
1638 1151 1890 1213 fideliter
1951 1159 2152 1210 tenere
2197 1150 2508 1220 debemus»,
2565 1169 2885 1233 numquam
2929 1155 3226 1233 separatim

675 1255 1165 1335 praepositionem
1212 1252 1505 1316 adverbiis
1546 1271 1720 1334 posse
1765 1253 2072 1331 coniungi,
2121 1251 2300 1313 veluti
2343 1252 2416 1312 de
2447 1271 2662 1325 mane,
2711 1255 2784 1316 de
2830 1265 3026 1317 noctu.
3091 1255 3232 1335 quod

678 1364 873 1418 autem
920 1357 1249 1418 invenimus
1292 1355 1528 1418 indocte
1574 1363 1631 1417 et
1676 1356 2108 1435 infrequenter,
2155 1362 2292 1414 sunt
2335 1354 2572 1434 quidem
2618 1359 3099 1436 praepositiones,
3142 1356 3234 1416 sed

604 1477 653 1518 ιο
682 1477 797 1520 non
843 1459 1183 1537 separatim,
1244 1459 1395 1520 sicut
1450 1464 1585 1518 sunt
1639 1458 1812 1518 etiam
1859 1455 1992 1516 iliae
2036 1453 2390 1535 particulae,
2437 1474 2580 1536 quas
2623 1458 2750 1537 ipse
2793 1459 2962 1537 ponit
3003 1459 3235 1536 artigra-

676 1561 799 1631 sus,
848 1559 1156 1621 desursum
1202 1559 1479 1620 deorsum
1526 1557 1823 1638 deinceps
1883 1559 1962 1618 ita
2009 1558 2164 1618 enim
2199 1565 2470 1618 constant
2511 1557 2662 1619 duae
2707 1567 2906 1638 partes
2950 1561 3233 1628 orationis,

678 1672 741 1723 ut
799 1681 917 1723 uno
986 1660 1192 1723 ambae
1252 1662 1514 1722 nitantur
1570 1667 1835 1721 accentu.
1925 1677 2036 1720 nec
2093 1658 2244 1721 duae
2299 1661 2766 1740 praepositiones
2828 1663 3236 1722 interveniente

680 1762 961 1824 adverbio
1003 1762 1315 1824 sociandae
1358 1769 1515 1824 sunt.
1602 1762 1960 1841 praepositio
2003 1763 2178 1822 etiam
2227 1761 2299 1821 de
2343 1779 2463 1822 non
2506 1770 2700 1842 potest
2744 1761 2988 1842 adiungi
3030 1764 3236 1824 nomini

678 1865 1106 1926 interveniente
1164 1863 1466 1934 adverbio,
1520 1859 1547 1946 ΙΙ
1606 1871 1669 1924 ut
1723 1862 1830 1923 ‘de
1874 1871 2038 1924 trans
2081 1862 2344 1924 Tiberim
2393 1864 2616 1935 venio’,
2673 1883 2850 1944 quem
2895 1864 2968 1926 ad
3016 1863 3234 1926 modum

603 1983 652 2024 15
684 1965 884 2027 ‘illinc
930 1967 1151 2027 venio'.

1670 2133 1768 2196 DE
1811 2133 2250 2197 PARTICIPIO.

845 2271 1222 2352 participium
1283 2278 1373 2331 est
1430 2271 1597 2348 quasi
1652 2269 2071 2349 particapium:
2140 2268 2318 2331 habet
2363 2271 2520 2332 enim
2568 2289 2600 2332 a
2647 2273 2888 2332 nomine
2932 2289 3146 2351 genera
3187 2279 3238 2332 et

678 2392 875 2445 casuS,
924 2393 955 2434 a
1006 2373 1183 2434 verbo
1230 2380 1494 2453 tempora
1541 2378 1601 2432 et
1642 2371 2124 2449 significationes,
2173 2371 2245 2434 ab
2291 2381 2540 2451 utroque
2571 2389 2886 2435 numerum
2919 2382 2978 2435 et
3003 2373 3236 2453 liguram

672 2484 740 2544 ,et
798 2484 1014 2548 cetera,
1077 2493 1227 2556 quae
1273 2477 1332 2535 in
1388 2471 1794 2553 superioribus
1850 2472 2002 2535 dicta
2051 2483 2204 2534 sunt.
2294 2475 2354 2534 in
2399 2474 2827 2552 posterioribus
2871 2474 3010 2536 iilud
3059 2475 3236 2542 adicit,

602 2597 654 2636 20
680 2577 1006 2640 inchoativa
1066 2576 1241 2640 verba
1300 2595 1418 2639 non
1473 2574 1693 2638 babere
1751 2575 1864 2636 nisi
1907 2577 2234 2654 praesentis
2281 2577 2562 2657 temporis
2605 2577 3007 2656 participium,
3059 2578 3238 2638 futuro

678 2687 873 2740 autem
904 2696 1126 2742 carere.
1184 2679 1317 2739 ideo
1350 2687 1540 2740 autem
1576 2675 1697 2758 [in]
1731 2676 1928 2737 futuro
1973 2684 2202 2748 carent,
2248 2679 2525 2758 quoniam
2571 2678 2836 2758 reguiam
2881 2679 3080 2740 sutura
3121 2696 3238 2758 par·

678 2783 877 2862 ticipia
934 2801 964 2842 a
1022 2783 1341 2861 praeterito
1398 2779 1621 2841 ducunt
1671 2779 2015 2858 participio.
2073 2781 2454 2857 praeteritum
2522 2789 2714 2842 autem
2783 2782 3154 2862 participium
3211 2799 3238 2840 a

678 2891 948 2964 tempore
1001 2883 1266 2963 perfecto
1320 2883 1611 2962 originem
1674 2881 1883 2949 sumit;
1931 2888 1990 2941 et
2032 2879 2194 2953 ideo,
2243 2899 2376 2944 cum
2421 2883 2756 2944 inchoativa
2801 2882 2978 2944 verba
3022 2891 3238 2962 tempus

678 2985 1007 3066 perfectum
1054 3001 1173 3047 non
1220 2982 1505 3053 habeant,
1552 3001 1675 3045 non
1716 2989 1964 3063 possunt
2007 2981 2228 3044 habere
2273 2983 2330 3043 id
2377 2982 2534 3062 quod
2563 2983 2799 3044 additur
2839 2986 2959 3044 iam
3003 2984 3240 3064 tempori

604 3106 656 3147 25
684 3087 966 3168 perfecto.
1055 3097 1361 3168 praeterea
1408 3085 1551 3146 dicit
1592 3085 1898 3164 participia
1955 3082 2027 3144 ab
2068 3083 2544 3164 inpersonalibus
2584 3083 2780 3146 verbis
2825 3088 2938 3147 uisi
2979 3095 3236 3167 usurpata

679 3206 795 3249 non
839 3191 1071 3258 venire:
1117 3207 1267 3270 quae
1310 3205 1408 3249 res
1450 3203 1634 3266 penes
1662 3186 2032 3248 Latinitatem
2077 3203 2196 3246 non
2241 3187 2354 3246 erit
2399 3183 2487 3268 [et
2513 3185 2774 3268 similia}
2833 3193 2894 3248 et
2936 3187 3050 3248 hoc
3093 3185 3235 3248 simi·

678 3289 811 3352 liter
876 3288 948 3352 ab
1005 3300 1131 3353 arte
1186 3287 1506 3350 descendit.
1598 3290 1814 3349 etenim
1871 3288 2178 3368 participia
2221 3305 2252 3348 a
2297 3289 2490 3368 prima
2534 3289 2823 3367 positione
2865 3287 3034 3349 verbi
3075 3288 3232 3366 origi-

680 3411 813 3452 nem
845 3393 1102 3454 trahunt.
1162 3410 1295 3453 cum
1329 3392 1505 3470 igitur
1546 3387 1938 3470 inpersonalia
1985 3393 2233 3470 primam
2279 3407 2591 3470 personam
2641 3407 2760 3450 non
2804 3388 3076 3461 habeant,
3119 3407 3235 3470 par-

680 3495 876 3573 ticipia
924 3511 1043 3554 non
1105 3495 1233 3554 iure
1292 3511 1363 3553 ex
1412 3511 1475 3553 se
1532 3492 1780 3563 faciunt,
1828 3490 1930 3552 sed
1976 3501 2203 3561 tamen,
2249 3499 2312 3552 ut
2357 3491 2504 3563 dixi,
2553 3509 2840 3572 usurpare
2884 3491 3060 3554 nobis
3101 3491 3270 3568 lieet·
3366 3455 3367 3492 ³

606 3614 661 3656 ao
692 3595 1023 3656 invenimus
1068 3596 1225 3658 enim
1272 3594 1425 3675 apud
1470 3595 1663 3655 varios
1706 3599 2004 3664 auctore&
2049 3593 2204 3674 quod
2250 3599 2392 3673 puto
2437 3594 2571 3655 ideo
2615 3595 2771 3662 fieri,
2819 3611 2940 3654 non
2985 3593 3138 3675 quod
3177 3591 3238 3651 de.

678 3694 1151 3776 inpersonalibus
1196 3703 1557 3776 usurpentur
1598 3696 1940 3778 participia,
1987 3694 2089 3756 sed
2119 3695 2279 3775 quod⁴
2305 3696 2432 3776 ipsa
2475 3693 2874 3776 inpersonalia
2907 3697 3056 3757 fiunt
3085 3693 3236 3754 verba

677 3795 1037 3876 plenissima.
1128 3816 1262 3860 nam
1309 3798 1440 3868 hoc,
1487 3797 1643 3877 quod
1688 3797 1941 3860 dicimus
1999 3795 2178 3876 pudet
2223 3796 2414 3858 taedet
2467 3805 2694 3858 tantum
2741 3797 2888 3868 dici,
2933 3798 3238 3858 invenimus

680 3901 736 3959 in
784 3897 1123 3961 auctoribus
1181 3907 1239 3960 et
1293 3897 1485 3979 pudeo
1544 3905 1603 3959 et
1645 3898 1885 3968 taedeo:
1945 3897 2098 3960 unde
2143 3898 2290 3960 flunt
2329 3897 2557 3978 pudens
2603 3907 2660 3959 et
2705 3897 2976 3960 taedens:
3025 3897 3236 3980 partici-

680 4003 839 4082 pium
900 4018 1019 4061 non
1076 4000 1149 4064 ab
1210 4000 1573 4082 inpersonali
1630 3999 1921 4062 videbitur
1943 4048 1958 4070 ,
2026 4000 2128 4061 sed
2195 4019 2225 4061 a
2286 3983 2464 4061 verbo
2520 4000 2773 4079 integro.
2863 3999 2966 4061 odi
3017 3999 3234 4061 verbum

605 4123 656 4164 35
682 4103 1063 4183 participium
1108 4101 1287 4164 habet
1330 4119 1500 4172 osuS,
1547 4101 1702 4181 quod
1749 4101 1888 4163 licet
1941 4103 2002 4162 in
2047 4121 2153 4164 usu
2201 4119 2318 4163 non
2363 4103 2465 4172 sit,
2513 4108 2709 4163 tamen
2757 4111 3150 4182 conponatur,
3189 4107 3236 4158 et

824 4289 845 4339 1
872 4289 1079 4356 ponitur
1106 4303 1221 4339 cum
1242 4289 1457 4339 dicimus
1482 4297 1537 4338 ut
1560 4296 1615 4341 ut
1638 4291 1713 4340 P.-
1742 4291 1900 4354 Very.
1923 4289 2054 4343 Aen.
2075 4288 2193 4339 VIII
2221 4287 2318 4338 154
2421 4286 2452 4338 3
2480 4287 2610 4339 heus
2629 4286 2805 4354 etiam]
2835 4290 2996 4356 Ver-9.
3017 4291 3142 4342 Aen.
3161 4285 3234 4335 Vl!

688 4359 781 4409 116
876 4361 911 4410 5
945 4357 1072 4409 heus
1099 4359 1272 4422 inquid
1300 4358 1377 4409 P:
1422 4360 1580 4425 Vera.
1605 4360 1737 4413 Aen.
1769 4361 1786 4409 I
1811 4359 1906 4410 321
2015 4358 2050 4409 6
2073 4359 2166 4408 erit
2190 4373 2369 4408 nomen
2397 4373 2547 4421 quom
2578 4359 2868 4408 nominibus
2891 4375 2990 4425 pro
3009 4357 3237 4410 aduerbiis

682 4429 867 4479 utimur
898 4443 949 4485 ς.
984 4437 1197 4480 ceter-zm
1236 4429 1335 4480 nisi
1360 4430 1604 4495 quaedam
1642 4437 1760 4480 ante
1791 4430 1885 4479 erit
1915 4428 2228 4490 exciderunt,
2265 4428 2390 4479 haec
2415 4429 2489 4478 ad
2513 4443 2576 4477 ea
2611 4443 2742 4495 quae
2763 4432 3002 4492 pro-virne
3033 4437 3238 4482 sennan·

676 4503 931 4560 per-tinere
956 4500 1203 4564 videntur,
1240 4507 1293 4550 ut
1327 4501 1422 4548 erit
1460 4525 1526 4535 --
1560 4501 1748 4550 dictum
1778 4507 1854 4549 est
1875 4507 1990 4561 poet
2016 4497 2049 4548 8
2086 4498 2150 4548 de
2179 4506 2328 4549 noctu
2363 4498 2744 4562 transponenda
2772 4503 2900 4550 sim:
2941 4501 3012 4561 cs.
3043 4502 3173 4552 Serv.
3197 4498 3238 4544 in

691 4569 847 4634 Ver-9.
873 4584 1047 4634 ,neor-y.
1089 4570 1109 4618 1
1142 4571 1243 4622 287
1368 4579 1565 4620 utamur
1596 4570 1643 4618 P
1782 4569 1839 4619 ll
1879 4569 2114 4619 deorsum
2143 4584 2172 4618 e
2207 4569 2446 4634 deinceps
2484 4569 2534 4618 Ρ
2669 4577 2900 4619 constant
2926 4570 3060 4620 duas
3091 4575 3232 4635 partes

681 4639 732 4688 P
754 4647 951 4689 constat
972 4639 1099 4690 duas
1128 4647 1301 4706 partes
1328 4653 1361 4696 ς
1398 4647 1632 4691 constant
1668 4639 1866 4690 duabus
1899 4639 2126 4704 partibus
2165 4639 2432 4690 Pucscmaoe
2603 4637 2671 4689 23
2705 4641 2862 4690 sumit
2901 4653 2937 4695 ς
2977 4645 3170 4689 sumunt
3199 4634 3237 4683 P

820 4711 888 4758 24
920 4723 1192 4774 possumus
1230 4711 1281 4760 P
1448 4718 1672 4776 tempore
1710 4709 1762 4757 P
1921 4709 1990 4761 26
2025 4723 2183 4776 penes
2221 4709 2454 4759 Latinum
2490 4711 2541 4759 P
2707 4717 2760 4758 et
2795 4709 3033 4759 simititer
3057 4709 3118 4759 ab
3149 4715 3233 4755 arte

682 4777 898 4895 diseedit
919 4791 954 4834 ς
1092 4778 1156 4830 31
1197 4779 1319 4829 flant
1354 4780 1436 4836 Ρς
1576 4780 1642 4832 33
1677 4779 1804 4829 flunt
1833 4793 1866 4836 ς
1897 4779 2016 4828 (iant
2041 4781 2094 4830 P
2253 4779 2320 4830 35
2357 4787 2668 4845 conponatur
2703 4786 2759 4829 ut
2789 4781 2838 4828 in
2875 4779 2928 4828 P
2963 4777 3236 4845 componitur

684 4862 709 4895 e
768 4860 818 4895 tn
856 4861 890 4903 ς
