3434 5442
617 324 741 388 406
1785 323 1920 386 SER
1930 323 2025 385 vll

2744 447 2789 488 p.
2818 435 3011 477 rna-81
3042 434 3087 478 P.

619 508 842 571 dictum
887 517 1014 580 est,
1073 509 1208 590 quia
1249 527 1572 590 numquam
1613 509 1839 572 recedit
1878 529 1913 572 a
1956 510 2166 574 verbo:
2212 513 2332 573 sive
2364 515 2519 575 enim
2552 513 2745 575 dicam
2788 515 2953 576 ‘cras
2982 515 3177 584 facio',

621 612 831 673 ‘hodie
889 610 1074 682 dico',
1135 613 1396 674 invenias
1449 611 1723 674 adverbia
1778 611 1974 674 verbis
2030 615 2426 676 cohaerentia.
2516 616 2891 696 participium
2932 625 3179 684 vocatur.

619 715 894 795 quoniam
939 721 1168 794 partem
1214 722 1376 776 tenet
1417 715 1700 786 nominiS,
1756 724 1989 795 partem
2036 715 2225 787 verbi,
2273 718 2440 797 quasi
2482 718 2893 797 particapium.
2978 735 3113 778 nam
3154 737 3181 778 a

619 818 859 878 nomine
905 815 1084 878 habet
1127 835 1345 896 genera
1389 823 1450 878 et
1488 834 1682 888 casus,
1728 835 1762 879 a
1806 817 1985 878 verbo
2030 829 2297 896 tempora
2338 827 2397 880 et
2423 819 2893 897 significationes,
2924 818 2998 880 ab
3030 827 3181 879 utro·

565 936 589 975 a
619 937 734 999 que
791 918 1137 1001 uullmerum
1195 929 1252 980 et
1293 919 1561 997 figuram.
1645 921 1981 980 coniunctio
2028 919 2182 982 dicta
2226 929 2341 990 est,
2387 922 2522 999 quia
2567 922 2872 1000 coniungit
2916 919 3185 982 elocutio-

619 1037 754 1090 neS,
816 1027 883 1080 ut
936 1020 1083 1099 ‘ego
1141 1028 1200 1080 et
1254 1028 1315 1082 tu
1372 1026 1627 1082 eamus'.
1718 1023 2075 1103 praepositio
2140 1021 2379 1093 dicitur,
2452 1023 2727 1101 quoniam
2782 1024 2846 1082 in
2906 1021 3187 1102 loquendo

617 1122 1032 1201 praeponitur:
1094 1122 1342 1184 dicimus
1387 1125 1543 1184 enim
1590 1127 1764 1184 ‘ante
1818 1122 2100 1204 templum
2148 1129 2292 1197 est’,
2339 1141 2459 1184 non
2501 1123 2819 1205 ‘templum
2865 1133 3003 1186 ante
3048 1129 3187 1186 est’.

617 1225 948 1286 interiectio
995 1223 1150 1286 dicta
1195 1231 1313 1295 est,
1371 1227 1508 1305 quia
1561 1226 1959 1305 interponitur
2012 1225 2086 1287 ad
2130 1224 2546 1306 exprimendos
2590 1228 2773 1288 animi
2816 1225 3093 1294 affectus,
3135 1233 3193 1286 ut

619 1335 758 1404 puta
815 1326 967 1388 ‘heu
1025 1333 1294 1388 mortuus
1351 1332 1495 1388 est’.
1581 1328 1646 1386 in
1702 1327 1795 1389 his
1838 1335 2034 1390 autem
2079 1336 2214 1390 octo
2257 1324 2525 1409 partibus
2570 1326 2853 1390 naturalis
2898 1335 2988 1389 est
3032 1327 3190 1388 ordo.

543 1440 594 1482 10
619 1430 731 1488 rite
789 1429 947 1489 enim
1003 1446 1220 1490 nomen
1276 1428 1533 1509 primum
1587 1429 1857 1507 ponitur,
1916 1429 2072 1510 quod
2128 1448 2199 1491 ex
2255 1431 2381 1510 ipso
2438 1432 2701 1492 omnium
2745 1448 2946 1492 rerum
2994 1431 3193 1490 notitia

618 1537 987 1609 procreatur.
1047 1538 1184 1611 post
1224 1531 1338 1591 hoc
1383 1529 1559 1591 debet
1601 1532 1767 1611 sequi
1813 1549 2179 1612 pronomen,
2224 1533 2358 1612 quia
2400 1531 2656 1592 nominis
2698 1530 2893 1592 officio
2938 1532 3195 1610 fungitur

620 1650 733 1692 nec
777 1631 953 1693 debet
995 1631 1068 1694 ab
1115 1634 1241 1694 eius
1285 1632 1709 1712 significatione
1755 1631 1967 1694 divelli.
2054 1632 2193 1694 inde
2245 1633 2510 1712 sequitur
2554 1631 2834 1705 verbum,
2893 1652 3014 1713 quo
3058 1633 3194 1693 dixi-

620 1753 753 1796 mus
797 1753 906 1794 nos
948 1734 1292 1815 frequenter
1337 1736 1440 1795 uti.
1498 1734 1640 1796 inde
1684 1734 2057 1802 adverbium,
2100 1735 2259 1816 quod
2303 1753 2336 1796 a
2367 1735 2549 1796 verbo
2594 1752 2914 1815 numquam
2956 1734 3195 1795 recedit.

619 1837 995 1915 participium
1050 1844 1244 1898 autem
1301 1837 1414 1897 rite
1456 1844 1592 1917 post
1633 1855 1851 1898 nomen
1896 1844 1957 1899 et
1998 1837 2241 1898 verbum
2287 1838 2559 1916 ponitur,
2617 1835 2773 1915 quod
2820 1855 2891 1897 ex
2936 1835 3198 1914 partibus

546 1951 596 1992 15
623 1931 930 2019 u'triusque
975 1946 1176 2000 natum
1223 1948 1330 1999 est.
1404 1939 1769 2020 praepositio
1835 1958 1968 2000 cum
2026 1938 2116 1999 vel
2172 1937 2352 1999 verbo
2397 1937 2489 1999 vel
2531 1939 2757 1999 nomini
2798 1938 3197 2016 praeponitur,

619 2046 678 2101 et
730 2041 857 2119 ipsa
914 2040 1065 2100 iuste
1121 2040 1236 2100 hoc
1291 2039 1422 2100 loco
1467 2043 1652 2118 posita
1701 2046 1821 2113 est,
1879 2039 1993 2101 illis
2037 2043 2151 2101 iam
2197 2048 2332 2101 ante
2375 2039 2729 2121 praedictiS,
2750 2107 2753 2111 ,
2774 2037 2989 2119 quibus
3038 2057 3200 2117 prae-

620 2143 879 2222 ponitur.
967 2141 1239 2203 similiter
1294 2143 1662 2214 coniunctio,
1718 2161 1869 2223 quae
1927 2143 2234 2220 coniungit
2275 2143 2499 2209 omnia,
2557 2159 2677 2202 non
2722 2139 2902 2201 debet
2944 2141 3199 2218 primum

619 2243 816 2305 locum
873 2251 1096 2305 tenere.
1185 2244 1377 2322 primo
1435 2247 1592 2305 enim
1649 2243 1935 2306 debemus
1979 2245 2161 2315 scire,
2221 2261 2370 2323 quae
2414 2262 2511 2305 res
2555 2244 3021 2322 coniungantur,
3070 2249 3201 2301 tunc

619 2343 779 2406 unde
834 2346 1287 2424 coniungantur.
1376 2347 1706 2407 interiectio
1762 2345 1896 2407 ideo
1954 2344 2153 2407 ultima
2208 2346 2397 2426 posita
2458 2351 2574 2414 est,
2632 2343 2787 2425 quod
2846 2342 2991 2404 nibil
3053 2341 3199 2405 aliud

547 2459 599 2501 20
628 2447 908 2526 exprimit
949 2446 1062 2508 nisi
1106 2447 1350 2508 affectus
1394 2449 1614 2518 animi,
1661 2449 1764 2528 qui
1806 2465 1945 2509 raro
1987 2450 2466 2527 interponuntur.

1683 2667 1783 2730 DE
1828 2667 2138 2730 NOMINE.

793 2805 1058 2867 ‘Nomen
1103 2814 1194 2867 est
1235 2823 1373 2884 pars
1415 2805 1702 2867 orationis
1746 2822 1879 2866 cum
1926 2822 2068 2866 casu
2111 2823 2329 2885 corpus
2370 2811 2472 2866 aut
2512 2822 2642 2865 rem
2669 2807 2915 2884 proprie
2945 2823 3204 2866 commu-

625 2909 851 2968 niterve
894 2907 1288 2986 significans'.
1333 2909 1396 2968 in
1441 2905 1715 2968 omnibus
1760 2906 2025 2986 partibus
2069 2907 2353 2969 orationis
2396 2905 2767 2968 definitiones
2808 2908 2886 2968 ita
2934 2925 3069 2968 esse
3112 2907 3205 2967 de-

624 3008 794 3080 bent,
841 3017 908 3070 ut
950 3016 1010 3069 et
1051 3016 1368 3089 segregent
1411 3007 1486 3070 ab
1530 3007 1659 3070 aliis
1702 3008 1971 3090 partibus
2001 3018 2060 3070 et
2100 3009 2284 3090 ipsius
2327 3009 2511 3086 partis
2554 3027 2729 3089 quam
2776 3007 3068 3070 definiunt
3110 3007 3205 3070 ali-

549 3127 602 3168 25
627 3129 803 3191 quam
846 3112 1274 3190 proprietatem
1320 3111 1536 3172 dicant.
1597 3113 1775 3190 igitur
1806 3111 1963 3191 quod
2006 3110 2153 3172 dixit
2194 3127 2415 3170 nomen
2458 3117 2688 3189 partem
2730 3127 2862 3172 esse
2906 3111 3209 3183 orationis,

623 3215 954 3292 segregavit
995 3231 1036 3274 a
1079 3211 1264 3274 sibilis
1306 3212 1606 3295 plausibus
1648 3220 1709 3274 et
1751 3211 2033 3294 quidquid
2064 3211 2345 3274 confusae
2386 3213 2515 3272 voci
2559 3211 2751 3274 datur.
2809 3212 2969 3293 quod
3014 3220 3205 3274 autem

625 3315 772 3376 dixit
813 3317 985 3377 ‘cum
1029 3321 1228 3384 casu’,
1275 3315 1604 3394 segregavit
1631 3334 1664 3377 a
1694 3314 1892 3376 verbis
1932 3313 2225 3376 adverbiis
2266 3313 2801 3393 praepositionibus
2846 3315 3207 3376 coniunctio-

625 3415 818 3478 nibus,
879 3416 1038 3498 quod
1083 3425 1279 3479 autem
1310 3419 1456 3479 dixit
1499 3435 1716 3498 corpus
1761 3424 1863 3479 aut
1902 3435 2031 3478 rem
2063 3416 2424 3496 significare,
2468 3415 2585 3477 hoc
2627 3416 2812 3497 ipsius
2838 3413 2867 3500 ΙΙ
2896 3419 3205 3496 proprium

628 3526 733 3579 est.
823 3516 1134 3597 corporale
1192 3526 1387 3581 autem
1443 3536 1660 3580 nomen
1717 3517 1811 3580 vel
1866 3517 2240 3597 incorporale
2294 3518 2667 3596 grammatici
2709 3519 2791 3579 ita
2834 3516 3207 3588 definierunt,

553 3635 606 3677 30
633 3627 698 3681 ut
752 3619 1060 3700 corporale
1115 3621 1191 3682 sit
1244 3619 1529 3701 quidquid
1573 3619 1806 3681 videtur
1863 3628 1923 3681 et
1975 3620 2265 3700 tangitur,
2310 3628 2377 3682 ut
2417 3619 2591 3700 lapis,
2636 3619 3013 3699 incorporale
3056 3619 3209 3700 quod

630 3739 742 3782 nec
785 3719 1016 3782 videtur
1060 3739 1173 3782 nee
1219 3724 1508 3802 tangitur,
1553 3730 1621 3783 ut
1662 3724 1870 3802 pietas,
1945 3722 2088 3784 item
2132 3723 2275 3784 dicit
2318 3720 2492 3783 aliam
2535 3723 2981 3802 proprietatem,
3029 3721 3209 3804 ‘quod

631 3829 732 3884 aut
773 3824 1077 3904 proprium
1124 3823 1342 3905 aliquid
1387 3824 1678 3903 significat
1718 3831 1820 3886 aut
1862 3823 2319 3906 appellativum?
2386 3841 2522 3885 uam
2565 3825 2873 3904 proprium
2921 3833 3013 3885 ost
3055 3823 3209 3904 quod

630 3926 805 3988 unius
861 3933 978 3995 est,
1036 3933 1100 3987 ut
1151 3925 1398 3998 Hector,
1455 3925 1871 4007 appellativum
1925 3927 2082 4006 quod
2138 3925 2457 3987 multorum
2502 3931 2617 3998 est,
2661 3933 2729 3986 ut
2770 3923 2971 3986 homo.
3060 3928 3209 3987 scire

633 4025 919 4090 debemus
959 4028 1214 4090 inveniri
1257 4027 1600 4109 frequenter
1645 4029 1885 4092 nomina
1930 4025 2275 4110 appellativa
2320 4045 2471 4110 quae
2513 4027 2664 4089 fiunt
2704 4027 2981 4110 propria,
3026 4037 3098 4090 ut
3126 4035 3209 4090 est

774 4285 799 4337 1
823 4283 966 4335 'siue
1000 4284 1135 4334 enim
1183 4283 1324 4336 dicas
1359 4299 1473 4335 crus
1513 4283 1645 4335 facio
1685 4285 1916 4335 inuenies
1947 4299 1999 4342 3.
2038 4285 2269 4336 vid-entw-
2310 4288 2473 4333 autem
2514 4283 2621 4334 alia
2666 4284 2813 4334 etiam
2865 4283 3211 4334 adverbiorum

631 4357 866 4420 exempla
895 4355 1149 4405 excidis-se
1313 4353 1346 4405 3
1381 4363 1680 4421 partemque
1713 4355 1860 4406 uerbi
1898 4368 1933 4412 3
2098 4355 2132 4404 4
2170 4369 2201 4404 a
2242 4353 2445 4404 nomine
2482 4351 2633 4403 habet
2662 4367 2851 4418 genera
2890 4362 2941 4403 et
2976 4368 3156 4420 casus,
3184 4369 3211 4402 a

631 4427 788 4475 uerbo
823 4431 1054 4490 tempora
1091 4432 1141 4475 et
1171 4423 1568 4490 significationes
1605 4439 1640 4482 3
1675 4432 1725 4476 et
1752 4427 1963 4490 Ser-,qius
1986 4439 2044 4488 p.
2081 4421 2184 4475 485
2221 4424 2301 4478 ed.
2343 4422 2497 4475 Lind.
2535 4437 2566 4472 a
2598 4425 2800 4474 nomine
2838 4422 2994 4474 habet
3029 4439 3210 4491 genera

634 4510 666 4544 a.
700 4494 858 4545 uerbo
896 4494 1294 4560 significationes
1327 4495 1378 4544 P
1537 4495 1571 4546 5
1607 4497 1729 4559 quia
1766 4498 2042 4562 coniungat
2076 4507 2111 4551 ς
2146 4508 2276 4557 quae
2312 4493 2585 4559 coniunget
2616 4495 2667 4542 P
2802 4493 2839 4544 6
2888 4495 3211 4559 definitionem

631 4565 1020 4629 praepositionis
1053 4565 1370 4632 praepositio
1397 4591 1460 4604 —·-
1491 4572 1606 4616 ante
1641 4575 1718 4616 est
1746 4574 1865 4629 post
1897 4567 2225 4630 deflm'sionem
2256 4565 2611 4615 conitenctionis
2645 4563 2933 4615 coniunctio
2954 4589 3023 4600 —
3040 4579 3210 4616 eamus

636 4637 945 4698 transposuit
979 4647 1041 4690 5:
1078 4635 1149 4699 cf.
1175 4637 1322 4702 Serq.
1348 4651 1406 4699 p.
1435 4634 1536 4686 485
1561 4636 1642 4690 ed.
1665 4636 1826 4687 Lind.
1966 4635 2001 4686 8
2036 4649 2166 4698 quae
2202 4634 2539 4700 interponitur
2572 4633 2623 4682 P
2651 4633 2789 4697 quod
2825 4635 3210 4701 intel-penitam

779 4705 840 4758 17
878 4719 1008 4768 quae
1044 4707 1317 4770 coniunget
1351 4706 1402 4755 P
1433 4705 1554 4768 quia
1591 4705 1853 4772 coniungit
1888 4719 1923 4764 3
2062 4705 2131 4756 18
2167 4721 2249 4756 res
2290 4703 2665 4770 coniunguntur
2698 4718 2734 4760 3
2769 4718 2852 4754 res
2892 4706 3211 4772 coniungitur

637 4773 690 4824 P
823 4782 944 4824 tuno
979 4773 1114 4824 uude
1144 4776 1481 4842 coniungatur
1515 4777 1578 4838 P,
1611 4789 1704 4826 om.
1747 4789 1782 4832 3
1918 4773 1988 4827 26
2013 4775 2311 4842 segregauit
2344 4773 2512 4825 sibilis
2539 4772 2806 4842 plausibus
2834 4774 2889 4824 P
2920 4777 3210 4844 seg-regauit

638 4841 861 4913 syllabas
895 4858 928 4894 a
957 4842 1223 4912 plausibus
1259 4857 1313 4912 ς,
1395 4863 1400 4868 ·
