3434 5442
655 342 735 404 56
1829 337 2054 401 Pnom

790 457 1068 499 Amaia.
2839 453 3039 496 ‚naam
3065 453 3120 496 v.

656 472 789 590 talia
834 549 903 590 ex
947 527 1163 609 quihus
1206 528 1529 606 composita
1572 544 1701 588 esse
1757 527 2147 605 reperiantur.
2238 527 2440 606 utique
2489 533 2730 606 rogatus
2779 466 2852 587 e}
2891 530 3125 605 integro
3163 531 3228 588 et

660 639 973 708 corrupto,
1028 629 1253 691 scilicet
1306 630 1583 709 qnoniam
1638 631 1699 690 in
1743 631 1932 707 prima
1976 637 2143 707 parte
2184 627 2428 689 verbum
2475 647 2603 690 esse
2649 629 2975 706 reperitur,
3031 628 3088 688 in
3129 645 3225 690 se-

658 735 860 812 quenti
899 741 1011 802 tus,
1054 732 1213 812 quod
1258 730 1391 792 licet
1424 731 1608 792 isdem
1654 731 1864 792 litteris
1903 730 2214 802 scribatur,
2255 729 2470 812 quibus
2511 737 2570 792 et
2605 748 2840 800 nomen,
2884 731 3044 810 quod
3089 731 3228 792 facit

658 835 831 896 huius
876 836 1049 906 turis,
1108 842 1363 894 attamen
1404 835 1464 894 in
1508 833 1625 894 hoc
1664 835 1933 902 nomine,
1988 834 2042 894 id
2083 840 2172 896 est
2211 840 2486 910 rogatus,
2545 833 2620 894 ad
2663 849 2874 895 sonum
2917 831 3225 911 probatur,

608 958 633 997 5
660 937 817 1015 quod
862 943 955 998 tus
1000 955 1204 1015 presso
1247 943 1493 997 accentu
1536 937 1795 1005 auditur,
1865 943 1924 996 et
1965 935 2098 996 ideo
2153 952 2311 996 nunc
2345 942 2698 1015 corruptum
2743 953 2870 996 esse
2912 935 3226 997 iudicatur.

658 1039 795 1099 item
828 1037 1103 1100 visibilis:
1146 1039 1351 1119 utique
1394 1039 1455 1099 in
1492 1040 1699 1118 primis
1729 1036 1994 1116 partibus
2035 1054 2250 1098 nomen
2295 1045 2354 1098 et
2383 1039 2716 1100 coniunctio
2757 1038 3226 1108 considerautur,

657 1143 717 1202 in
764 1142 1030 1220 sequenti
1067 1159 1204 1202 vero
1243 1139 1391 1210 bilis,
1438 1141 1594 1221 quod
1640 1139 1776 1201 licet
1807 1139 1988 1201 isdem
2036 1139 2244 1200 litteris
2283 1139 2596 1209 scribatur,
2643 1139 2858 1219 quibus
2901 1147 2960 1200 et
2989 1157 3226 1210 nomeu,

658 1241 819 1324 quod
864 1242 1225 1304 iracundiam
1270 1243 1601 1319 significare
1640 1245 2081 1321 interpretatur,
2127 1242 2184 1301 id
2235 1247 2322 1302 est
2365 1240 2514 1310 bilis,
2561 1249 2815 1304 attamen
2859 1243 2920 1302 in
2965 1237 3080 1304 boc
3121 1261 3228 1304 no-

660 1346 850 1414 mine,
896 1344 953 1404 id
1000 1352 1089 1405 est
1128 1344 1385 1414 visibilis,
1432 1347 1503 1406 ad
1549 1362 1758 1406 sonum
1805 1343 2108 1421 probatur,
2155 1345 2310 1424 quod
2349 1343 2481 1404 bilis
2525 1361 2728 1422 presso
2773 1353 3020 1406 accentu
3066 1345 3232 1406 audi·

588 1465 635 1508 no
662 1453 789 1516 tur,
850 1453 909 1508 et
962 1446 1097 1508 ideo
1158 1464 1317 1508 nunc
1372 1453 1715 1524 corruptum
1773 1463 1900 1507 esse
1965 1445 2274 1508 iudicatur.
2363 1448 2448 1506 sic
2503 1453 2562 1506 et
2611 1453 2806 1507 cetera
2859 1446 3028 1516 talia,
3079 1465 3232 1528 quae

662 1549 845 1610 isdem
895 1548 1103 1609 litteris
1158 1548 1527 1619 scribuntur,
1582 1547 1798 1630 quibus
1853 1555 1912 1608 et
1965 1555 2160 1627 partes
2215 1549 2528 1618 orationis,
2585 1547 2656 1608 ad
2712 1567 2922 1609 sonum
2967 1556 3232 1628 propter

661 1652 909 1728 figuram
953 1651 1339 1728 compositam
1383 1658 1519 1712 sunt
1562 1650 2004 1712 consideranda.
2073 1652 2210 1711 item
2251 1651 2572 1730 quaeritur,
2618 1656 2894 1711 venustus
2937 1669 3112 1730 quem
3159 1650 3232 1710 ad

664 1751 903 1814 modum
951 1759 1369 1830 componatur,
1426 1752 1485 1812 id
1525 1761 1614 1814 est
1660 1770 1734 1813 ex
1779 1754 2016 1813 nomine
2059 1758 2119 1813 et
2165 1758 2288 1821 tus,
2345 1769 2420 1812 an
2465 1771 2537 1812 ex
2587 1753 2998 1815 coniunctione
3049 1771 3118 1813 ve
3175 1760 3236 1814 et

664 1862 889 1916 mistus.
967 1856 1166 1935 utique
1204 1871 1272 1914 ex
1314 1854 1730 1915 coniunctione
1767 1859 1824 1914 et
1867 1861 2104 1922 nustus;
2150 1852 2374 1914 scilicet
2415 1856 2723 1933 quoniam,
2769 1855 2854 1915 sic
2901 1856 2986 1916 uti
3029 1855 3235 1916 docui·

590 1973 638 2014 15
666 1974 827 2024 mus,
882 1954 977 2016 illa
1016 1963 1149 2017 sunt
1196 1957 1435 2018 nomina
1481 1975 1553 2018 ex
1594 1953 1822 2032 integro
1869 1955 2336 2032 pronuntianda,
2383 1973 2533 2034 quae
2575 1955 2696 2016 sola
2743 1963 2964 2018 tantum
3001 1963 3236 2035 partem

664 2059 947 2118 orationis
1013 2059 1367 2119 contineant.
1456 2076 1612 2119 nunc
1669 2076 1804 2118 cum
1871 2065 2146 2118 venustus
2208 2075 2280 2118 ex
2339 2065 2508 2136 parte
2561 2059 2844 2119 orationis
2903 2067 2966 2120 et
3009 2067 3106 2120 tus
3161 2059 3241 2118 sit

666 2161 1070 2229 constitutum,
1115 2161 1319 2239 utique
1366 2162 1481 2220 iam
1526 2179 1597 2221 ex
1625 2162 1858 2237 integro
1903 2166 1962 2220 et
2001 2167 2281 2237 corrupto
2323 2160 2615 2220 invenitur
2647 2179 2775 2222 esse
2809 2161 3236 2238 compositum3

664 2269 724 2323 et
750 2262 903 2330 ideo,
950 2268 1013 2321 ut
1048 2261 1372 2331 docuimus,
1416 2268 1695 2324 venustus
1739 2281 1808 2322 ex
1839 2261 2250 2322 coniunctione
2290 2269 2350 2322 et
2381 2270 2585 2322 nustus
2623 2263 2898 2341 componi
2939 2269 3238 2340 oporteat..

666 2366 751 2426 sic
794 2371 853 2425 et
898 2371 1095 2424 cetera
1132 2362 1268 2425 talia
1309 2365 1546 2424 nomina
1585 2365 1645 2423 in
1691 2363 1876 2440 figura
1937 2364 2053 2423 sive
2097 2362 2349 2440 simplici
2389 2381 2494 2425 seu
2537 2365 2858 2442 composita
2911 2370 3049 2423 sunt
3091 2381 3240 2423 con-

590 2481 643 2524 ω
668 2464 996 2528 sideranda.
1438 2545 1443 2548 ,

835 2567 989 2629 Sane
1034 2569 1205 2629 etiam
1255 2567 1371 2628 hoc
1412 2585 1750 2636 monemus,
1809 2565 1966 2648 quod
2009 2567 2126 2627 sint
2179 2564 2356 2648 aliqui
2407 2568 2548 2627 artis
2601 2565 2848 2636 latoreS,
2907 2568 3008 2646 qui
3061 2585 3134 2628 ex
3167 2562 3241 2650 ΙΙΙ

666 2668 897 2731 duobus
942 2671 1237 2748 corruptis
1278 2669 1474 2730 dicant
1517 2670 1647 2730 fieri
1677 2687 1850 2748 posse
1894 2670 2140 2747 liguram
2181 2671 2583 2747 compositam.
2641 2668 2744 2730 sed
2785 2675 2986 2728 contra
3021 2685 3266 2729 eornm·-

666 2770 799 2832 dem
842 2773 1175 2848 inperitiam
1220 2789 1336 2832 non
1382 2771 1625 2848 dignum
1668 2778 1759 2832 est
1799 2778 1862 2831 ut
1907 2779 2106 2832 nostra
2151 2770 2506 2850 respondeat
2547 2771 2818 2840 scientia,
2867 2770 3242 2850 quandoqui-

666 2872 799 2934 dem
832 2873 988 2934 nulla
1034 2889 1170 2951 pars
1210 2874 1495 2934 orationis
1524 2875 1868 2952 reperiatur,
1913 2890 2064 2952 quae
2093 2891 2162 2934 ex
2198 2873 2428 2934 duobus
2472 2873 2766 2952 corruptis
2795 2874 2870 2932 sit
2901 2873 3240 2940 constituta,

588 2989 639 3030 25
668 2976 777 3036 nisi
822 2975 871 3035 si
914 2983 1119 3036 contra
1164 2980 1477 3054 praecepta
1522 2973 1762 3036 caelitus
1805 2975 1940 3036 data
1983 2975 2304 3052 integrum,
2362 2974 2478 3035 hoc
2520 2981 2609 3035 est
2661 2980 2888 3052 partem
2933 2975 3240 3042 orationis,

664 3077 723 3138 in
774 3077 919 3138 duas
975 3085 1171 3155 partes
1227 3076 1503 3140 scindunt
1546 3085 1607 3138 et
1660 3078 2040 3154 compositam
2099 3077 2346 3153 liguram
2401 3095 2472 3138 ex
2529 3078 2671 3156 ipsis
2725 3078 3114 3144 constituunt,
3177 3083 3248 3136 ut

664 3178 985 3258 simplicem
1044 3198 1219 3259 quam
1276 3183 1655 3255 compositam
1712 3178 1987 3240 adserere
2047 3180 2452 3258 reperiantur;
2517 3177 2804 3259 siquidem
2865 3177 3112 3256 simplex
3169 3197 3242 3240 ex

664 3275 924 3358 integro,
975 3281 1035 3342 id
1080 3288 1169 3342 est
1212 3301 1283 3341 ex
1328 3299 1442 3343 una
1488 3288 1655 3360 parte
1698 3282 2014 3350 orationi5‚
2067 3287 2292 3341 tantum
2337 3282 2650 3342 constituta
2709 3299 2834 3342 esse
2877 3281 3242 3349 inveniatur:

666 3388 725 3442 et
769 3383 919 3452 ideo,
967 3389 1033 3442 ut
1074 3383 1353 3453 diximus,
1394 3385 1532 3462 quia
1571 3401 1642 3444 ex
1686 3382 1920 3443 duobus
1967 3383 2264 3459 corruptis
2315 3399 2633 3462 numquam
2677 3383 2866 3461 figura
2915 3384 3244 3460 composita

588 3497 641 3540 ιο
667 3501 795 3546 esse
841 3491 1219 3546 monstratur.
1284 3485 1357 3545 de
1388 3485 1577 3562 figura
1620 3471 1946 3553 nominum,
1986 3491 2269 3563 quantum
2307 3485 2456 3545 ratio
2494 3482 2796 3563 poscebat,
2829 3485 3244 3545 tractavimus·

1666 3683 1736 3723 DE
1767 3683 2236 3726 comPAnA'HONE.

834 3788 1207 3868 Comparatio
1252 3790 1553 3850 nominum
1598 3789 1821 3850 scilicet
1863 3789 2342 3869 appellativorum
2381 3797 2485 3860 est,
2530 3809 2646 3871 qua
2685 3807 2794 3868 per
2835 3791 3054 3869 gradus
3099 3809 3246 3852 con—

666 3890 901 3953 lationis
946 3892 1180 3952 nomina
1225 3901 1537 3969 augmenta
1578 3900 1679 3952 aut
1716 3893 2146 3954 deminutiones
2191 3894 2514 3972 accipiunt„
2589 3893 2648 3954 hi
2691 3900 2830 3954 sunt
2870 3900 2992 3953 tres
3037 3901 3097 3954 et
3139 3911 3245 3971 ap·

668 3991 961 4072 pellantur
992 3995 1273 4072 positivus
1316 3995 1435 4053 sive
1475 3993 1794 4062 absolutus,
1837 3997 2286 4074 comparativus,
2329 3994 2732 4074 superlativus.
2797 3995 3081 4074 positivus
3121 3997 3248 4056 sive

590 4109 640 4151 as
668 4094 969 4157 absolutus
1012 4096 1229 4174 gradus
1269 4102 1357 4157 est
1396 4097 1521 4175 ipsa
1566 4098 1810 4173 positio,
1857 4103 1924 4158 ut
1959 4103 2100 4174 puta
2145 4096 2313 4157 l'ortis
2357 4104 2417 4157 et.
2453 4104 2648 4158 cetera
2691 4080 2872 4157 talia.¹
2937 4113 3248 4175 compara·

666 4199 815 4258 tivus
856 4198 1075 4274 gradus
1120 4206 1209 4258 est
1252 4197 1467 4278 aliquid
1512 4197 1732 4259 addens
1791 4206 1894 4261 aut
1933 4201 2204 4260 minuens
2260 4215 2368 4276 per
2411 4201 2936 4276 comparationem,
2991 4207 3060 4260 ut
3104 4208 3244 4276 puta

668 4301 878 4362 l'ortior
936 4299 1169 4362 brevior
1218 4307 1277 4361 et
1328 4309 1523 4362 cetera
1576 4299 1729 4361 talia.
1797 4287 2207 4378 'superlativus
2260 4301 2476 4379 gradus
2529 4309 2618 4362 est
2671 4321 2740 4362 eo
2795 4299 2928 4380 plus
2985 4301 3250 4362 adiciens

666 4409 767 4464 aut
806 4402 1075 4464 minuens
1118 4420 1225 4481 per
1271 4404 1801 4480 comparationem,
1847 4410 1913 4462 ut
1949 4411 2091 4480 puta
2137 4403 2487 4464 fortissimus
2534 4403 2899 4466 miserrimus
2943 4410 3004 4464 et
3045 4411 3248 4465 cetera

666 4503 818 4565 talia.
910 4523 1049 4566 sane
1094 4522 1213 4564 non
1260 4521 1495 4582 semper
1540 4503 1687 4564 haec
1731 4507 1924 4565 omnia
1971 4505 2210 4565 nomina
2265 4522 2372 4583 per
2419 4523 2625 4566 omnes
2667 4513 2791 4567 tres
2836 4505 3059 4583 gradus
3101 4524 3248 4567 con-

808 4673 871 4723 16
910 4687 1039 4724 nune
1076 4689 1190 4723 cnm
1229 4689 1389 4724 venus
1425 4689 1489 4724 ex
1522 4681 1665 4740 parte
1702 4675 1944 4725 orationis
1973 4691 2036 4723 ve
2075 4683 2122 4724 et
2151 4689 2247 4724 nus
2283 4677 2350 4725 sit
2385 4679 2654 4728 constituta
2687 4691 2717 4726 v
2868 4675 2931 4726 17
2967 4678 3252 4728 constituta

668 4743 713 4794 R
854 4744 1133 4809 composita
1170 4745 1217 4795 R
1360 4743 1421 4796 10
1458 4753 1577 4795 sunt
1612 4761 1643 4794 r
1677 4746 1781 4794 sint
1812 4743 1859 4794 R
2007 4747 2076 4796 25
2107 4746 2206 4795 nisi
2243 4748 2284 4795 si
2323 4762 2381 4794 ro
2415 4747 2518 4796 nisi
2551 4747 2599 4796 R
2743 4746 2992 4812 integram
3029 4746 3110 4798 R·

663 4815 733 4864 '27
767 4816 1103 4878 compositam
1142 4829 1231 4865 om.
1267 4815 1344 4866 Ro
1483 4813 1553 4866 35
1589 4813 1850 4866 absolutus
1881 4816 2076 4882 gradus
2111 4824 2188 4866 est
2223 4833 2251 4866 v
2287 4815 2549 4866 absolutus
2585 4825 2660 4866 est
2699 4825 2890 4882 gradus
2929 4816 2975 4867 R
