3434 5442
909 331 1325 395 EXPLANAT.
1370 333 1448 394 [N
1494 331 1851 394 DONATVM
1895 332 2041 394 LIB.
2086 333 2113 394 1
2672 338 2797 402 499

2378 453 2422 495 p.
2449 442 2541 483 εισι.
2570 441 2622 483 02
2648 441 2695 484 L.

227 520 432 588 minis;
493 519 626 580 ideo
682 518 896 580 dicitur
951 537 1304 600 pronomen.
1392 521 1442 581 si
1495 519 1865 600 proconsule·
1904 519 2118 582 dicitur
2162 539 2262 591 eo,
2321 519 2480 601 quod
2520 519 2799 601 fungatur

227 621 421 682 officio
469 619 754 689 consulis,
804 622 1090 683 debemus
1133 629 1192 681 et
1235 621 1348 682 hoc
1394 624 1746 700 pronomine
1792 622 2019 693 dicere,
2066 641 2184 684 non
2231 640 2577 703 pronomen.
2665 641 2804 702 pro-

229 743 442 786 nomen
497 733 692 785 autem
751 722 1000 784 dicimus
1043 723 1365 785 secundum
1414 730 1636 784 rectam
1680 725 2002 795 rationem;
2060 743 2202 803 ergo
2248 731 2306 785 et
2346 725 2669 805 proconsul
2713 744 2808 787 ra-

227 825 561 886 tionabilius
619 825 852 886 dicitur.
941 843 1076 886 nam
1135 826 1188 886 si
1239 824 1592 905 proconsule
1650 825 1897 898 dixeris,
1958 825 2139 888 debes
2182 826 2382 888 dicere
2426 835 2485 888 et
2526 845 2807 906 procura-

226 936 375 989 tore.
433 926 646 989 deinde
691 927 919 989 accedit
961 926 1116 988 aliud
1165 927 1478 988 valentius:
1529 925 1755 988 nullum
1800 935 1889 988 est
1934 945 2152 990 nomen
2197 931 2435 1008 generis
2478 929 2805 1000 masculini,
2858 951 2884 990 5

229 1030 385 1110 quod
432 1048 465 1090 e
510 1031 864 1091 terminetur
920 1031 981 1089 in
1039 1030 1396 1090 nominativo
1450 1027 1737 1107 singulari
1779 1029 2085 1100 Latinum;
2141 1030 2299 1093 unde
2355 1030 2600 1111 adparet
2652 1030 2810 1112 quod

229 1134 392 1194 omni
434 1135 664 1194 ratione
709 1131 1033 1192 secundum
1079 1139 1268 1192 artem
1312 1130 1631 1211 proconsul
1676 1132 1911 1194 dicitur.
1970 1132 2075 1194 sed
2121 1131 2409 1197 Salustius
2454 1134 2591 1194 fecit
2635 1132 2810 1195 nobis

226 1232 688 1314 praeiudicium,
735 1236 837 1314 qui
881 1240 998 1295 tam
1046 1231 1260 1294 crebro
1305 1232 1447 1294 dicit
1489 1253 1598 1313 pro
1643 1232 1907 1296 consule.
1998 1253 2141 1313 ergo
2185 1252 2516 1315 pronomen
2574 1236 2809 1306 dicitur,

227 1335 386 1415 quod
432 1336 708 1416 fungatur
753 1336 942 1398 officio
988 1337 1273 1406 nominis:
1331 1333 1463 1395 loco
1520 1337 1676 1396 enim
1733 1337 1991 1398 nominis
2034 1339 2305 1416 ponitur,
2351 1356 2469 1418 quo
2514 1338 2689 1400 modo
2732 1338 2809 1398 si·

231 1439 362 1517 quis
409 1437 567 1500 dicat
613 1437 926 1517 ‘Virgilius
969 1439 1208 1515 scripsit
1252 1435 1517 1497 bucolica
1545 1443 1583 1507 ²,
1630 1439 1746 1500 iam
1791 1441 1959 1518 ponit
2002 1437 2176 1499 aliam
2220 1438 2569 1518 particulam
2614 1447 2673 1501 et
2714 1440 2807 1498 in·
2836 1456 2885 1498 ιο

234 1538 360 1620 piet
415 1540 903 1620 significationem
967 1537 1054 1600 vel
1108 1537 1470 1600 intellectum
1527 1538 1751 1618 Virgilii
1807 1542 2079 1603 nominiS.
2170 1558 2305 1602 cum
2372 1541 2531 1602 enim
2596 1540 2815 1601 dixeris

237 1641 548 1721 ‘Virgilius
603 1643 840 1719 scripsit
893 1639 1188 1712 bucolica,
1246 1640 1404 1702 idem
1459 1642 1696 1720 scripsit
1750 1643 2057 1722 georgica,
2116 1643 2245 1720 ipse
2310 1643 2549 1722 scripsit
2598 1643 2811 1704 Aenei-

229 1743 370 1806 dos’
437 1743 607 1823 (nam
674 1745 890 1804 totiens
953 1743 1151 1804 dicere
1207 1741 1517 1822 ‘Virgilius
1581 1744 1817 1823 scripsit
1869 1743 2169 1820 bucolica,
2238 1742 2517 1823 Virgilius
2574 1745 2815 1825 scripsit

227 1847 506 1925 georgica
525 1893 540 1916 ,
587 1843 866 1924 Virgilius
910 1845 1148 1925 scripsit
1190 1845 1480 1906 Aeneidos
1500 1849 1516 1876 '
1564 1845 1833 1906 odiosum
1879 1851 1995 1916 est,
2041 1865 2177 1906 cum
2219 1848 2411 1925 possis
2454 1847 2699 1917 variare,
2745 1852 2814 1908 ut

230 1949 392 2010 dicas
425 1953 442 1983 ³
460 1945 736 2025 Virgilius
765 1949 1002 2025 scripsit
1030 1945 1312 2018 bucolica,
1357 1946 1515 2008 idem
1560 1948 1854 2026 georgica,
1900 1947 2028 2026 ipse
2058 1947 2353 2010 Aeneidos
2369 1947 2407 2028 ’)
2456 1957 2515 2010 et
2559 1948 2813 2010 ‘Statius
2838 1968 2887 2009 15

231 2051 470 2129 scripsit
524 2047 889 2119 Thebaidos,
951 2048 1104 2109 idem
1161 2048 1548 2120 Achilleidos,
1605 2049 1733 2129 ipse
1790 2049 2027 2128 scripsit
2079 2047 2419 2112 silvularum
2434 2053 2476 2121 ⁹,
2532 2051 2660 2131 ipse
2702 2043 2815 2112 iste

228 2151 386 2212 idem
445 2149 594 2212 nihil
648 2149 805 2211 aliud
863 2150 1224 2229 significant,
1275 2152 1414 2211 ‘nisi'
1450 2149 1608 2231 quod
1667 2151 1957 2229 significat
2010 2148 2285 2230 Virgilius
2340 2152 2578 2214 Statius.
2668 2169 2812 2231 ergo

229 2253 364 2313 ideo
411 2251 688 2313 dicuntur
731 2253 842 2312 ista
885 2252 1266 2332 pronomina,
1315 2251 1586 2336 eoquod
1633 2251 1959 2330 funguntur
2004 2253 2197 2316 officio
2244 2254 2531 2326 nominis,
2578 2261 2637 2315 et
2678 2252 2812 2316 ideo

231 2355 408 2414 etiam
462 2355 525 2414 in
580 2352 857 2416 subiectis
911 2352 1058 2413 locis
1115 2360 1436 2432 ponuntur.
1524 2371 1700 2414 omne
1754 2371 2087 2433 pronomen
2144 2374 2266 2416 non
2322 2357 2707 2436 praeponitur
2750 2357 2811 2416 in

233 2453 612 2536 eloflcutione,
669 2455 773 2517 sed
831 2455 1130 2535 sequitur,
1188 2455 1446 2534 exceptis
1501 2457 1875 2533 possessivis,
1930 2473 2081 2536 quae
2135 2463 2195 2518 et
2237 2458 2527 2537 praeponi
2567 2466 2815 2537 possunt
2836 2479 2889 2520 πο

233 2566 291 2618 et
333 2559 530 2637 sequi:
585 2557 836 2619 dicimus
881 2557 1038 2618 enim
1082 2558 1285 2618 ‘meus
1329 2564 1420 2619 est
1461 2562 1697 2619 servus’
1744 2565 1804 2618 et
1849 2563 2089 2620 ‘servus
2133 2577 2299 2620 meus
2344 2564 2487 2622 est'.
2541 2560 2593 2620 si
2621 2557 2813 2622 alieno

235 2659 426 2720 officio
481 2661 747 2738 fungitur
797 2676 1128 2740 pronomen
1149 2707 1165 2730 ,
1223 2677 1340 2740 quo
1395 2659 1572 2721 modo
1625 2666 1821 2738 potest
1873 2660 2187 2740 principali
2227 2659 2359 2723 loco
2402 2662 2581 2740 poni?
2654 2661 2813 2741 quod

235 2743 500 2841 fungitur
561 2761 754 2823 alieno
809 2760 1004 2822 officio
1049 2763 1312 2842 sequitur
1357 2779 1624 2842 semper;
1669 2761 1806 2822 ideo
1849 2763 1912 2822 in
1956 2761 2233 2823 subiectis
2274 2765 2535 2841 ponitur.
2622 2772 2683 2824 et
2724 2765 2813 2824 in-

233 2865 562 2946 terrogavit
615 2864 888 2925 Rusticus
943 2863 1164 2944 ‘quare
1221 2881 1364 2943 ergo
1420 2865 1586 2944 ‘ipse
1629 2865 1787 2925 inter
1830 2865 2090 2942 primos'
2146 2865 2340 2944 primo
2383 2863 2515 2927 loco
2556 2867 2813 2944 positum

235 2967 357 3026 est?
380 2971 398 2997 '
447 2971 507 3026 et
549 2964 884 3045 respondit,
943 2967 1137 3046 ‘ipse,
1183 2966 1350 3045 quis?
1407 2965 1608 3046 utique
1650 2967 1768 3026 iam
1813 2974 2219 3045 praecesserat
2265 2983 2509 3036 nomem
2565 2985 2674 3046 per
2718 2984 2813 3027 re·
2836 2989 2889 3030 25

232 3086 366 3129 rum
425 3075 696 3130 naturam
751 3069 881 3129 fieri
935 3086 1054 3129 non
1115 3073 1304 3146 potest
1361 3075 1426 3128 ut
1483 3085 1602 3128 non
1647 3067 1883 3147 aliquod
1930 3085 2149 3129 nomen
2193 3077 2329 3130 ante
2374 3067 2616 3138 dixerit,
2663 3078 2724 3129 et
2765 3070 2817 3129 si

231 3170 317 3231 ibi
369 3189 492 3232 non
549 3168 716 3241 dixit,
772 3167 948 3250 paulo
989 3171 1263 3249 superius
1318 3167 1464 3230 dixit
1507 3167 1594 3230 vel
1638 3170 1700 3228 in
1744 3169 1937 3247 primo
1982 3167 2135 3230 libro
2184 3168 2273 3229 vel
2313 3171 2378 3231 in
2420 3169 2679 3232 secundo
2724 3169 2815 3231 vel

229 3274 296 3333 in
340 3271 515 3334 alio'.
603 3289 748 3351 ergo
791 3289 1122 3352 pronomen
1167 3278 1256 3332 est
1297 3271 1453 3351 quod
1511 3271 1751 3348 ponitur
1805 3269 1937 3332 loco
1980 3273 2257 3332 nominis,
2345 3279 2407 3332 et
2447 3272 2590 3352 quid
2630 3274 2815 3333 inter·

233 3383 352 3446 est,
397 3376 448 3435 si
491 3392 600 3454 pro
645 3375 884 3435 nomine
928 3375 1167 3455 ponitur
1211 3382 1270 3434 et
1323 3371 1469 3434 nihil
1513 3371 1672 3434 aliud
1728 3373 2017 3450 significat
2058 3381 2297 3452 praeter
2340 3374 2597 3434 nomen?
2672 3373 2815 3454 quid

232 3494 384 3555 opus
428 3475 536 3536 suit
579 3475 723 3537 duas
765 3482 964 3554 partes
1008 3476 1290 3536 orationis
1332 3475 1563 3545 facere,
1611 3492 1747 3536 cum
1789 3476 2083 3552 possimus
2110 3493 2318 3547 unam,
2364 3476 2633 3536 si=unius
2675 3494 2811 3555 par·
2840 3497 2891 3538 so

234 3579 310 3640 tis
364 3577 846 3657 significationem
913 3584 1166 3657 utraque
1228 3575 1433 3647 habet,
1491 3583 1592 3637 aut
1644 3585 1896 3657 utraque
1949 3594 2169 3638 nomen
2225 3595 2355 3639 esse
2408 3586 2511 3638 aut
2566 3584 2815 3658 utraque

231 3681 602 3761 pronomen?
657 3679 761 3741 sed
816 3679 980 3750 ideo,
1038 3681 1174 3760 quia
1227 3681 1418 3758 posito
1474 3679 1714 3740 nomine
1768 3677 1943 3757 plena
1999 3689 2089 3741 est
2131 3677 2415 3752 elocutio,
2462 3681 2815 3758 pronomine

234 3781 430 3862 posito
489 3779 830 3861 semiplena.
919 3798 1056 3842 nam
1112 3780 1347 3861 quando
1403 3780 1532 3841 dico
1591 3785 1608 3812 ‘
1629 3778 1836 3842 Cicero
1894 3783 2129 3860 scripsit
2183 3781 2513 3854 Verrinas’,
2572 3790 2631 3843 et
2686 3783 2817 3862 quis

233 3883 542 3962 scripserit
605 3891 664 3944 et
725 3882 866 3962 quid
920 3884 1226 3962 scripserit
1289 3881 1462 3960 plene
1525 3882 1823 3958 signidem
1890 3883 2125 3962 quando
2184 3881 2313 3944 dico
2366 3885 2529 3962 ‘ipse
2582 3885 2819 3965 scripsit

236 3983 598 4064 Philippicas
613 3989 651 4054 ³,
699 3983 835 4062 quid
881 3985 1189 4064 scripserit
1229 3982 1406 4063 plene
1448 3982 1747 4060 significo,
1795 3985 1925 4062 quis
1955 3985 2263 4063 scripserit
2306 3984 2649 4064 semiplene.
2710 3985 2814 4047 sed
2840 4005 2891 4049 ss

235 4088 372 4166 quia
419 4088 536 4147 iam
583 4105 801 4147 nomen
843 4087 1195 4167 praecessit,
1243 4084 1357 4146 hoc
1400 4085 1558 4165 quod
1603 4081 1735 4146 loco
1780 4086 2036 4148 nominis
2078 4088 2320 4167 ponitur
2363 4086 2545 4147 hahet
2586 4085 2816 4149 intelle·

236 4196 396 4249 ctum
441 4205 730 4266 personae
775 4189 1114 4268 superioris.

408 4289 752 4352 Pronomini
815 4290 1093 4353 accidunt
1154 4287 1332 4358 haec,
1398 4286 1647 4370 qualitas
1709 4306 1898 4367 genus
1963 4306 2247 4350 numerus
2310 4289 2497 4368 ligura
2563 4307 2817 4370 persona

236 4561 522 4612 pronomen
559 4545 608 4596 L
749 4549 781 4598 5
809 4546 1004 4595 accedit
1037 4547 1080 4597 S
1113 4543 1295 4596 accidit
1332 4543 1436 4596 LF
1573 4543 1638 4596 12
1676 4541 1961 4594 bucolicam
1997 4541 2169 4594 LFS:
2205 4547 2318 4594 item
2352 4545 2495 4609 infra
2533 4545 2814 4596 bucolicam

239 4626 288 4666 ee
317 4617 615 4682 georgicam
643 4617 731 4667 FS
881 4615 946 4666 15
980 4625 1030 4664 et
1063 4615 1254 4666 Statius
1291 4641 1360 4652 —
1397 4613 1698 4666 silvularum
1736 4623 1786 4664 ee
1826 4615 1888 4664 17
1927 4614 2118 4664 Statius
2154 4628 2247 4667 om.
2286 4615 2380 4665 FS
2518 4615 2583 4667 16
2615 4616 2819 4668 scribsit

238 4688 476 4736 uularum
513 4686 562 4737 L
705 4686 770 4738 23
809 4693 858 4735 et
884 4685 967 4750 (ut
1000 4684 1070 4744 F)
1107 4686 1442 4752 interrogauit
1476 4685 1693 4735 rusticus
1730 4698 1884 4748 quare
1916 4683 2001 4733 FS
2034 4684 2077 4733 si
2118 4684 2397 4750 interroget
2434 4687 2547 4748 quis
2576 4701 2732 4750 quare
2767 4687 2817 4738 L

381 4758 450 4808 26
494 4765 544 4807 et
579 4755 676 4806 sibi
713 4771 810 4806 uon
848 4756 976 4804 dixit
1016 4757 1060 4806 S
1093 4765 1142 4804 et
1171 4755 1290 4804 silui
1328 4769 1428 4804 non
1464 4756 1572 4806 dixi
1605 4754 1655 4805 L
1686 4763 1737 4804 et
1770 4753 1911 4804 siluit
1948 4769 2049 4804 non
2084 4753 2173 4805 dii
2207 4753 2258 4802 fi·
2430 4755 2498 4808 29
2535 4755 2657 4819 quid
2689 4771 2818 4822 opus

243 4825 338 4876 luit
365 4827 494 4877 duas
529 4834 698 4892 partes
736 4827 978 4877 orationis
1011 4825 1180 4876 facere
1212 4825 1300 4877 FS
1333 4826 1468 4889 quod
1503 4839 1631 4892 opus
1668 4824 1849 4876 fuitut
1886 4824 2015 4876 duas
2049 4851 2117 4860 —
2154 4823 2343 4874 faceret
2378 4823 2429 4874 L

2287 4911 2417 4978 32*
