3434 5442
29 4442 57 5408 *mm—-

914 363 1056 424 ARS
1101 363 1584 426 GRAMMATICA
1633 366 1680 426 11
1732 365 1995 430 17-111
2046 373 2099 430 1.
2146 371 2183 431 2
2719 373 2842 436 393

353 481 399 522 p.
429 471 497 510 π.
523 471 574 510 27
603 470 650 510 1,.
717 517 722 520 ,
2398 487 2443 525 p.
2476 474 2586 518 1768.
2614 475 2664 518 69
2692 474 2739 515 Ρ.

236 547 470 628 quibus
525 555 662 610 sunt
721 551 1082 629 myotacismi
1141 549 1484 612 labdacismi
1537 551 1827 612 iotacismi
1886 551 2077 612 hiatus
2122 551 2475 614 conlisiones
2520 562 2580 614 et
2623 556 2839 622 omnia,

214 668 404 729 *quae
463 650 598 731 plus
652 670 840 731 aequo
899 651 1164 712 minusve
1220 653 1486 713 sonantia
1546 650 1618 711 ab
1678 653 1924 712 eruditis
1977 653 2219 714 auribus
2265 664 2643 732 respuuntur.
2735 673 2844 715 nos

238 751 514 813 cavenda
559 753 707 815 haec
752 753 888 814 vitia
931 752 1258 833 praelocuti
1302 754 1765 815 controversiam
1811 753 1885 814 de
1929 756 2171 816 nomine
2214 755 2618 834 pertinacibus
2662 756 2841 818 relin-

235 870 521 932 quernus,

1204 1025 1212 1106 ι
1261 1023 1358 1086 DE
1404 1022 1901 1086 sonosclsMO.
2071 1008 2076 1013 ’
2114 1069 2132 1090 .
2870 1045 2896 1084 ⁵

422 1158 820 1220 Soloecismus
874 1165 964 1220 est
1006 1159 1210 1221 vitium
1269 1159 1326 1219 111
1375 1165 1654 1220 contextu
1697 1161 1955 1240 partium
2002 1162 2282 1221 orationis
2326 1168 2531 1222 contra
2577 1161 2843 1240 regulam
2916 1195 2943 1207 -

236 1262 398 1321 artis
443 1262 863 1340 grammaticae
908 1259 1146 1322 factum.
1233 1261 1390 1321 inter
1435 1263 1849 1322 soloecismum
1908 1268 1969 1322 et
2024 1261 2459 1324 barbarismum
2500 1263 2615 1324 hoc
2658 1266 2841 1325 inter-

235 1369 370 1430 est,
418 1362 579 1442 quod
623 1361 1008 1424 soloecismus
1053 1362 1456 1442 discrepantes
1500 1370 1599 1424 aut
1639 1363 2139 1443 inconsequentes
2194 1364 2254 1422 in
2300 1381 2364 1423 se
2409 1364 2697 1426 dictiones
2740 1365 2844 1426 ha·
2930 1398 2951 1405 -

235 1463 380 1535 bet,
445 1463 854 1525 barbarismus
909 1474 1105 1526 autem
1169 1466 1234 1524 in
1301 1463 1548 1542 singulis
1608 1463 1803 1525 verbis
1866 1465 1933 1524 fit
1987 1466 2223 1544 scriptis
2279 1463 2372 1524 vel
2429 1467 2844 1544 pronuntiatis

236 1583 609 1645 quamquam
655 1565 826 1626 multi
871 1573 1100 1638 errant,
1147 1567 1250 1646 qui
1293 1567 1504 1646 putant
1547 1567 1723 1627 etiam
1769 1567 1831 1625 in
1877 1585 1992 1627 una
2036 1573 2207 1645 parte
2252 1568 2533 1628 orationis
2576 1569 2708 1628 fieri
2750 1587 2843 1629 so·
2876 1589 2923 1629 10

238 1666 634 1738 loecismum,
677 1669 728 1728 si
773 1674 874 1728 aut
917 1667 1392 1730 demonstrantes
1420 1669 1611 1729 virum
1641 1667 1795 1728 hanc
1840 1667 2134 1738 dicamus,
2182 1668 2291 1728 aut'
2326 1667 2607 1730 feminam
2652 1669 2845 1739 hunc;

239 1776 349 1830 aut
406 1771 759 1848 interrogati
814 1787 930 1849 quo
985 1787 1306 1848 pergamus
1361 1769 1827 1847 respondeamus
1868 1770 2123 1838 Romae;
2181 1776 2284 1830 aut
2326 1787 2507 1830 unum
2558 1770 2845 1853 [re]salu-

237 1878 442 1932 tantes
499 1869 717 1932 salvete
771 1871 1067 1941 dicamus,
1127 1889 1260 1932 cum
1324 1872 1523 1950 utique
1576 1861 1941 1950 praecedens
1986 1871 2409 1932 demonstratio
2456 1871 2544 1932 vel
2586 1873 2842 1933 interro-

249 1972 416 2050 gatio
475 1970 568 2032 vel
623 1970 890 2032 salutatio
949 1973 1063 2032 vim
1121 1979 1430 2033 contextae
1486 1973 1769 2032 orationis
1812 1971 2095 2033 obtineat.
2186 1971 2353 2034 multi
2398 1974 2575 2033 etiam
2621 1973 2851 2035 dubita-

250 2080 502 2144 verunt,
559 2063 714 2134 scala
771 2073 1058 2153 quadriga
1113 2091 1290 2153 scopa
1337 2071 1718 2135 soloecismus
1762 2092 1837 2134 an
1881 2072 2285 2135 barbarismus
2330 2081 2512 2144 esset,
2560 2093 2693 2135 cum
2738 2077 2847 2136 sci·
2882 2096 2929 2136 15

249 2173 395 2234 licet
450 2173 511 2234 id
567 2191 754 2252 genus
808 2174 1082 2236 dictionis
1138 2173 1570 2236 barbarismum
1632 2192 1762 2236 esse
1817 2173 1910 2234 vel
1966 2193 2038 2235 ex
2092 2177 2277 2255 ipsius
2331 2177 2455 2236 vitii
2510 2175 2853 2257 definitione

249 2273 430 2335 facile
476 2276 662 2354 possit
704 2277 960 2354 agnosci.

429 2375 824 2438 Soloecismus
865 2377 932 2437 fit
973 2376 1202 2440 duobus
1245 2376 1461 2448 11131113,
1520 2383 1621 2437 aut
1675 2393 1785 2454 per
1827 2385 2027 2455 partes
2072 2377 2357 2438 orationis
2402 2384 2503 2438 aut
2544 2396 2655 2458 per
2699 2381 2852 2440 acci·
2927 2409 2957 2421 -

249 2477 457 2538 dentia
500 2477 770 2556 partibus
812 2479 1116 2541 orationis.
1207 2496 1316 2558 per
1360 2485 1560 2558 partes
1605 2479 1891 2538 orationis
1948 2479 2094 2538 fiunt
2137 2477 2498 2549 soloecismi,
2557 2498 2693 2540 cum
2740 2479 2851 2542 alia
2924 2529 2955 2538 -

248 2596 364 2657 pro
395 2579 509 2640 alia
540 2582 796 2660 ponitur,
830 2576 857 2664 ΙΙ
885 2589 951 2640 ut
993 2585 1466 2660 ‘torvumque
1510 2585 1829 2657 repente
1866 2577 2185 2640 Clamat’
2242 2597 2353 2658 pro
2386 2588 2581 2641 torve:
2628 2599 2847 2642 nomen
2876 2603 2927 2643 20
2992 2616 3018 2626 -

248 2698 366 2759 pro
411 2680 692 2743 adverbio
735 2683 994 2761 positum
1042 2689 1148 2743 est.
1209 2683 1275 2745 fit
1304 2689 1365 2742 et
1405 2683 1467 2742 in
1512 2680 1716 2742 eadem
1763 2687 1933 2760 parte
1977 2681 2261 2745 orationis
2303 2681 2417 2742 hoc
2462 2683 2681 2752 vitium,
2714 2701 2849 2744 cum

249 2783 382 2861 ipsa
427 2800 540 2861 pro
584 2801 648 2844 se
692 2801 812 2846 non
857 2784 918 2844 in
965 2783 1098 2845 loco
1142 2803 1250 2845 suo
1295 2801 1487 2862 neque
1533 2789 1598 2844 ut
1640 2783 1918 2843 convenit
1946 2783 2217 2862 ponitur,
2263 2790 2332 2845 ut
2372 2783 2523 2843 ‘cui
2568 2790 2848 2845 tantum

250 2882 338 2944 de
399 2890 466 2944 te
521 2883 782 2946 licuit’
837 2904 948 2965 pro
1004 2886 1065 2945 in
1122 2892 1208 2954 te,
1267 2892 1327 2946 et
1383 2883 1572 2963 ‘apud
1630 2885 1885 2946 amicum
1942 2889 2050 2945 eo'
2111 2901 2221 2963 pro
2277 2884 2387 2944 ‘ad
2448 2885 2746 2954 amicum’,
2793 2892 2853 2946 et

249 2986 444 3047 ‘intro
501 2991 668 3046 sum’
712 3004 826 3066 pro
871 2987 1066 3047 ‘intus
1111 2989 1301 3058 sum',
1363 2993 1422 3046 et
1467 2985 1650 3045 ‘foris
1695 2991 1878 3046 exeo'
1924 3003 2037 3065 pro
2094 2985 2271 3046 foras.
2360 3003 2469 3065 per
2525 2986 2847 3047 accidentia

250 3087 524 3165 partibus
569 3089 852 3149 orationis
897 3095 986 3150 tot
1027 3088 1218 3150 modis
1257 3089 1407 3148 fiunt
1449 3085 1811 3157 soloecismi,
1858 3091 2005 3166 quot
2045 3094 2185 3150 sunt
2212 3086 2535 3148 accidentia
2578 3086 2847 3166 partibus
2872 3112 2923 3151 25

249 3189 558 3251 orationis.
647 3188 752 3250 sed
808 3208 880 3250 ex
936 3191 1028 3252 his
1085 3197 1332 3270 propter
1378 3188 1773 3269 conpendium
1822 3186 2075 3268 exempli
2122 3207 2294 3250 causa
2341 3207 2635 3268 perpauca
2681 3208 2845 3249 mon-

249 3290 600 3354 strabimus.
687 3309 824 3352 nam
868 3310 978 3371 per
1022 3291 1330 3373 qualitates
1373 3291 1680 3352 nominum
1725 3291 1874 3350 fiunt
1916 3288 2280 3360 soloecismi,
2327 3291 2479 3350 sicut
2904 3280 2915 3292 “

557 3393 859 3455 hauriat
899 3394 1092 3455 hunc
1136 3392 1380 3456 oculis
1421 3393 1666 3472 ignem
1713 3390 2053 3454 crudelis
2097 3389 2180 3452 ab
2228 3390 2380 3452 alto

557 3493 944 3556 Dardanus

251 3614 363 3675 pro
399 3595 759 3667 Dardanius;
805 3597 1112 3677 proprium
1161 3615 1378 3658 nomen
1424 3615 1535 3676 pro
1582 3593 1932 3674 appellativo
1977 3594 2202 3672 posuit:
2247 3611 2356 3672 per
2400 3610 2651 3670 genera,
2698 3593 2848 3654 sicut
2872 3617 2923 3658 30

251 3695 465 3757 ‘validi
496 3695 728 3758 silices’
776 3706 837 3760 et
877 3698 1206 3760 ‘amarae
1252 3698 1616 3759 cortices'
1663 3705 1723 3757 et
1767 3694 2052 3756 ‘collus
2096 3693 2373 3756 collari
2420 3697 2692 3755 caret':
2739 3712 2849 3773 per

251 3817 566 3870 numeroS,
638 3801 792 3860 sicut
845 3801 1052 3881 ‘pars
1108 3802 1178 3861 in
1245 3799 1490 3861 frusta
1545 3801 1845 3860 secant'
1902 3815 2014 3876 pro
2057 3804 2251 3858 secat:
2322 3813 2431 3876 per
2476 3796 2847 3877 conparatio-

251 3919 418 3972 nem,
466 3902 622 3962 sicut

391 4106 418 4156 1
457 4104 764 4154 miotacismi
799 4103 850 4152 L
883 4105 1195 4155 moetacismi
1231 4105 1274 4155 S
1309 4102 1590 4154 metacismi
1625 4099 1672 4150 P
1809 4101 1843 4152 3
1880 4101 2218 4164 relinquimus
2253 4100 2303 4148 P
2334 4098 2682 4161 relinquamus
2712 4100 2755 4150 S

251 4177 282 4224 ἰ’
318 4177 448 4224 inter
486 4173 846 4226 soloecismum
875 4199 936 4209 ——
969 4175 1035 4225 17
1073 4175 1283 4240 agnosci
1317 4175 1477 4224 Diom.
1511 4187 1568 4236 p.
1605 4173 1706 4222 451
1876 4170 1911 4220 8
1952 4171 2083 4220 inter
2112 4185 2167 4219 se
2199 4169 2456 4220 Charisius
2484 4183 2541 4231 p.
2578 4167 2682 4218 238

251 4243 316 4295 10
345 4241 540 4312 errant]
583 4254 728 4294 erunt
769 4245 812 4295 S
846 4253 1012 4294 errant
1045 4259 1074 4294 3
1213 4246 1280 4294 12
1315 4243 1592 4293 salutantes
1630 4240 1678 4289 L
1705 4245 2053 4304 superscripto
2088 4255 2143 4289 re
2179 4241 2221 4291 S
2255 4238 2591 4289 resalutantes
2622 4238 2691 4287 Pl
2724 4237 2845 4286 Dio·

248 4315 414 4364 medea
631 4313 696 4363 13
751 4322 838 4364 aut
873 4314 1202 4379 interrogatio
1239 4315 1282 4364 S
1479 4313 1543 4365 16
1595 4311 1965 4362 barbarismum
2006 4325 2123 4360 esse
2177 4309 2289 4374 Lps
2334 4307 2681 4358 barbarismus
2732 4321 2846 4356 esse

249 4385 358 4434 SPl
500 4383 568 4434 18
619 4397 710 4449 per
742 4399 804 4433 ea
840 4399 971 4448 quae
1013 4383 1247 4434 accidunt
1298 4383 1523 4448 partibus
1561 4381 1811 4432 oracionis
1841 4382 1883 4432 S
2020 4377 2091 4428 20
2134 4375 2456 4443 torvumque]
2513 4379 2671 4442 Vere.
2710 4375 2839 4428 Aen.

249 4455 339 4504 Vll
369 4452 475 4506 399
618 4454 684 4503 21
725 4452 778 4502 111
803 4454 982 4504 eadem
1020 4453 1132 4516 Lps
1165 4455 1217 4502 in
1256 4468 1318 4503 ea
1341 4454 1428 4504 PS
1565 4454 1634 4504 22
1665 4452 1749 4502 3111
1786 4452 1852 4501 de
1882 4455 1931 4498 te
1962 4457 2155 4499 tantum
2196 4448 2370 4498 elicuit
2399 4448 2471 4499 S.-
2518 4448 2673 4511 Vera.
2713 4445 2843 4495 Aen.

249 4525 316 4572 vl
354 4520 458 4573 502
600 4521 668 4573 28
704 4521 930 4588 11331131]
978 4525 1135 4590 Vero.
1175 4509 1308 4577 Aen.
1343 4523 1432 4572 1111
1466 4521 1561 4573 661
1711 4519 1781 4572 30
1814 4534 1995 4569 nomen
2028 4535 2120 4574 om.
2148 4518 2241 4570 SP
2376 4517 2440 4569 31
2480 4515 2640 4566 ualidi
2672 4514 2847 4566 silices

250 4600 297 4642 et
344 4587 550 4642 amarae
603 4594 818 4644 cortices
865 4594 993 4645 LPa
1014 4593 1279 4658 Pompeius
1320 4610 1378 4659 p.
1417 4593 1520 4646 434
1556 4592 1767 4644 Servius
1811 4592 1863 4640 in
1905 4591 2036 4642 Don.
2080 4589 2128 4653 f.
2172 4581 2315 4639 182*
2354 4585 2513 4636 ualidi
2576 4585 2739 4689 silicis
2798 4594 2847 4634 et

250 4727 454 4764 amarae
483 4713 690 4766 corticis
713 4716 787 4766 S.-
824 4729 1028 4778 31113133
1059 4713 1261 4765 corticis
1293 4721 1372 4764 eat
1405 4713 1547 4780 apud
1575 4713 1850 4777 Ver-ailiam
1884 4710 2043 4763 bucol.
2081 4710 2133 4773 6,
2156 4707 2225 4759 62
2331 4705 2495 4757 collus
2528 4703 2847 4755 collaricaret

251 4781 302 4831 l,
337 4783 501 4835 collus
537 4783 744 4834 collario
781 4781 945 4847 (corr.
991 4781 1225 4849 collaria)
1261 4789 1399 4833 caret
1433 4785 1483 4834 P
1505 4783 1664 4832 collus
1699 4780 1907 4831 collaria
1947 4788 2085 4830 caret
2121 4781 2165 4832 S
2206 4777 2369 4828 collus
2404 4774 2725 4841 collarigaret
2759 4773 2845 4824 Iu-

249 4855 442 4906 liam.-
467 4855 646 4908 Plaut.
687 4855 834 4918 Gapt.
874 4856 920 4906 11
948 4855 998 4918 2,
1039 4853 1138 4906 107
1277 4852 1345 4904 32
1381 4849 1524 4918 pars]
1573 4853 1732 4917 Vera.
1763 4851 1894 4904 Aen.
1934 4853 1956 4901 1
1993 4851 2094 4901 212
2232 4863 2329 4914 per
2363 4845 2769 4912 comparationes
2798 4845 2849 4896 P
