3434 5442
1331 316 1753 379 PRAEFATIO
2630 332 2801 378 xmx

235 501 314 565 dit
347 500 442 565 sic
483 500 902 588 inscriptam,
959 501 1210 566 ‘Servii
1266 501 1612 566 Honorati
1653 501 1735 566 de
1790 501 2067 587 pedibus
2132 523 2440 566 versuum
2483 500 2798 566 libellus'.

235 611 438 689 postea
479 602 844 668 Putschius
887 603 1204 668 rationem
1245 625 1286 666 a
1315 603 1657 668 Parrhasio
1699 603 2065 668 institutam
2109 613 2369 668 secutus
2412 627 2562 670 cum
2592 604 2807 669 Servii

237 708 676 770 commentario
731 707 806 770 in
859 705 1214 770 secundam
1267 703 1618 769 editionem
1673 706 1920 771 Donati
1976 706 2055 770 de
2116 714 2259 770 octo
2314 707 2611 792 partibus
2668 728 2807 771 ora-

237 807 437 888 tionis,
493 806 611 893 qui
665 807 1170 872 commentarius
1225 806 1366 892 ipse
1421 829 1676 894 quoque
1725 817 1861 872 tum
1905 807 2105 893 vulgo
2152 807 2365 892 Sergii
2409 809 2667 873 nomine
2710 809 2807 871 in-

239 909 498 994 scriptus
539 909 910 990 ferebatur,
953 909 1052 974 ita
1091 909 1264 973 hunc
1307 908 1549 975 librum
1591 911 1957 991 coniunxit,
2003 919 2077 974 ut
2114 910 2288 975 hunc
2319 915 2338 946 ²
2356 910 2567 997 Sergii
2598 933 2806 994 gram-

239 1011 438 1076 matici
492 1011 562 1076 in
617 1011 896 1097 primam
948 1011 1196 1076 Donati
1253 1011 1602 1076 editionem
1667 1013 2197 1076 commentarium
2214 1021 2252 1094 ³,
2318 1011 2498 1078 illum
2559 1017 2578 1046 ‘
2597 1012 2809 1098 Sergii

239 1113 630 1198 grammatici
675 1115 744 1178 in
789 1113 1140 1178 secundam
1181 1112 1428 1178 Donati
1471 1114 1821 1178 editionem
1864 1114 2358 1179 commentaria'
2406 1115 2807 1180 inscriberet.

240 1217 500 1302 denique
544 1216 776 1280 eodem
816 1215 1005 1280 titulo
1049 1224 1312 1301 recepto
1355 1215 1893 1283 vindobonenses
1952 1215 2390 1280 analectorum
2442 1218 2809 1300 grammati-

240 1339 444 1382 corum
487 1318 770 1383 editores
817 1317 1054 1382 librum
1102 1317 1314 1401 Sergii
1359 1315 1443 1380 ad
1487 1316 1683 1380 fidem
1727 1319 1970 1383 codicis
2008 1317 2353 1382 Bobiensis
2399 1319 2811 1384 emendatum
2921 1347 2931 1358 ²

243 1419 518 1486 adhibito
565 1419 762 1484 etiam
805 1420 1028 1485 codice
1071 1418 1567 1483 vindobonensi
1599 1427 1784 1500 7520,
1831 1421 1943 1506 qui
1986 1418 2212 1505 quinto
2258 1420 2506 1484 decimo
2552 1422 2811 1486 saeculo

241 1522 506 1608 scriptus
552 1531 684 1602 est,
731 1521 1098 1587 ediderunt.
1164 1543 1284 1606 ego
1311 1521 1378 1584 in
1408 1521 1531 1586 hoc
1561 1520 1782 1585 libello
1813 1522 2209 1586 recensendo
2240 1522 2501 1587 easdem
2530 1523 2813 1588 rationes

241 1633 487 1688 secutus
530 1646 707 1706 sum,
753 1624 989 1710 quibus
1029 1624 1098 1688 in
1139 1624 1306 1688 libro
1339 1622 1554 1688 Servii
1597 1623 1678 1688 de
1718 1622 2025 1702 finalibus
2070 1646 2173 1688 me
2216 1646 2408 1689 usum
2450 1647 2592 1689 esse
2622 1635 2817 1690 antea

240 1725 388 1790 dixi.
452 1748 604 1790 nam
647 1747 966 1790 summam
1009 1725 1462 1790 auctoritatem
1504 1727 1571 1788 in
1615 1725 1738 1789 hoc
1781 1747 2037 1811 quoque
2081 1726 2249 1790 libro
2294 1727 2492 1792 habet
2534 1727 2813 1791 Bobien-

240 1829 320 1892 sis
363 1829 604 1910 codex,
647 1829 834 1893 cuius
881 1827 1268 1914 scripturam
1296 1849 1382 1891 ex
1410 1827 1901 1893 Vindobonensi
1933 1827 2213 1893 editione
2244 1829 2470 1914 petivi.
2532 1830 2615 1892 ad
2644 1829 2817 1893 hunc

238 1930 300 1992 in
339 1929 558 2016 aliqua
597 1939 784 2016 parte
828 1930 982 1994 libri
1025 1931 1235 1996 codex
1277 1930 1613 1994 Parisinus
1661 1936 1827 1999 7530
1872 1931 2169 2015 proxime
2214 1931 2489 1995 accedit.
2559 1943 2819 2016 praeter

237 2033 348 2096 hos
389 2032 518 2096 fide
559 2032 800 2118 dignus
845 2054 988 2097 esse
1029 2035 1212 2097 visus
1257 2041 1358 2097 est
1399 2032 1868 2117 Frisingensis,
1902 2031 2027 2117 ‚qui
2070 2033 2165 2096 ita
2207 2055 2354 2096 cum
2391 2032 2521 2097 illis
2554 2054 2816 2098 consen-

237 2133 342 2214 tit,
407 2143 480 2198 ut
541 2134 646 2200 his
713 2133 930 2198 tribus
996 2133 1329 2200 codicibus
1392 2133 1849 2220 antiquissima
1913 2132 2096 2197 libri·
2130 2134 2342 2198 forma
2408 2134 2816 2200 exhibeatur.

237 2257 455 2300 eorum
495 2237 714 2322 igitur
740 2237 1000 2321 integra
1040 2241 1360 2322 scriptura
1400 2236 1737 2322 proposita
1781 2244 1901 2300 est.
1960 2258 2353 2322 quamquam
2394 2237 2465 2301 in
2507 2238 2819 2302 Bobiensi

233 2338 456 2402 codice
507 2337 810 2404 laceratis
866 2337 1258 2404 membranis
1304 2338 1623 2425 quaedam
1676 2337 1745 2402 in
1800 2337 1987 2402 initio
2046 2337 2201 2402 libri
2252 2340 2347 2403 ita
2390 2339 2606 2404 deleta
2648 2347 2820 2421 sunt,

233 2449 306 2504 ut
357 2461 487 2505 non
541 2441 700 2506 satis
757 2449 935 2505 certo
997 2451 1275 2520 constet,
1344 2440 1503 2526 quid
1569 2441 1883 2526 seriptum
1948 2441 2167 2505 fuerit.
2265 2464 2494 2528 quare,
2561 2443 2675 2506 ubi
2738 2442 2821 2506 de

235 2541 557 2627 scriptura
619 2542 975 2608 videbatur
1034 2543 1320 2609 dubitari
1383 2553 1606 2629 posse,
1673 2542 1976 2606 lacunam
2038 2565 2179 2607 esse
2244 2545 2487 2608 monui.
2585 2543 2821 2631 reliqui

237 2653 453 2708 autem
494 2645 780 2727 codiceS,
826 2667 1102 2731 querum
1143 2644 1304 2709 mihi
1347 2667 1504 2709 usus
1547 2644 1847 2731 patebat,
1893 2653 1960 2708 et
2001 2645 2303 2731 exempla
2345 2646 2499 2709 olim
2527 2648 2825 2731 inpressa

235 2747 514 2810 inventis
581 2749 1014 2812 recentiorum
1068 2747 1636 2832 grammaticorum
1694 2745 2053 2832 depravata
2108 2758 2277 2813 sunt.
2367 2750 2587 2834 itaque
2654 2770 2821 2834 quae

237 2869 322 2910 ex
361 2848 462 2912 his
505 2849 827 2936 adscripsi
867 2871 998 2914 non
1043 2859 1178 2913 tam
1221 2849 1305 2914 ad
1347 2859 1636 2914 veterem
1693 2848 2083 2933 scripturam
2126 2849 2586 2914 inveniendam
2628 2872 2821 2936 quam

239 2949 322 3014 ad
361 2951 846 3036 cognoscendas
889 2951 1420 3037 interpolationes
1465 2960 1531 3015 et
1571 2952 1977 3016 coniecturas
2008 2951 2386 3038 posterioris
2418 2953 2648 3017 aetatis
2680 2975 2823 3038 per-

240 3053 440 3116 tinere
483 3052 684 3120 volui.

405 3155 1100 3242 Explanationum
1165 3158 1246 3220 in
1313 3165 1561 3221 artem
1627 3157 1935 3221 Donati
2000 3155 2197 3221 libri
2255 3156 2411 3220 duo
2466 3179 2549 3220 ex
2598 3157 2823 3221 codice

243 3260 708 3344 antiquissimO,
753 3260 864 3345 qui
910 3269 1010 3322 est
1051 3261 1122 3322 in
1167 3256 1564 3322 bibliotheca
1604 3260 1978 3323 monasterii
2025 3259 2091 3322 S.
2138 3257 2329 3324 Pauli
2372 3259 2441 3321 in
2483 3256 2655 3338 valle
2700 3258 2825 3323 La-

243 3362 505 3426 vantina
543 3363 616 3426 in
659 3360 1002 3426 Carinthia
1045 3361 1154 3425 siti
1197 3381 1465 3424 numero
1509 3360 1859 3445 insignitus
1906 3369 2007 3442 24,
2054 3360 2211 3426 editi
2258 3370 2427 3424 sunt.
2485 3359 2677 3424 huius
2721 3367 2857 3424 co-'

249 3461 402 3528 dicis
441 3466 700 3550 copiam
743 3464 900 3528 mihi
943 3461 1101 3528 fecit
1141 3463 1466 3527 Martinus
1509 3461 1819 3528 Hertzius
1864 3471 2022 3546 tum,
2079 3487 2226 3529 cum
2272 3462 2357 3527 ad
2398 3462 2601 3546 illum,
2659 3466 2827 3529 sicut

247 3567 312 3628 in
349 3566 754 3651 praefatione
797 3565 1118 3630 Prisciani
1163 3587 1436 3650 gramm.
1479 3564 1630 3629 Lat.
1693 3567 1824 3631 vol.
1870 3567 1942 3631 II
1984 3589 2049 3652 p.
2095 3567 2200 3630 XI
2246 3567 2568 3649 narravit,
2629 3567 2826 3630 Bero-

253 3665 442 3732 linum
481 3666 846 3734 liberaliter
887 3669 1126 3732 missus
1171 3675 1332 3732 erat.
1379 3675 1478 3731 est
1521 3677 1738 3731 autem
1782 3670 1851 3732 in
1877 3669 2269 3734 membranis
2301 3669 2511 3734 forma
2538 3670 2828 3734 maxima

253 3772 494 3855 paginis
539 3770 850 3835 bifariam
896 3769 1127 3835 divisis
1172 3771 1532 3856 scripturae
1575 3792 1815 3854 genere
1860 3793 1955 3851 ee,
2002 3771 2176 3856 quod
2219 3771 2417 3856 vulgo
2449 3772 2827 3857 Longobar-

254 3872 450 3938 dicum
479 3873 734 3955 dicunt,
779 3874 1062 3958 scriptus
1109 3881 1174 3936 et
1217 3895 1302 3936 ex
1344 3871 1554 3936 tribus
1584 3871 1921 3938 fasciculis
1966 3872 2487 3937 membranarum
2530 3876 2827 3960 conposi-

253 3983 368 4039 tus.
406 3998 492 4040 ex
535 3977 780 4061 quibus
826 3975 1156 4040 fasciculis
1197 3976 1446 4061 primus
1492 3973 1541 4037 f.
1589 3983 1827 4055 1—-20,
1887 3974 2000 4060 qui
2053 3973 2213 4038 mihi
2266 3975 2460 4061 paulo
2502 3977 2829 4062 antiquior

255 4099 380 4144 esse
419 4081 608 4145 visus
652 4087 784 4159 est,
839 4100 1034 4164 quam
1094 4077 1222 4141 duo
1277 4079 1388 4164 qui
1445 4087 1839 4163 sequuntur,
1895 4075 1989 4140 ita
2030 4086 2104 4142 ut
2145 4076 2317 4142 hunc
2361 4087 2623 4160 octaVO,
2680 4077 2824 4141 illos

253 4203 402 4247 nono
443 4181 714 4247 saeculo
759 4180 1132 4262 tribuerem,
1179 4189 1490 4266 excerpta
1531 4179 1825 4266 Pompeii
1870 4179 2280 4264 grammatici
2323 4181 2627 4262 continet,
2673 4203 2828 4266 quo-

255 4305 376 4348 rum
417 4284 821 4371 principium
867 4282 1110 4347 editum
1153 4291 1254 4346 est
1296 4281 1466 4346 anal.
1511 4303 1785 4367 gramm.
1832 4281 2113 4347 Vindob.
2160 4306 2225 4368 p.
2258 4291 2403 4351 510.
2445 4283 2515 4346 in
2546 4281 2828 4347 secundo

255 4385 546 4452 fasciculo
591 4387 645 4450 f.
691 4393 948 4454 21--42
993 4386 1492 4450 commentarius
1537 4385 1914 4449 recentioris
1958 4385 2295 4449 cuiusdam
2326 4386 2733 4468 grammatici
2761 4385 2831 4449 in

259 4487 570 4556 Donatum
617 4489 910 4574 scriptus
955 4497 1071 4550 est.
1117 4487 1348 4553 tertius
1392 4487 1442 4550 f.
1489 4494 1739 4556 43-75
1782 4486 1953 4552 hunc
2008 4486 2278 4567 librum,
2340 4486 2421 4551 de
2477 4509 2604 4573 quo
2659 4509 2829 4551 nunc

263 4592 464 4676 agitur,
509 4592 812 4658 continet
851 4590 969 4670 ita,
1013 4589 1060 4653 f.
1108 4593 1225 4658 43*
1273 4589 1451 4672 (nam
1495 4588 1676 4673 prior
1715 4590 1959 4674 pagina
2000 4611 2209 4654 vacua
2236 4586 2467 4654 relicta
2510 4589 2635 4673 est)
2682 4595 2830 4652 inci-

263 4701 328 4770 pit
379 4707 690 4762 tractatus
751 4697 950 4757 seruii
1000 4697 1061 4755 in
1115 4698 1332 4756 donati
1380 4696 1520 4754 libr.
1579 4696 1857 4769 Plerique
1910 4699 2064 4755 artis
2112 4699 2557 4770 qrammaticae
2607 4697 2833 4756 latores

270 4802 404 4880 (456,
451 4801 516 4882 1)
565 4836 655 4845 —
695 4797 750 4860 f.
799 4803 883 4862 54
946 4799 1084 4870 finit
1141 4797 1415 4871 feliciter
1477 4803 1909 4858 commentatus
1974 4801 2049 4858 de
2111 4805 2244 4858 occo
2307 4800 2498 4858 seruit·
2550 4799 2833 4878 partibus

341 4909 628 4950 camisum.
663 4906 793 4948 mr.
827 4903 926 4944 ιιιι.
2384 4898 2429 4962 d
