3434 5442
652 363 770 425 140
1315 329 1320 333 ’
1463 358 1466 366 ·
1822 356 2046 418 Pnom

784 478 912 521 ‚sot
1014 476 1066 517 R.
2320 456 2333 473 ⁸
2824 501 2835 511 .
2950 500 2961 513 .
3063 471 3115 511 v.

751 492 776 533 p
815 548 900 610 De
936 478 1144 627 ⁴figura.
1231 548 1419 625 figura
1460 546 1781 626 participiis
1826 546 2035 607 accidit
2088 546 2171 606 sic
2215 546 2298 606 uti
2346 550 2405 605 et
2446 546 2655 605 ceteris
2697 472 2963 623 paiz-'iiim
2980 472 3223 605 obrutio-

647 654 754 722 nis,
797 650 1040 730 simplex
1087 656 1144 711 et
1181 650 1520 728 composita.
1609 646 1857 727 simplex
1910 648 2095 726 figura
2140 648 2579 727 participiorum
2628 653 2717 707 est
2758 647 3003 715 doctus:
3062 664 3223 706 com-

647 756 834 835 posita
876 754 1063 832 figura
1109 753 1556 831 participiorum
1601 757 1690 811 est
1734 750 2024 812 indoctus.
2082 754 2245 810 nu'nc
2280 750 2607 827 composita
2644 748 2829 826 figura
2872 747 3092 829 quibus
3134 746 3227 809 vel

648 862 792 936 quot
835 855 1022 917 modis
1067 855 1182 926 fiat,
1231 856 1290 913 in
1337 855 1575 914 nomine
1617 852 1733 913 iam
1778 854 1915 913 satis
1960 853 2353 913 tractavimus.

572 986 597 1025 5
819 958 902 1020 De
945 964 1209 1018 accentu.
1299 956 1374 1017 de
1415 962 1661 1016 accentu
1710 951 2186 1033 participiorum,
2242 955 2327 1015 sic
2366 954 2449 1015 uti
2494 961 2553 1015 et
2596 954 2900 1014 nominum
2944 952 3039 1013 vel
3084 972 3229 1032 pro·

649 1062 970 1130 nominum,
1015 1060 1072 1121 in
1109 1058 1453 1120 accentibus
1497 1063 1883 1137 conpetenter
1924 1055 2323 1118 tractabimus

820 1162 980 1235 Quae
1017 1161 1320 1241 participia
1365 1159 1578 1241 quibus
1627 1160 1949 1239 participiis
1992 1165 2294 1237 regantur.
2381 1158 2687 1237 participia
2731 1158 3033 1235 praeteriti
3078 1166 3229 1217 tem-

649 1268 812 1345 poris
853 1271 912 1325 et
949 1264 1132 1325 futuri
1168 1264 1404 1340 generis
1441 1261 1746 1323 masculini
1790 1262 2143 1322 nominativo
2188 1277 2328 1322 casu
2366 1262 2595 1321 numeri
2626 1257 2937 1337 singularis
2966 1279 2997 1320 s
3032 1258 3227 1319 littera

651 1369 1070 1436 terminantur,
1117 1366 1380 1427 seminini
1423 1384 1457 1425 a
1502 1364 1693 1427 littera
1739 1363 2128 1433 definiuntur,
2178 1364 2371 1424 neutri
2416 1381 2474 1423 m
2518 1360 2710 1423 littera
2758 1361 3228 1429 concluduntur:

579 1494 628 1535 io
655 1476 714 1533 at
753 1487 894 1531 vero
938 1469 1240 1548 participia
1283 1469 1608 1546 praesentis
1646 1467 1929 1545 temporis
1968 1447 2318 1526 nominativo
2354 1482 2494 1526 casu
2544 1466 2773 1525 numeri
2810 1463 3131 1541 singularis
3174 1468 3231 1524 in

654 1590 682 1633 s
719 1570 972 1633 litteram
1015 1578 1234 1631 exeunt
1269 1576 1511 1639 tantum,
1564 1569 1787 1631 scilicet
1828 1570 2104 1649 quoniam
2151 1570 2341 1628 omnis
2384 1569 2617 1646 generis
2664 1584 2791 1627 esse
2825 1568 3232 1645 reperiuntur.

654 1692 815 1735 nunc
858 1674 1164 1753 participia
1209 1672 1510 1751 praeteriti
1557 1672 1839 1751 temporis
1880 1672 2114 1749 generis
2158 1668 2492 1739 masculini,
2550 1688 2701 1748 quae
2746 1669 3001 1730 diximus
3040 1672 3235 1729 nomi·

656 1777 846 1837 nativo
885 1792 1030 1836 casu
1071 1776 1304 1838 numeri
1348 1773 1660 1852 singularis
1705 1792 1735 1834 s
1774 1772 1967 1835 littera
2012 1772 2233 1835 scilicet
2269 1772 2605 1841 terminari,
2667 1792 2735 1833 ex
2784 1770 2990 1832 eodem
3040 1774 3233 1831 nomi·

657 1880 848 1939 nativo
895 1896 1036 1938 casu
1092 1878 1324 1938 numeri
1367 1876 1679 1955 singularis
1724 1860 1973 1957 eandem
2016 1892 2045 1935 s
2086 1866 2372 1945 litteram,
2432 1891 2607 1951 quam
2671 1873 2889 1935 habent
2940 1872 3234 1941 ultimam,

581 2006 629 2047 15
658 1982 717 2041 in
757 1998 862 2041 rus
903 1977 1184 2059 syllabam
1241 1986 1589 2040 convertunt
1643 1986 1703 2040 et
1741 1979 1925 2039 futuri
1980 1978 2259 2055 temporis
2310 1978 2751 2055 participiorum
2806 1976 3237 2036 nominativum

657 2102 858 2146 casum
901 2084 1132 2145 numeri
1173 2081 1482 2159 singularis
1526 2060 1763 2160 gene'ris
1806 2081 1897 2139 sui
1940 2078 2274 2148 ostendunt,
2322 2084 2387 2139 ut
2420 2086 2559 2158 puta
2596 2080 2851 2157 scriptus
2880 2080 3237 2156 scripturus,

657 2206 860 2250 caesus
922 2202 1232 2254 caesuruS,
1290 2185 1443 2246 latus
1499 2184 1754 2253 laturus,
1817 2182 2112 2244 osculatus
2168 2180 2557 2242 osculaturus
2650 2182 2785 2241 item
2842 2199 2877 2241 e
2934 2182 3240 2241 contrario

655 2280 879 2352 scilicet
931 2288 1238 2366 participia
1283 2287 1461 2349 futuri
1504 2287 1787 2366 temporis
1832 2287 2067 2363 generis
2113 2284 2453 2353 masculini,
2498 2301 2650 2363 quae
2694 2284 3055 2343 nominativo
3097 2300 3239 2341 casu

661 2392 894 2453 numeri
935 2387 1250 2466 singularis
1291 2390 1352 2448 in
1397 2406 1504 2449 rus
1545 2387 1826 2469 syllabam
1872 2394 2103 2457 exeunt,
2150 2386 2397 2448 eandem
2438 2402 2543 2447 rus
2584 2382 2866 2465 syllabam
2914 2386 2971 2445 in
3016 2402 3049 2444 s
3086 2384 3241 2444 litte-

583 2514 636 2556 το
661 2512 786 2555 ram
847 2496 1198 2553 convertunt
1255 2496 1310 2551 et
1364 2486 1827 2573 particiflpiorum
1878 2490 2180 2568 praeteriti
2228 2490 2513 2569 temporis
2556 2488 2976 2547 nominativum
3032 2504 3241 2547 casum

659 2596 888 2657 numeri
935 2590 1246 2672 singularis
1289 2594 1522 2670 generis
1550 2594 1640 2654 sui
1680 2592 2015 2663 ostendunt,
2058 2598 2125 2653 ut
2167 2597 2302 2670 puta
2341 2593 2567 2652 risurus
2596 2592 2770 2660 risus,
2818 2590 3245 2650 criminaturus

659 2699 1017 2775 criminatuS,
1066 2696 1328 2756 facturus
1373 2690 1578 2756 sactus.
1667 2696 1973 2774 participia
2017 2694 2319 2773 praeteriti
2362 2694 2640 2771 temporis
2684 2693 2922 2769 generis
2967 2691 3245 2751 feminini

661 2820 732 2864 ex
788 2799 1144 2860 nominativo
1189 2816 1326 2858 casu
1383 2798 1612 2858 numeri
1667 2796 1980 2875 singularis
2024 2815 2055 2856 a
2102 2796 2386 2865 litteram,
2446 2813 2624 2873 quam
2678 2793 2895 2855 habent
2947 2792 3241 2861 ultimam,

659 2906 716 2967 in
759 2923 798 2965 u
849 2905 1196 2963 convertunt
1239 2907 1298 2961 et
1325 2917 1392 2961 ra
1436 2898 1717 2980 syllabam
1756 2900 2065 2977 accipiunt,
2112 2896 2268 2959 unde
2308 2898 2681 2977 participium
2728 2897 2907 2957 futuri
2952 2896 3247 2973 temporis

581 3006 892 3086 agenoris
945 3006 1036 3065 sui
1095 3002 1436 3072 ostendunt,
1492 3009 1558 3063 ut
1606 3008 1744 3081 puta
1802 3000 1971 3061 (locta
2020 2999 2292 3069 doctura,
2352 3000 2502 3060 dicta
2548 2998 2810 3067 dictura,
2868 2998 2982 3058 lata
3027 2996 3241 3058 latura.

657 3112 796 3171 item
841 3128 874 3169 e
919 3106 1215 3168 contrario
1254 3104 1474 3165 scilicet
1516 3106 1822 3184 participia
1880 3103 2057 3163 futuri
2098 3104 2380 3181 temporis
2430 3102 2663 3180 generis
2706 3100 2969 3161 seminini
3016 3118 3093 3161 ex
3132 3118 3243 3159 no-

660 3211 934 3271 minativo
976 3228 1112 3269 casu
1160 3208 1388 3268 numeri
1433 3204 1763 3290 sinlgularis
1802 3224 1865 3265 ra
1911 3204 2208 3283 syllabam,
2254 3222 2431 3282 quam
2468 3202 2683 3264 habent
2738 3202 3023 3271 ultimam,
3068 3204 3243 3262 omit-

661 3320 790 3375 tunt
829 3318 888 3373 et
933 3330 968 3373 u
1015 3310 1268 3371 litteram
1313 3318 1652 3389 sequentem
1698 3310 1753 3367 in
1798 3326 1829 3368 a
1874 3314 2254 3375 convertunt,
2313 3305 2469 3367 unde
2514 3304 2880 3383 participium
2940 3305 3245 3381 praeteriti

661 3415 944 3493 temporis
985 3414 1217 3492 generis
1260 3414 1351 3473 sui
1391 3411 1722 3479 ostendunt,
1769 3416 1831 3469 ut
1869 3416 2005 3488 puta
2046 3408 2338 3469 calcatura
2378 3406 2629 3475 calcata,
2675 3408 2865 3467 risura
2910 3406 3049 3476 risa,
3098 3408 3245 3466 scri-

585 3525 837 3598 aoptura
882 3518 1117 3594 scripta.
1208 3515 1510 3592 participia
1559 3514 1855 3591 praeteriti
1904 3513 2186 3592 temporis
2239 3510 2475 3588 generis
2519 3509 2715 3570 neutri
2770 3526 2837 3569 ex
2888 3510 3247 3569 nominativo

661 3636 802 3681 casu
843 3617 1072 3678 numeri
1109 3614 1424 3692 singularis
1459 3632 1515 3674 m
1556 3609 1833 3682 litteram,
1880 3632 2053 3691 quam
2100 3612 2319 3674 habent
2360 3610 2644 3681 ultimam,
2692 3613 2752 3672 in
2784 3629 2915 3671 rum
2958 3608 3245 3689 syllabam

662 3726 1026 3781 commutant
1085 3726 1144 3779 et
1197 3718 1378 3778 futuri
1439 3717 1721 3795 temporis
1784 3717 2227 3795 participiorum
2288 3715 2704 3775 nominativum
2760 3730 2959 3774 casum
3014 3713 3249 3773 numeri

663 3820 976 3908 singularis
1019 3821 1252 3898 generis
1287 3822 1376 3881 sui
1419 3819 1751 3889 ostendunt,
1802 3824 1864 3877 ut
1896 3825 2035 3896 puta
2080 3820 2363 3899 scriptum
2404 3818 2782 3895 scripturum,
2828 3832 3067 3877 caesum
3118 3834 3249 3875 cae-

663 3942 888 3993 surum,
935 3921 1117 3984 latum
1161 3921 1436 3983 laturum.
1512 3923 1648 3983 item
1695 3940 1727 3982 e
1777 3923 2075 3981 contrario
2120 3919 2343 3981 scilicet
2385 3920 2691 3999 participia
2734 3918 2918 3979 futuri
2962 3916 3251 3995 temporis

587 4046 638 4089 ³5
667 4030 902 4107 generis
943 4027 1165 4095 neutri,
1222 4042 1372 4104 quae
1415 4024 1769 4085 nominativo
1825 4032 1975 4085 casu·
2018 4024 2249 4084 numeri
2304 4020 2613 4099 singularis
2669 4022 2725 4082 in
2770 4037 2904 4081 rum
2960 4018 3247 4100 syllabam

663 4136 908 4198 exeunt,
966 4127 1212 4190 eandem
1267 4145 1400 4188 rum
1442 4125 1722 4207 syllabam
1778 4128 1836 4187 in
1882 4144 1937 4186 m
1984 4125 2235 4186 litteram
2294 4131 2643 4186 convertunt
2692 4128 2751 4183 ct
2800 4122 3247 4202 participiorum

661 4234 963 4312 praeteriti
1005 4231 1290 4309 temporis
1332 4230 1749 4291 nominativum
1784 4248 1981 4291 casum
2028 4227 2260 4289 numeri
2292 4225 2603 4304 singularis
2646 4226 2881 4305 generis
2924 4224 3014 4285 sui
3050 4230 3248 4284 osten-

663 4328 826 4404 dunt,
873 4341 940 4397 ut
983 4340 1122 4415 puta
1166 4334 1428 4395 risurum
1475 4334 1677 4401 risum,
1728 4334 2171 4393 criminatorum
2218 4330 2607 4396 criminatum,
2655 4325 2912 4387 laturum
2957 4324 3163 4386 latum.

835 4438 1184 4511 Quaeritur,
1241 4453 1354 4514 qua
1407 4435 1479 4495 de
1537 4452 1708 4496 causa
1767 4437 2090 4496 moriturus
2132 4440 2191 4493 et
2232 4450 2347 4493 non
2399 4429 2721 4491 secundum
2782 4428 3036 4490 sormam
3083 4444 3249 4507 suam

586 4556 638 4599 ιο
665 4548 966 4602 morturus
1011 4540 1200 4601 saciat.
1289 4538 1399 4599 hac
1444 4537 1517 4599 de
1560 4554 1767 4607 causa,
1822 4538 2095 4615 quoniam
2141 4534 2323 4595 futuri
2368 4532 2653 4611 temporis
2708 4530 3047 4610 participia,
3098 4546 3251 4609 quae

801 4788 836 4839 6
873 4787 1204 4839 tractauimns
1240 4786 1338 4837 RB
1477 4784 1546 4836 39
1581 4784 1853 4845 Quaeritur
1890 4812 1953 4820 —
1994 4782 2108 4847 141,
2138 4781 2168 4832 3
2206 4779 2357 4831 sociat
2393 4796 2486 4831 om.
2522 4780 2575 4831 B
2616 4832 2619 4835 ,
2716 4780 2783 4830 40
2820 4784 3079 4838 mortums
3112 4793 3143 4828 ο
3181 4794 3251 4828 eoe

665 4858 837 4910 codice
873 4859 1112 4909 Parisino
1149 4856 1286 4910 7519
1319 4864 1548 4907 mortuus
1583 4856 1630 4907 R
