3434 5442
1136 332 1365 395 COMM.
1412 335 1488 396 IN
1537 334 1895 397 DONATVM
2688 339 2809 402 423

2202 443 2231 482 s.
2262 442 2383 484 167⁴.
2410 442 2460 482 68
2484 441 2581 483 cod.
2610 439 2708 482 Par.

211 527 282 580 et
331 507 578 592 similia;
625 540 733 582 nos
765 539 903 582 vero
946 541 1067 584 non
1113 541 1462 603 usurpamus
1503 521 1542 582 k
1587 521 1841 585 litteram
1880 523 1997 582 nisi
2039 524 2099 584 in
2146 522 2538 584 Kalendarum
2572 523 2810 584 nomine

209 623 568 684 scribendo.
657 627 916 704 itemque
960 623 1044 683 illi
1087 644 1126 704 q
1170 623 1636 704 praeponebant,
1685 625 1960 704 quotiens
2013 643 2051 684 u
2096 623 2475 704 sequebatur,
2524 633 2587 684 ut
2630 643 2804 703 qum3

209 741 336 786 nos
382 744 522 787 vero
569 745 688 788 non
745 743 1059 805 possumus
1115 746 1152 806 q
1197 745 1597 807 praeponere,
1655 727 1768 786 nisi
1824 734 1884 786 et
1938 745 1977 786 u
2020 734 2295 806 sequatur
2342 733 2402 786 et
2443 732 2575 805 post
2616 727 2807 803 ipsam

210 825 337 888 alia
383 826 626 900 vocalis,
673 836 738 890 ut
780 829 1076 908 quoniam.
1167 848 1200 907 y
1255 837 1312 889 et
1365 849 1394 889 z
1442 829 1701 890 Graecae
1756 836 1894 888 sunt
1937 827 2183 890 litterae.
2273 848 2307 908 y
2353 826 2567 888 vocalis
2612 835 2731 898 est,
2775 849 2805 890 z

211 947 336 1006 pro
383 930 632 1008 duplici,
682 948 1033 1009 quamquam
1079 929 1236 1008 apud
1281 948 1390 990 nos
1433 951 1464 991 z
1509 938 1569 991 et
1609 948 1722 1010 pro
1767 929 1988 1009 duplici
2032 931 2133 1001 sit,
2182 938 2245 990 ut
2290 931 2638 991 ‘Mezenti
2683 929 2804 991 du·
2834 951 2859 990 ⁵

211 1033 338 1090 cis
395 1033 751 1101 exuvias’,
827 1039 884 1091 et
941 1049 1048 1108 pro
1103 1029 1381 1111 simplici,
1451 1039 1516 1092 ut
1572 1037 1994 1093 ‘nemorosa
2054 1031 2521 1112 Zacynthos’.
2609 1033 2805 1092 omnia

212 1135 468 1194 nomina
522 1132 848 1194 litterarum
907 1134 1144 1210 generis
1199 1141 1336 1194 sunt
1390 1135 1584 1194 neutri
1641 1141 1702 1194 et
1762 1133 2198 1195 indeclinabilia
2262 1140 2416 1195 sunt.
2503 1133 2805 1194 sciendum

209 1242 422 1297 autem
469 1255 502 1296 x
549 1234 804 1297 litteram
849 1235 1116 1296 Latinam
1162 1221 1454 1314 duplicem
1501 1237 1675 1298 etiam
1716 1253 1829 1314 pro
1858 1235 2125 1317 simplice
2156 1254 2330 1315 posse
2358 1237 2532 1314 poni,
2570 1236 2805 1316 quando

209 1337 452 1398 Graeca
495 1346 633 1398 sunt
677 1338 941 1409 nomina,
988 1346 1052 1399 ut
1093 1338 1156 1398 in
1199 1337 1314 1399 hoc
1356 1355 1558 1409 versu,
1616 1335 1999 1416 ‘implevit
2051 1336 2284 1400 litora
2328 1337 2718 1400 Xanthus'.

1261 1524 1357 1585 DE
1402 1523 1752 1586 SYLLABA.
2500 1555 2507 1564 ·
2831 1545 2881 1585 ιο

391 1658 624 1738 Syllaba
670 1659 822 1720 dicta
881 1669 969 1720 est
1025 1679 1096 1721 ex
1142 1660 1370 1720 Graeco
1429 1659 1744 1730 vocabulo,
1806 1649 1939 1720 ἀπὸ
1998 1659 2122 1720 τοῦ
2161 1651 2667 1740 συλλαμβάνειν
2722 1655 2803 1722 τὰ

207 1752 596 1840 γράμματα,
641 1762 700 1821 id
749 1771 836 1822 est
880 1781 912 1822 a
959 1764 1348 1840 conceptione
1391 1761 1741 1823 litterarum.
1818 1780 1959 1840 ergo
2005 1764 2245 1842 proprie
2289 1761 2385 1822 illa
2432 1761 2648 1823 dicitur
2690 1761 2803 1842 syl-

207 1863 384 1933 laba,
443 1882 593 1944 quae
650 1864 722 1925 de
779 1863 1050 1942 plurimis
1107 1871 1366 1933 constat,
1426 1873 1491 1925 ut
1534 1872 1623 1924 est
1665 1873 1817 1942 post.
1907 1882 2055 1943 quae
2102 1872 2297 1926 autem
2342 1864 2417 1925 de
2460 1883 2579 1925 una
2622 1865 2807 1926 vocali

209 1966 552 2043 perficitur,
611 1965 849 2026 abusive
895 1965 1109 2027 dicitur
1153 1964 1399 2046 syllaba,
1459 1974 1524 2027 ut
1580 1985 1631 2026 e.
1722 1983 1927 2026 omnes
1972 1975 2167 2027 autem
2212 1964 2470 2045 syllabae
2514 1985 2545 2026 a
2589 1965 2803 2027 vocali-

207 2067 330 2127 bus
387 2069 510 2128 suis
559 2069 853 2148 incipiunt
905 2067 1126 2130 habere
1171 2075 1514 2138 tractatum,
1561 2076 1757 2148 atque.
1780 2066 1917 2127 inde
1962 2067 2271 2128 exordium
2314 2076 2572 2130 sumunt.
2662 2087 2801 2130 con·
2831 2091 2880 2132 15

207 2177 498 2231 sonantes
557 2171 714 2230 enim
769 2188 920 2250 quae
977 2177 1305 2250 sequuntur
1358 2171 1469 2249 ipsi
1510 2168 1769 2249 syllabae
1812 2171 2187 2247 inputantur;
2232 2169 2659 2249 praecedentes
2700 2189 2802 2232 au-

211 2281 338 2332 tem
385 2289 506 2332 non
549 2274 692 2351 ipsi,
740 2272 844 2332 sed
889 2280 989 2334 aut
1030 2272 1322 2333 vacabunt
1363 2279 1466 2333 aut
1507 2273 1877 2350 superiorem
1923 2270 2165 2332 brevem
2208 2270 2511 2334 iuvabunt.
2570 2281 2803 2351 utputa

209 2372 414 2452 glans:
473 2373 546 2434 ab
591 2391 624 2434 a
681 2373 1122 2434 considerantes
1177 2393 1216 2434 n
1276 2383 1334 2435 et
1386 2393 1416 2434 s
1459 2374 1568 2453 ipsi
1613 2371 1870 2453 syllabae
1914 2373 2150 2446 damus,
2196 2374 2333 2453 quia
2376 2380 2660 2436 secuntur
2705 2394 2802 2435 vo-

209 2475 434 2544 calem;
495 2493 532 2554 g
576 2495 716 2536 vero
761 2483 820 2536 et
872 2474 892 2534 l
947 2494 1066 2536 non
1109 2477 1224 2554 ipsi
1266 2477 1630 2555 inputamuS,
1691 2475 1795 2536 sed
1841 2494 2141 2538 servamus
2186 2475 2258 2537 ad
2304 2475 2579 2538 amulium
2626 2495 2800 2556 supe-

208 2578 396 2638 rioris
441 2576 660 2646 brevis,
708 2579 757 2636 si
802 2577 956 2638 sorte
1001 2577 1333 2656 praecedat.
1424 2585 1819 2639 consonantes
1850 2585 2045 2639 autem
2092 2595 2209 2639 non
2255 2579 2367 2638 hae
2410 2578 2603 2648 solae,
2650 2597 2800 2659 quae
2825 2603 2877 2642 20

209 2683 274 2740 in
323 2679 530 2740 eadem
576 2678 793 2758 syllaba
840 2687 1006 2750 sunt,
1055 2678 1080 2760 Η
1127 2679 1230 2742 sed
1277 2682 1452 2741 etiam
1496 2682 1558 2741 in
1602 2681 1873 2760 sequenti
1927 2680 2153 2758 positae
2196 2681 2398 2740 iuvant
2438 2681 2799 2759 praeceden-

211 2791 334 2842 tem
391 2780 681 2850 vocalem,
755 2789 820 2842 ut
881 2800 1062 2842 arma.
1153 2780 1408 2859 syllabae
1466 2782 1674 2843 breves
1740 2789 2017 2862 quattuor
2081 2782 2273 2843 modis
2338 2782 2802 2844 considerandae

209 2890 380 2944 sunt:
425 2885 621 2962 primo
663 2892 729 2944 ut
772 2882 1028 2944 habeant
1071 2881 1328 2944 vocalem
1373 2882 1644 2955 brevem,
1702 2883 1916 2976 deinde
1961 2891 2027 2944 ut
2070 2901 2189 2945 non
2234 2882 2507 2946 desinant
2544 2887 2609 2945 in
2654 2884 2799 2947 duas

211 2993 610 3046 consonantes
652 2991 752 3045 aut
794 2987 852 3044 in
899 3003 1076 3046 unam
1122 2984 1412 3063 duplicem
1459 2993 1562 3046 aut
1599 2986 1663 3045 in
1707 2987 1734 3044 i
1770 2986 1928 3046 inter
1956 2985 2103 3046 duas
2132 2985 2359 3046 vocales
2400 2988 2795 3049 constitutam.

213 3086 431 3166 quibus
487 3093 762 3166 quattuor
825 3086 1014 3147 modis
1071 3105 1102 3146 e
1159 3089 1456 3148 contrario
1522 3088 1943 3148 animadversis
2008 3087 2507 3166 deprehendimus
2568 3088 2793 3167 longas.
2822 3114 2873 3155 aa

217 3209 353 3251 nam
401 3191 452 3250 si
494 3188 571 3250 sit
612 3187 828 3250 vocalis
871 3187 1216 3250 naturaliter
1261 3189 1576 3269 producta,
1632 3187 1855 3268 syllaba
1900 3190 2011 3250 erit
2052 3187 2257 3268 longa,
2306 3197 2369 3250 ut
2415 3197 2502 3250 est
2544 3189 2679 3250 dos:
2746 3192 2799 3252 si

213 3294 390 3354 etiam
437 3292 587 3352 duae
631 3300 1026 3352 consonantes
1069 3300 1350 3352 secuntur
1379 3291 1649 3363 brevem,
1697 3291 1965 3352 similiter
2012 3290 2187 3370 longa
2232 3291 2372 3362 erit,
2421 3299 2485 3351 ut
2528 3309 2658 3361 ars;
2707 3291 2796 3353 vel

211 3395 262 3454 si
317 3413 435 3457 una
495 3392 708 3472 duplex
769 3401 1082 3473 sequatur,
1141 3401 1206 3454 ut
1262 3400 1350 3453 est
1403 3395 1530 3471 pix;
1591 3391 1680 3454 vel
1736 3395 1785 3453 si
1838 3397 1864 3454 i
1901 3395 2058 3455 inter
2102 3393 2247 3454 duas
2291 3391 2552 3464 vocales,
2598 3399 2663 3453 ut
2706 3401 2797 3456 est

213 3496 411 3558 Troia.
473 3494 650 3574 plane
693 3495 1046 3574 diphthongi
1089 3513 1324 3574 semper
1367 3494 1574 3575 longas
1617 3494 1869 3576 syllabas
1912 3495 2137 3556 faciunt
2183 3494 2363 3576 [quae
2392 3495 2793 3575 diphthongus

209 3600 298 3658 sic
327 3596 658 3658 declinatur
687 3615 805 3676 quo
837 3596 1013 3658 modo
1043 3597 1300 3678 doctus}
1360 3606 1498 3659 sunt
1541 3609 1737 3660 autem
1782 3605 2087 3678 quattuor,
2136 3617 2234 3669 ae,
2282 3605 2349 3658 ut
2388 3596 2649 3667 Aeneas3
2696 3616 2787 3670 oe,
2816 3624 2867 3666 30

209 3707 275 3762 ut
327 3717 554 3779 poena;
613 3716 714 3770 au,
773 3705 837 3760 ut
893 3717 1130 3768 aurum;
1189 3717 1292 3770 eu,
1355 3708 1420 3761 ut
1464 3700 1674 3762 Eurus.
1765 3708 2031 3762 ceterum
2076 3719 2109 3762 e
2154 3708 2215 3762 et
2252 3702 2275 3760 i
2319 3700 2475 3780 apud
2519 3701 2793 3781 antiquos

211 3810 434 3863 tantum
481 3800 658 3862 modo
705 3799 1197 3878 deprehenditur,
1245 3809 1310 3862 ut
1353 3804 1525 3864 eitur.
1597 3823 1632 3882 y
1677 3811 1737 3863 et
1778 3803 1799 3862 i
1843 3803 1902 3862 in
1948 3803 2190 3864 Graecis
2234 3802 2571 3864 nominibus
2617 3802 2788 3882 diph-

209 3905 464 3982 thongus
525 3909 640 3977 est,
701 3909 764 3962 ut
815 3903 1088 3982 Harpyia.
1177 3903 1350 3984 plane
1404 3905 1682 3984 quoniam
1741 3902 1993 3964 difficilis
2048 3913 2139 3965 est
2192 3904 2584 3984 deprehensio
2630 3905 2787 3965 circa

205 4005 460 4084 syllabas
489 4002 835 4065 naturaliter
863 4003 1098 4082 longas,
1143 4005 1368 4067 idcirco
1411 4007 1668 4085 primum
1714 4005 2001 4067 debemus
2047 4006 2443 4077 considerare,
2488 4025 2663 4087 quem
2710 4007 2783 4068 ad

207 4107 446 4170 modum
503 4105 849 4167 naturaliter
902 4107 1314 4187 proferantur3
1378 4106 1590 4168 deinde
1643 4107 1991 4168 inflexiones
2049 4107 2427 4170 considerare
2481 4109 2781 4172 debemus
2809 4137 2861 4179 35

207 4228 340 4270 nam
387 4207 636 4270 Facilitas
679 4211 728 4270 si
773 4227 890 4270 non
936 4207 1232 4287 intellegis
1274 4207 1462 4289 qualis
1508 4217 1596 4270 est
1635 4211 1700 4270 in
1744 4211 2131 4282 nominativo,
2174 4212 2239 4270 in
2266 4212 2535 4290 genetivo
2566 4229 2783 4291 cogno-

207 4329 366 4382 sces,
413 4311 551 4392 quia
595 4308 769 4388 longa
816 4317 906 4372 est
949 4319 1007 4371 et
1049 4316 1252 4390 aperte
1296 4310 1670 4389 producitur:
1716 4309 2011 4373 facilitatis
2056 4314 2214 4373 enim
2258 4312 2413 4373 facit.
2500 4312 2645 4374 item
2686 4331 2781 4376 re·

342 4565 369 4615 1
411 4579 507 4615 nos
541 4579 665 4614 uero
702 4579 1007 4629 usurpamus
1035 4581 1066 4615 c
1088 4565 1304 4616 litteram
1340 4566 1392 4614 P
1528 4569 1560 4617 2
1596 4563 1739 4634 qum]
1784 4582 1896 4616 cum
1928 4567 1977 4616 P
2116 4566 2149 4618 3
2180 4575 2227 4616 et
2264 4583 2293 4616 ο
2331 4575 2573 4632 sequatur
2596 4569 2647 4618 P

203 4637 233 4686 5
257 4633 502 4700 Mezenti]
547 4635 705 4700 Ver-9.
743 4635 873 4687 Aen.
913 4635 986 4684 XI
1023 4637 1054 4684 7
1226 4636 1260 4686 6
1297 4635 1511 4687 exubiae
1546 4636 1598 4684 P
1752 4633 2039 4702 nemorosa]
2090 4637 2245 4704 Ver-9.
2270 4637 2404 4688 Aen.
2448 4639 2647 4691 111270

203 4707 234 4758 8
267 4706 472 4772 duplice
499 4705 652 4754 etiam
679 4706 732 4754 P
867 4705 900 4756 9
925 4705 1173 4756 xancthus
1202 4707 1255 4755 P
1425 4706 1488 4756 18
1518 4723 1543 4756 s
1578 4721 1671 4760 om.
1707 4706 1760 4754 P
1922 4707 1989 4756 26
2026 4708 2217 4758 uocalis
2256 4708 2452 4772 syllaba
2483 4709 2781 4761 naturaliter

207 4777 450 4842 producta
479 4776 573 4824 erit
607 4775 659 4822 P
796 4776 864 4826 28
899 4776 916 4824 i
949 4790 1041 4825 om.
1080 4777 1129 4824 P
1241 4775 1311 4828 30
1335 4775 1470 4826 docti
1505 4777 1556 4826 P
1665 4776 1730 4827 31
1766 4791 1828 4842 ey
1857 4785 1913 4826 ut
1947 4793 2099 4842 eyrus
2140 4779 2187 4827 P
2288 4777 2355 4830 33
2390 4780 2569 4844 arpyia
2594 4779 2647 4828 P

207 4843 270 4896 34
307 4843 754 4910 quemammodum
777 4846 830 4894 P
