<?xml version="1.0" encoding="UTF-8"?>
<!DOCTYPE html PUBLIC "-//W3C//DTD XHTML 1.0 Transitional//EN"
    "http://www.w3.org/TR/xhtml1/DTD/xhtml1-transitional.dtd">
<html xmlns="http://www.w3.org/1999/xhtml" xml:lang="en" lang="en">
 <head>
  <title>
</title>
<meta http-equiv="Content-Type" content="text/html;charset=utf-8" />
  <meta name='ocr-system' content='tesseract 3.04.00' />
  <meta name='ocr-capabilities' content='ocr_page ocr_carea ocr_par ocr_line ocrx_word'/>
</head>
<body>
  <div class='ocr_page' id='page_1' title='image "./grammaticilatin01unkngoog_0172.png"; bbox 0 0 3434 5442; ppageno 0'>
   <div class='ocr_carea' id='block_1_1' title="bbox 930 258 2790 405">
    <p class='ocr_par' dir='ltr' id='par_1_1' title="bbox 930 258 2790 405">
     <span class='ocr_line' id='line_1_1' title="bbox 930 258 2790 405; baseline -0.001 -32"><span class='ocrx_word' id='word_1_1' title='bbox 930 298 1325 373; x_wconf 73' lang='lat' dir='ltr'><strong>1NsT1&#39;rv‘rA</strong></span> <span class='ocrx_word' id='word_1_2' title='bbox 1369 308 1650 373; x_wconf 68' lang='lat' dir='ltr'><strong>An‘rwm</strong></span> <span class='ocrx_word' id='word_1_3' title='bbox 1694 308 2029 374; x_wconf 83' lang='lat'>387—398</span> <span class='ocrx_word' id='word_1_4' title='bbox 2521 258 2524 261; x_wconf 41' lang='grc'>’</span> <span class='ocrx_word' id='word_1_5' title='bbox 2651 308 2790 405; x_wconf 72' lang='lat'><strong>¹¹¹,</strong></span> 
     </span>
    </p>
   </div>
   <div class='ocr_carea' id='block_1_2' title="bbox 238 424 2768 579">
    <p class='ocr_par' dir='ltr' id='par_1_2' title="bbox 238 424 2768 579">
     <span class='ocr_line' id='line_1_2' title="bbox 238 424 2768 579; baseline -0.002 -17"><span class='ocrx_word' id='word_1_6' title='bbox 238 444 358 563; x_wconf 54' lang='lat' dir='ltr'><strong>tali}</strong></span> <span class='ocrx_word' id='word_1_7' title='bbox 384 429 533 561; x_wconf 53' lang='grc' dir='ltr'><strong>13ὲῖ</strong></span> <span class='ocrx_word' id='word_1_8' title='bbox 558 426 1041 579; x_wconf 60' lang='lat' dir='ltr'><strong>¹:cunila-horum</strong></span> <span class='ocrx_word' id='word_1_9' title='bbox 1084 497 1441 579; x_wconf 85' lang='lat' dir='ltr'><strong>templorum</strong></span> <span class='ocrx_word' id='word_1_10' title='bbox 1486 498 1579 559; x_wconf 89' lang='lat' dir='ltr'><strong>his</strong></span> <span class='ocrx_word' id='word_1_11' title='bbox 1612 497 1850 578; x_wconf 88' lang='lat' dir='ltr'><strong>templis</strong></span> <span class='ocrx_word' id='word_1_12' title='bbox 1905 499 2051 559; x_wconf 87' lang='lat' dir='ltr'><strong>haec</strong></span> <span class='ocrx_word' id='word_1_13' title='bbox 2096 498 2310 577; x_wconf 81' lang='lat' dir='ltr'><strong>templa</strong></span> <span class='ocrx_word' id='word_1_14' title='bbox 2333 424 2667 575; x_wconf 44' lang='lat' dir='ltr'><strong>2³33le-</strong></span> <span class='ocrx_word' id='word_1_15' title='bbox 2693 495 2768 557; x_wconf 89' lang='lat' dir='ltr'><strong>ab</strong></span> 
     </span>
    </p>
   </div>
   <div class='ocr_carea' id='block_1_3' title="bbox 216 598 2862 4558">
    <p class='ocr_par' dir='ltr' id='par_1_3' title="bbox 216 598 2862 4558">
     <span class='ocr_line' id='line_1_3' title="bbox 235 598 2768 684; baseline -0.002 -21"><span class='ocrx_word' id='word_1_16' title='bbox 235 605 309 663; x_wconf 88' lang='lat' dir='ltr'><strong>his</strong></span> <span class='ocrx_word' id='word_1_17' title='bbox 340 600 573 680; x_wconf 85' lang='lat' dir='ltr'><strong>templis.</strong></span> <span class='ocrx_word' id='word_1_18' title='bbox 605 598 631 684; x_wconf 86' lang='grc' dir='ltr'><strong>ΙΙ</strong></span> <span class='ocrx_word' id='word_1_19' title='bbox 662 604 751 662; x_wconf 88' lang='lat' dir='ltr'><strong>sic</strong></span> <span class='ocrx_word' id='word_1_20' title='bbox 792 610 853 662; x_wconf 89' lang='lat' dir='ltr'><strong>et</strong></span> <span class='ocrx_word' id='word_1_21' title='bbox 894 600 1005 663; x_wconf 88' lang='lat' dir='ltr'><strong>alia</strong></span> <span class='ocrx_word' id='word_1_22' title='bbox 1042 602 1289 678; x_wconf 77' lang='lat' dir='ltr'><strong>generis.</strong></span> <span class='ocrx_word' id='word_1_23' title='bbox 1322 602 1519 662; x_wconf 79' lang='lat' dir='ltr'>neutri</span> <span class='ocrx_word' id='word_1_24' title='bbox 1562 602 1824 670; x_wconf 89' lang='lat' dir='ltr'><strong>nomina,</strong></span> <span class='ocrx_word' id='word_1_25' title='bbox 1869 618 2021 680; x_wconf 87' lang='lat' dir='ltr'><strong>quae</strong></span> <span class='ocrx_word' id='word_1_26' title='bbox 2064 599 2312 660; x_wconf 88' lang='lat' dir='ltr'><strong>ablativo</strong></span> <span class='ocrx_word' id='word_1_27' title='bbox 2333 618 2490 661; x_wconf 71' lang='lat' dir='ltr'><strong>casu</strong></span> <span class='ocrx_word' id='word_1_28' title='bbox 2537 600 2768 659; x_wconf 88' lang='lat' dir='ltr'><strong>numeri</strong></span> 
     </span>
     <span class='ocr_line' id='line_1_4' title="bbox 232 699 2766 783; baseline -0.001 -18"><span class='ocrx_word' id='word_1_29' title='bbox 232 704 505 783; x_wconf 82' lang='lat' dir='ltr'><strong>singularis</strong></span> <span class='ocrx_word' id='word_1_30' title='bbox 544 722 579 762; x_wconf 95' lang='lat' dir='ltr'><strong>o</strong></span> <span class='ocrx_word' id='word_1_31' title='bbox 620 702 817 765; x_wconf 90' lang='lat' dir='ltr'><strong>littera</strong></span> <span class='ocrx_word' id='word_1_32' title='bbox 873 704 1269 763; x_wconf 74' lang='lat' dir='ltr'><strong>terminantur</strong></span> <span class='ocrx_word' id='word_1_33' title='bbox 1324 709 1383 765; x_wconf 87' lang='lat' dir='ltr'><strong>et</strong></span> <span class='ocrx_word' id='word_1_34' title='bbox 1436 704 1793 763; x_wconf 80' lang='lat' dir='ltr'><strong>nominativo</strong></span> <span class='ocrx_word' id='word_1_35' title='bbox 1823 721 1980 777; x_wconf 86' lang='lat' dir='ltr'><strong>-casu</strong></span> <span class='ocrx_word' id='word_1_36' title='bbox 2039 704 2271 775; x_wconf 87' lang='lat' dir='ltr'><strong>numeri</strong></span> <span class='ocrx_word' id='word_1_37' title='bbox 2320 699 2632 779; x_wconf 80' lang='lat' dir='ltr'><strong>singularis</strong></span> <span class='ocrx_word' id='word_1_38' title='bbox 2667 719 2766 762; x_wconf 88' lang='lat' dir='ltr'><strong>um</strong></span> 
     </span>
     <span class='ocr_line' id='line_1_5' title="bbox 228 803 2771 883; baseline -0.002 -16"><span class='ocrx_word' id='word_1_39' title='bbox 228 808 404 869; x_wconf 81' lang='lat' dir='ltr'><strong>litteris</strong></span> <span class='ocrx_word' id='word_1_40' title='bbox 444 810 575 883; x_wconf 90' lang='lat' dir='ltr'><strong>post</strong></span> <span class='ocrx_word' id='word_1_41' title='bbox 609 812 1027 866; x_wconf 78' lang='lat' dir='ltr'><strong>consonantem</strong></span> <span class='ocrx_word' id='word_1_42' title='bbox 1068 804 1446 874; x_wconf 85' lang='lat' dir='ltr'><strong>definiuntur,</strong></span> <span class='ocrx_word' id='word_1_43' title='bbox 1492 805 1563 865; x_wconf 87' lang='lat' dir='ltr'><strong>ad</strong></span> <span class='ocrx_word' id='word_1_44' title='bbox 1596 803 1928 882; x_wconf 85' lang='lat' dir='ltr'><strong>exemplum</strong></span> <span class='ocrx_word' id='word_1_45' title='bbox 1977 803 2180 882; x_wconf 86' lang='lat' dir='ltr'><strong>templi</strong></span> <span class='ocrx_word' id='word_1_46' title='bbox 2225 822 2332 883; x_wconf 86' lang='lat' dir='ltr'><strong>per</strong></span> <span class='ocrx_word' id='word_1_47' title='bbox 2363 822 2568 864; x_wconf 89' lang='lat' dir='ltr'><strong>omnes</strong></span> <span class='ocrx_word' id='word_1_48' title='bbox 2599 820 2771 863; x_wconf 87' lang='lat' dir='ltr'><strong>casus</strong></span> 
     </span>
     <span class='ocr_line' id='line_1_6' title="bbox 229 904 2847 993; baseline -0.001 -24"><span class='ocrx_word' id='word_1_49' title='bbox 229 907 575 969; x_wconf 81' lang='lat' dir='ltr'><strong>declinantur.</strong></span> <span class='ocrx_word' id='word_1_50' title='bbox 666 922 821 967; x_wconf 90' lang='lat' dir='ltr'><strong>nunc</strong></span> <span class='ocrx_word' id='word_1_51' title='bbox 864 907 923 967; x_wconf 89' lang='lat' dir='ltr'><strong>in</strong></span> <span class='ocrx_word' id='word_1_52' title='bbox 968 906 1079 993; x_wconf 85' lang='lat' dir='ltr'><strong>hac</strong></span> <span class='ocrx_word' id='word_1_53' title='bbox 1134 924 1313 984; x_wconf 87' lang='lat' dir='ltr'><strong>supra</strong></span> <span class='ocrx_word' id='word_1_54' title='bbox 1358 908 1575 984; x_wconf 88' lang='lat' dir='ltr'><strong>scripta</strong></span> <span class='ocrx_word' id='word_1_55' title='bbox 1634 906 1826 967; x_wconf 78' lang='lat' dir='ltr'><strong>forma</strong></span> <span class='ocrx_word' id='word_1_56' title='bbox 1881 906 1996 967; x_wconf 86' lang='lat' dir='ltr'><strong>boc</strong></span> <span class='ocrx_word' id='word_1_57' title='bbox 2051 924 2384 977; x_wconf 89' lang='lat' dir='ltr'><strong>monemus,</strong></span> <span class='ocrx_word' id='word_1_58' title='bbox 2447 904 2602 985; x_wconf 85' lang='lat' dir='ltr'><strong>quod</strong></span> <span class='ocrx_word' id='word_1_59' title='bbox 2657 904 2768 965; x_wconf 89' lang='lat' dir='ltr'><strong>hoc</strong></span> <span class='ocrx_word' id='word_1_60' title='bbox 2822 929 2847 967; x_wconf 81' lang='lat' dir='ltr'><strong>s</strong></span> 
     </span>
     <span class='ocr_line' id='line_1_7' title="bbox 226 1007 2773 1088; baseline -0.002 -18"><span class='ocrx_word' id='word_1_61' title='bbox 226 1024 377 1071; x_wconf 83' lang='lat' dir='ltr'><strong>unum</strong></span> <span class='ocrx_word' id='word_1_62' title='bbox 420 1026 629 1068; x_wconf 90' lang='lat' dir='ltr'><strong>nomen</strong></span> <span class='ocrx_word' id='word_1_63' title='bbox 686 1009 1053 1087; x_wconf 81' lang='lat' dir='ltr'><strong>reperiatur,</strong></span> <span class='ocrx_word' id='word_1_64' title='bbox 1110 1008 1269 1088; x_wconf 90' lang='lat' dir='ltr'><strong>quod</strong></span> <span class='ocrx_word' id='word_1_65' title='bbox 1328 1018 1571 1087; x_wconf 87' lang='lat' dir='ltr'><strong>propter</strong></span> <span class='ocrx_word' id='word_1_66' title='bbox 1626 1008 1758 1067; x_wconf 89' lang='lat' dir='ltr'><strong>soni</strong></span> <span class='ocrx_word' id='word_1_67' title='bbox 1810 1008 2096 1069; x_wconf 83' lang='lat' dir='ltr'><strong>rationem</strong></span> <span class='ocrx_word' id='word_1_68' title='bbox 2153 1010 2422 1085; x_wconf 79' lang='lat' dir='ltr'><strong>genetivo</strong></span> <span class='ocrx_word' id='word_1_69' title='bbox 2467 1007 2657 1068; x_wconf 82' lang='lat' dir='ltr'><strong>dativo</strong></span> <span class='ocrx_word' id='word_1_70' title='bbox 2715 1013 2773 1066; x_wconf 89' lang='lat' dir='ltr'><strong>et</strong></span> 
     </span>
     <span class='ocr_line' id='line_1_8' title="bbox 224 1107 2774 1187; baseline -0.001 -15"><span class='ocrx_word' id='word_1_71' title='bbox 224 1110 439 1172; x_wconf 70' lang='lat' dir='ltr'><strong>ablativo</strong></span> <span class='ocrx_word' id='word_1_72' title='bbox 478 1128 615 1170; x_wconf 88' lang='lat' dir='ltr'><strong>casu</strong></span> <span class='ocrx_word' id='word_1_73' title='bbox 657 1110 889 1171; x_wconf 86' lang='lat' dir='ltr'><strong>numeri</strong></span> <span class='ocrx_word' id='word_1_74' title='bbox 932 1107 1175 1187; x_wconf 88' lang='lat' dir='ltr'><strong>pluralis</strong></span> <span class='ocrx_word' id='word_1_75' title='bbox 1218 1111 1303 1170; x_wconf 90' lang='lat' dir='ltr'><strong>sic</strong></span> <span class='ocrx_word' id='word_1_76' title='bbox 1342 1109 1609 1171; x_wconf 89' lang='lat' dir='ltr'><strong>anomale</strong></span> <span class='ocrx_word' id='word_1_77' title='bbox 1652 1110 2058 1171; x_wconf 83' lang='lat' dir='ltr'><strong>confirmatum</strong></span> <span class='ocrx_word' id='word_1_78' title='bbox 2105 1112 2180 1171; x_wconf 92' lang='lat' dir='ltr'><strong>sit</strong></span> <span class='ocrx_word' id='word_1_79' title='bbox 2223 1109 2532 1179; x_wconf 88' lang='lat' dir='ltr'><strong>declinari,</strong></span> <span class='ocrx_word' id='word_1_80' title='bbox 2587 1108 2646 1171; x_wconf 86' lang='lat' dir='ltr'><strong>id</strong></span> <span class='ocrx_word' id='word_1_81' title='bbox 2685 1118 2774 1171; x_wconf 91' lang='lat' dir='ltr'><strong>est</strong></span> 
     </span>
     <span class='ocr_line' id='line_1_9' title="bbox 226 1210 2772 1291; baseline -0 -19"><span class='ocrx_word' id='word_1_82' title='bbox 226 1214 407 1273; x_wconf 87' lang='lat' dir='ltr'><strong>horum</strong></span> <span class='ocrx_word' id='word_1_83' title='bbox 444 1214 717 1291; x_wconf 83' lang='lat' dir='ltr'><strong>iugerum</strong></span> <span class='ocrx_word' id='word_1_84' title='bbox 762 1210 853 1271; x_wconf 85' lang='lat' dir='ltr'><strong>his</strong></span> <span class='ocrx_word' id='word_1_85' title='bbox 897 1210 1200 1289; x_wconf 83' lang='lat' dir='ltr'><strong>iugeribus</strong></span> <span class='ocrx_word' id='word_1_86' title='bbox 1241 1210 1313 1271; x_wconf 91' lang='lat' dir='ltr'><strong>ab</strong></span> <span class='ocrx_word' id='word_1_87' title='bbox 1358 1212 1451 1271; x_wconf 89' lang='lat' dir='ltr'><strong>his</strong></span> <span class='ocrx_word' id='word_1_88' title='bbox 1489 1211 1828 1290; x_wconf 83' lang='lat' dir='ltr'><strong>iugeribus;</strong></span> <span class='ocrx_word' id='word_1_89' title='bbox 1887 1218 1946 1271; x_wconf 90' lang='lat' dir='ltr'><strong>at</strong></span> <span class='ocrx_word' id='word_1_90' title='bbox 1984 1230 2122 1273; x_wconf 87' lang='lat' dir='ltr'><strong>vero</strong></span> <span class='ocrx_word' id='word_1_91' title='bbox 2177 1230 2286 1290; x_wconf 86' lang='lat' dir='ltr'><strong>per</strong></span> <span class='ocrx_word' id='word_1_92' title='bbox 2329 1218 2560 1272; x_wconf 85' lang='lat' dir='ltr'><strong>ceteros</strong></span> <span class='ocrx_word' id='word_1_93' title='bbox 2592 1228 2772 1272; x_wconf 85' lang='lat' dir='ltr'><strong>casus</strong></span> 
     </span>
     <span class='ocr_line' id='line_1_10' title="bbox 222 1311 2772 1393; baseline -0.001 -18"><span class='ocrx_word' id='word_1_94' title='bbox 222 1314 277 1375; x_wconf 86' lang='lat' dir='ltr'><strong>ad</strong></span> <span class='ocrx_word' id='word_1_95' title='bbox 312 1331 511 1375; x_wconf 87' lang='lat' dir='ltr'><strong>sonum</strong></span> <span class='ocrx_word' id='word_1_96' title='bbox 554 1312 760 1391; x_wconf 88' lang='lat' dir='ltr'><strong>templi</strong></span> <span class='ocrx_word' id='word_1_97' title='bbox 804 1311 1020 1373; x_wconf 86' lang='lat' dir='ltr'><strong>debeat</strong></span> <span class='ocrx_word' id='word_1_98' title='bbox 1073 1312 1371 1373; x_wconf 85' lang='lat' dir='ltr'><strong>declinari.</strong></span> <span class='ocrx_word' id='word_1_99' title='bbox 1462 1332 1622 1375; x_wconf 90' lang='lat' dir='ltr'><strong>nunc</strong></span> <span class='ocrx_word' id='word_1_100' title='bbox 1678 1332 1791 1393; x_wconf 88' lang='lat' dir='ltr'><strong>qua</strong></span> <span class='ocrx_word' id='word_1_101' title='bbox 1837 1314 1910 1375; x_wconf 87' lang='lat' dir='ltr'><strong>de</strong></span> <span class='ocrx_word' id='word_1_102' title='bbox 1957 1332 2132 1375; x_wconf 82' lang='lat' dir='ltr'><strong>causa</strong></span> <span class='ocrx_word' id='word_1_103' title='bbox 2163 1331 2354 1393; x_wconf 65' lang='lat' dir='ltr'><strong>xsupra</strong></span> <span class='ocrx_word' id='word_1_104' title='bbox 2403 1313 2621 1375; x_wconf 86' lang='lat' dir='ltr'><strong>dictum</strong></span> <span class='ocrx_word' id='word_1_105' title='bbox 2665 1331 2772 1372; x_wconf 91' lang='lat' dir='ltr'><strong>no·</strong></span> 
     </span>
     <span class='ocr_line' id='line_1_11' title="bbox 222 1414 2844 1495; baseline 0.002 -20"><span class='ocrx_word' id='word_1_106' title='bbox 222 1435 331 1477; x_wconf 82' lang='lat' dir='ltr'><strong>men</strong></span> <span class='ocrx_word' id='word_1_107' title='bbox 381 1419 439 1475; x_wconf 90' lang='lat' dir='ltr'><strong>in</strong></span> <span class='ocrx_word' id='word_1_108' title='bbox 492 1434 675 1495; x_wconf 89' lang='lat' dir='ltr'><strong>supra</strong></span> <span class='ocrx_word' id='word_1_109' title='bbox 732 1416 901 1477; x_wconf 88' lang='lat' dir='ltr'><strong>dictis</strong></span> <span class='ocrx_word' id='word_1_110' title='bbox 952 1415 1185 1476; x_wconf 78' lang='lat' dir='ltr'><strong>casibus</strong></span> <span class='ocrx_word' id='word_1_111' title='bbox 1238 1423 1483 1495; x_wconf 79' lang='lat' dir='ltr'><strong>propter</strong></span> <span class='ocrx_word' id='word_1_112' title='bbox 1538 1432 1720 1477; x_wconf 87' lang='lat' dir='ltr'><strong>sonos</strong></span> <span class='ocrx_word' id='word_1_113' title='bbox 1776 1417 1862 1476; x_wconf 92' lang='lat' dir='ltr'><strong>sic</strong></span> <span class='ocrx_word' id='word_1_114' title='bbox 1916 1414 2184 1477; x_wconf 90' lang='lat' dir='ltr'><strong>anomale</strong></span> <span class='ocrx_word' id='word_1_115' title='bbox 2231 1416 2638 1477; x_wconf 82' lang='lat' dir='ltr'><strong>confirmatum</strong></span> <span class='ocrx_word' id='word_1_116' title='bbox 2693 1415 2766 1474; x_wconf 87' lang='lat' dir='ltr'><strong>sit</strong></span> <span class='ocrx_word' id='word_1_117' title='bbox 2795 1439 2844 1479; x_wconf 86' lang='grc' dir='ltr'><strong>ιο</strong></span> 
     </span>
     <span class='ocr_line' id='line_1_12' title="bbox 220 1515 2765 1597; baseline 0 -20"><span class='ocrx_word' id='word_1_118' title='bbox 220 1518 579 1597; x_wconf 82' lang='lat' dir='ltr'><strong>pronuntiari,</strong></span> <span class='ocrx_word' id='word_1_119' title='bbox 630 1536 767 1579; x_wconf 86' lang='lat' dir='ltr'><strong>cum</strong></span> <span class='ocrx_word' id='word_1_120' title='bbox 810 1518 881 1578; x_wconf 90' lang='lat' dir='ltr'><strong>ad</strong></span> <span class='ocrx_word' id='word_1_121' title='bbox 926 1518 1087 1595; x_wconf 88' lang='lat' dir='ltr'><strong>ipsos</strong></span> <span class='ocrx_word' id='word_1_122' title='bbox 1128 1534 1309 1578; x_wconf 90' lang='lat' dir='ltr'><strong>sonos</strong></span> <span class='ocrx_word' id='word_1_123' title='bbox 1352 1520 1717 1589; x_wconf 79' lang='lat' dir='ltr'><strong>venerimuS,</strong></span> <span class='ocrx_word' id='word_1_124' title='bbox 1775 1515 1895 1579; x_wconf 89' lang='lat' dir='ltr'><strong>illic</strong></span> <span class='ocrx_word' id='word_1_125' title='bbox 1935 1525 2318 1597; x_wconf 79' lang='lat' dir='ltr'><strong>conpetenter</strong></span> <span class='ocrx_word' id='word_1_126' title='bbox 2361 1515 2765 1578; x_wconf 86' lang='lat' dir='ltr'><strong>tractabimus.</strong></span> 
     </span>
     <span class='ocr_line' id='line_1_13' title="bbox 220 1618 2766 1700; baseline 0 -21"><span class='ocrx_word' id='word_1_127' title='bbox 220 1622 331 1679; x_wconf 81' lang='lat' dir='ltr'><strong>item</strong></span> <span class='ocrx_word' id='word_1_128' title='bbox 376 1621 433 1680; x_wconf 91' lang='lat' dir='ltr'><strong>in</strong></span> <span class='ocrx_word' id='word_1_129' title='bbox 484 1620 597 1680; x_wconf 86' lang='lat' dir='ltr'><strong>hac</strong></span> <span class='ocrx_word' id='word_1_130' title='bbox 656 1638 837 1699; x_wconf 88' lang='lat' dir='ltr'><strong>supra</strong></span> <span class='ocrx_word' id='word_1_131' title='bbox 880 1621 1099 1697; x_wconf 83' lang='lat' dir='ltr'><strong>scripta</strong></span> <span class='ocrx_word' id='word_1_132' title='bbox 1154 1618 1343 1679; x_wconf 79' lang='lat' dir='ltr'><strong>forma</strong></span> <span class='ocrx_word' id='word_1_133' title='bbox 1391 1619 1505 1680; x_wconf 90' lang='lat' dir='ltr'><strong>hoc</strong></span> <span class='ocrx_word' id='word_1_134' title='bbox 1558 1637 1900 1697; x_wconf 70' lang='lat' dir='ltr'><strong>munemne,</strong></span> <span class='ocrx_word' id='word_1_135' title='bbox 1958 1619 2116 1700; x_wconf 89' lang='lat' dir='ltr'><strong>quod</strong></span> <span class='ocrx_word' id='word_1_136' title='bbox 2167 1620 2314 1681; x_wconf 90' lang='lat' dir='ltr'><strong>haec</strong></span> <span class='ocrx_word' id='word_1_137' title='bbox 2367 1638 2468 1681; x_wconf 86' lang='lat' dir='ltr'><strong>sex</strong></span> <span class='ocrx_word' id='word_1_138' title='bbox 2524 1620 2766 1679; x_wconf 87' lang='lat' dir='ltr'><strong>nomina</strong></span> 
     </span>
     <span class='ocr_line' id='line_1_14' title="bbox 218 1719 2766 1799; baseline -0.001 -17"><span class='ocrx_word' id='word_1_139' title='bbox 218 1730 439 1791; x_wconf 82' lang='lat' dir='ltr'><strong>tantum,</strong></span> <span class='ocrx_word' id='word_1_140' title='bbox 496 1721 555 1782; x_wconf 88' lang='lat' dir='ltr'><strong>id</strong></span> <span class='ocrx_word' id='word_1_141' title='bbox 601 1727 695 1783; x_wconf 88' lang='lat' dir='ltr'><strong>est</strong></span> <span class='ocrx_word' id='word_1_142' title='bbox 738 1720 989 1782; x_wconf 86' lang='lat' dir='ltr'><strong>alterum</strong></span> <span class='ocrx_word' id='word_1_143' title='bbox 1034 1739 1217 1781; x_wconf 89' lang='lat' dir='ltr'><strong>unum</strong></span> <span class='ocrx_word' id='word_1_144' title='bbox 1263 1719 1717 1783; x_wconf 79' lang='lat' dir='ltr'><strong>nullumultum</strong></span> <span class='ocrx_word' id='word_1_145' title='bbox 1779 1721 1970 1783; x_wconf 88' lang='lat' dir='ltr'><strong>solum</strong></span> <span class='ocrx_word' id='word_1_146' title='bbox 2005 1730 2245 1793; x_wconf 70' lang='lat' dir='ltr'><strong>utrum,</strong></span> <span class='ocrx_word' id='word_1_147' title='bbox 2298 1739 2474 1799; x_wconf 89' lang='lat' dir='ltr'><strong>quam</strong></span> <span class='ocrx_word' id='word_1_148' title='bbox 2515 1722 2766 1783; x_wconf 84' lang='lat' dir='ltr'><strong>maxime</strong></span> 
     </span>
     <span class='ocr_line' id='line_1_15' title="bbox 220 1821 2766 1902; baseline 0 -20"><span class='ocrx_word' id='word_1_149' title='bbox 220 1831 427 1902; x_wconf 84' lang='lat' dir='ltr'><strong>propter</strong></span> <span class='ocrx_word' id='word_1_150' title='bbox 466 1831 801 1885; x_wconf 83' lang='lat' dir='ltr'><strong>structuras</strong></span> <span class='ocrx_word' id='word_1_151' title='bbox 856 1825 1125 1902; x_wconf 79' lang='lat' dir='ltr'><strong>genetivo</strong></span> <span class='ocrx_word' id='word_1_152' title='bbox 1180 1832 1239 1884; x_wconf 88' lang='lat' dir='ltr'><strong>et</strong></span> <span class='ocrx_word' id='word_1_153' title='bbox 1280 1822 1473 1885; x_wconf 86' lang='lat' dir='ltr'><strong>dativo</strong></span> <span class='ocrx_word' id='word_1_154' title='bbox 1524 1843 1661 1885; x_wconf 85' lang='lat' dir='ltr'><strong>casu</strong></span> <span class='ocrx_word' id='word_1_155' title='bbox 1717 1826 1951 1885; x_wconf 89' lang='lat' dir='ltr'><strong>numeri</strong></span> <span class='ocrx_word' id='word_1_156' title='bbox 1997 1823 2311 1901; x_wconf 85' lang='lat' dir='ltr'><strong>singularis</strong></span> <span class='ocrx_word' id='word_1_157' title='bbox 2363 1826 2446 1885; x_wconf 90' lang='lat' dir='ltr'><strong>sic</strong></span> <span class='ocrx_word' id='word_1_158' title='bbox 2499 1821 2766 1901; x_wconf 83' lang='lat' dir='ltr'><strong>anomale</strong></span> 
     </span>
     <span class='ocr_line' id='line_1_16' title="bbox 220 1924 2844 1996; baseline 0.002 -11"><span class='ocrx_word' id='word_1_159' title='bbox 220 1926 523 1987; x_wconf 80' lang='lat' dir='ltr'><strong>confirmata</strong></span> <span class='ocrx_word' id='word_1_160' title='bbox 576 1928 701 1987; x_wconf 89' lang='lat' dir='ltr'><strong>sint</strong></span> <span class='ocrx_word' id='word_1_161' title='bbox 756 1924 1068 1996; x_wconf 86' lang='lat' dir='ltr'><strong>declinari,</strong></span> <span class='ocrx_word' id='word_1_162' title='bbox 1126 1926 1184 1985; x_wconf 90' lang='lat' dir='ltr'><strong>id</strong></span> <span class='ocrx_word' id='word_1_163' title='bbox 1229 1933 1319 1987; x_wconf 87' lang='lat' dir='ltr'><strong>est</strong></span> <span class='ocrx_word' id='word_1_164' title='bbox 1366 1925 1541 1987; x_wconf 89' lang='lat' dir='ltr'><strong>huius</strong></span> <span class='ocrx_word' id='word_1_165' title='bbox 1596 1924 1837 1988; x_wconf 87' lang='lat' dir='ltr'><strong>alterius</strong></span> <span class='ocrx_word' id='word_1_166' title='bbox 1897 1926 2036 1987; x_wconf 89' lang='lat' dir='ltr'><strong>huic</strong></span> <span class='ocrx_word' id='word_1_167' title='bbox 2081 1926 2276 1987; x_wconf 85' lang='lat' dir='ltr'><strong>alteri:</strong></span> <span class='ocrx_word' id='word_1_168' title='bbox 2341 1928 2426 1987; x_wconf 88' lang='lat' dir='ltr'><strong>sic</strong></span> <span class='ocrx_word' id='word_1_169' title='bbox 2472 1933 2530 1986; x_wconf 87' lang='lat' dir='ltr'><strong>et</strong></span> <span class='ocrx_word' id='word_1_170' title='bbox 2571 1932 2766 1986; x_wconf 87' lang='lat' dir='ltr'><strong>cetera</strong></span> <span class='ocrx_word' id='word_1_171' title='bbox 2797 1948 2844 1989; x_wconf 73' lang='grc' dir='ltr'><strong>ιε»</strong></span> 
     </span>
     <span class='ocr_line' id='line_1_17' title="bbox 220 2024 2766 2107; baseline 0 -20"><span class='ocrx_word' id='word_1_172' title='bbox 220 2045 365 2107; x_wconf 85' lang='lat' dir='ltr'><strong>supra</strong></span> <span class='ocrx_word' id='word_1_173' title='bbox 406 2030 626 2107; x_wconf 85' lang='lat' dir='ltr'><strong>scripta</strong></span> <span class='ocrx_word' id='word_1_174' title='bbox 687 2028 925 2088; x_wconf 89' lang='lat' dir='ltr'><strong>nomina</strong></span> <span class='ocrx_word' id='word_1_175' title='bbox 978 2028 1040 2087; x_wconf 85' lang='lat' dir='ltr'><strong>in</strong></span> <span class='ocrx_word' id='word_1_176' title='bbox 1094 2046 1271 2105; x_wconf 89' lang='lat' dir='ltr'><strong>supra</strong></span> <span class='ocrx_word' id='word_1_177' title='bbox 1318 2027 1489 2089; x_wconf 89' lang='lat' dir='ltr'><strong>dictis</strong></span> <span class='ocrx_word' id='word_1_178' title='bbox 1538 2026 1774 2089; x_wconf 82' lang='lat' dir='ltr'><strong>casibus</strong></span> <span class='ocrx_word' id='word_1_179' title='bbox 1829 2028 1902 2089; x_wconf 86' lang='lat' dir='ltr'><strong>ad</strong></span> <span class='ocrx_word' id='word_1_180' title='bbox 1958 2028 2116 2089; x_wconf 89' lang='lat' dir='ltr'><strong>hunc</strong></span> <span class='ocrx_word' id='word_1_181' title='bbox 2167 2046 2378 2088; x_wconf 89' lang='lat' dir='ltr'><strong>sonum</strong></span> <span class='ocrx_word' id='word_1_182' title='bbox 2434 2024 2766 2089; x_wconf 87' lang='lat' dir='ltr'><strong>anomalum</strong></span> 
     </span>
     <span class='ocr_line' id='line_1_18' title="bbox 218 2128 2772 2208; baseline 0 -21"><span class='ocrx_word' id='word_1_183' title='bbox 218 2146 421 2191; x_wconf 83' lang='lat' dir='ltr'><strong>necesse</strong></span> <span class='ocrx_word' id='word_1_184' title='bbox 462 2137 555 2190; x_wconf 85' lang='lat' dir='ltr'><strong>est</strong></span> <span class='ocrx_word' id='word_1_185' title='bbox 598 2130 1002 2207; x_wconf 86' lang='lat' dir='ltr'><strong>pronuntiari;</strong></span> <span class='ocrx_word' id='word_1_186' title='bbox 1049 2136 1107 2189; x_wconf 89' lang='lat' dir='ltr'><strong>at</strong></span> <span class='ocrx_word' id='word_1_187' title='bbox 1138 2147 1278 2190; x_wconf 87' lang='lat' dir='ltr'><strong>vero</strong></span> <span class='ocrx_word' id='word_1_188' title='bbox 1314 2146 1425 2207; x_wconf 87' lang='lat' dir='ltr'><strong>per</strong></span> <span class='ocrx_word' id='word_1_189' title='bbox 1455 2136 1685 2191; x_wconf 84' lang='lat' dir='ltr'><strong>ceteros</strong></span> <span class='ocrx_word' id='word_1_190' title='bbox 1717 2148 1886 2191; x_wconf 88' lang='lat' dir='ltr'><strong>casus</strong></span> <span class='ocrx_word' id='word_1_191' title='bbox 1923 2129 1996 2191; x_wconf 89' lang='lat' dir='ltr'><strong>ad</strong></span> <span class='ocrx_word' id='word_1_192' title='bbox 2035 2147 2245 2191; x_wconf 90' lang='lat' dir='ltr'><strong>sonum</strong></span> <span class='ocrx_word' id='word_1_193' title='bbox 2275 2129 2478 2208; x_wconf 86' lang='lat' dir='ltr'><strong>templi</strong></span> <span class='ocrx_word' id='word_1_194' title='bbox 2517 2128 2772 2190; x_wconf 85' lang='lat' dir='ltr'><strong>debeant</strong></span> 
     </span>
     <span class='ocr_line' id='line_1_19' title="bbox 218 2230 2771 2311; baseline 0 -22"><span class='ocrx_word' id='word_1_195' title='bbox 218 2230 477 2292; x_wconf 86' lang='lat' dir='ltr'><strong>declinari.</strong></span> <span class='ocrx_word' id='word_1_196' title='bbox 536 2250 705 2292; x_wconf 88' lang='lat' dir='ltr'><strong>nunc</strong></span> <span class='ocrx_word' id='word_1_197' title='bbox 734 2233 910 2293; x_wconf 86' lang='lat' dir='ltr'><strong>etiam</strong></span> <span class='ocrx_word' id='word_1_198' title='bbox 955 2231 1070 2291; x_wconf 92' lang='lat' dir='ltr'><strong>hoc</strong></span> <span class='ocrx_word' id='word_1_199' title='bbox 1112 2249 1438 2302; x_wconf 79' lang='lat' dir='ltr'><strong>monemuS,</strong></span> <span class='ocrx_word' id='word_1_200' title='bbox 1475 2232 1635 2311; x_wconf 89' lang='lat' dir='ltr'><strong>quod</strong></span> <span class='ocrx_word' id='word_1_201' title='bbox 1679 2233 1828 2294; x_wconf 86' lang='lat' dir='ltr'><strong>haec</strong></span> <span class='ocrx_word' id='word_1_202' title='bbox 1858 2249 2035 2310; x_wconf 86' lang='lat' dir='ltr'><strong>supra</strong></span> <span class='ocrx_word' id='word_1_203' title='bbox 2067 2232 2220 2293; x_wconf 88' lang='lat' dir='ltr'><strong>dicta</strong></span> <span class='ocrx_word' id='word_1_204' title='bbox 2250 2233 2486 2292; x_wconf 89' lang='lat' dir='ltr'><strong>nomina</strong></span> <span class='ocrx_word' id='word_1_205' title='bbox 2527 2237 2771 2310; x_wconf 86' lang='lat' dir='ltr'><strong>propter</strong></span> 
     </span>
     <span class='ocr_line' id='line_1_20' title="bbox 217 2332 2768 2412; baseline 0 -22"><span class='ocrx_word' id='word_1_206' title='bbox 217 2342 371 2393; x_wconf 85' lang='lat' dir='ltr'><strong>metra</strong></span> <span class='ocrx_word' id='word_1_207' title='bbox 420 2334 479 2393; x_wconf 89' lang='lat' dir='ltr'><strong>in</strong></span> <span class='ocrx_word' id='word_1_208' title='bbox 524 2334 722 2395; x_wconf 86' lang='lat' dir='ltr'><strong>isdem</strong></span> <span class='ocrx_word' id='word_1_209' title='bbox 760 2351 941 2412; x_wconf 85' lang='lat' dir='ltr'><strong>supra</strong></span> <span class='ocrx_word' id='word_1_210' title='bbox 982 2334 1149 2394; x_wconf 89' lang='lat' dir='ltr'><strong>dictis</strong></span> <span class='ocrx_word' id='word_1_211' title='bbox 1195 2332 1428 2395; x_wconf 87' lang='lat' dir='ltr'><strong>casibus</strong></span> <span class='ocrx_word' id='word_1_212' title='bbox 1482 2343 1541 2395; x_wconf 89' lang='lat' dir='ltr'><strong>et</strong></span> <span class='ocrx_word' id='word_1_213' title='bbox 1582 2334 1852 2397; x_wconf 89' lang='lat' dir='ltr'><strong>anomale</strong></span> <span class='ocrx_word' id='word_1_214' title='bbox 1909 2341 1968 2395; x_wconf 87' lang='lat' dir='ltr'><strong>et</strong></span> <span class='ocrx_word' id='word_1_215' title='bbox 2009 2352 2129 2395; x_wconf 90' lang='lat' dir='ltr'><strong>non</strong></span> <span class='ocrx_word' id='word_1_216' title='bbox 2173 2332 2436 2395; x_wconf 87' lang='lat' dir='ltr'><strong>anomale</strong></span> <span class='ocrx_word' id='word_1_217' title='bbox 2485 2333 2768 2412; x_wconf 85' lang='lat' dir='ltr'><strong>permissa</strong></span> 
     </span>
     <span class='ocr_line' id='line_1_21' title="bbox 216 2428 2849 2517; baseline 0.003 -24"><span class='ocrx_word' id='word_1_218' title='bbox 216 2434 306 2494; x_wconf 83' lang='lat' dir='ltr'><strong>sint</strong></span> <span class='ocrx_word' id='word_1_219' title='bbox 350 2434 655 2495; x_wconf 86' lang='lat' dir='ltr'><strong>declinari.</strong></span> <span class='ocrx_word' id='word_1_220' title='bbox 748 2436 850 2496; x_wconf 86' lang='lat' dir='ltr'><strong>sed</strong></span> <span class='ocrx_word' id='word_1_221' title='bbox 910 2435 1059 2497; x_wconf 87' lang='lat' dir='ltr'><strong>baec</strong></span> <span class='ocrx_word' id='word_1_222' title='bbox 1121 2437 1357 2497; x_wconf 86' lang='lat' dir='ltr'><strong>nomina</strong></span> <span class='ocrx_word' id='word_1_223' title='bbox 1420 2455 1537 2517; x_wconf 89' lang='lat' dir='ltr'><strong>qua</strong></span> <span class='ocrx_word' id='word_1_224' title='bbox 1578 2428 1667 2498; x_wconf 59' lang='lat' dir='ltr'><strong>&#39;de</strong></span> <span class='ocrx_word' id='word_1_225' title='bbox 1723 2455 1896 2499; x_wconf 90' lang='lat' dir='ltr'><strong>causa</strong></span> <span class='ocrx_word' id='word_1_226' title='bbox 1955 2437 2014 2495; x_wconf 88' lang='lat' dir='ltr'><strong>in</strong></span> <span class='ocrx_word' id='word_1_227' title='bbox 2070 2454 2250 2514; x_wconf 87' lang='lat' dir='ltr'><strong>supra</strong></span> <span class='ocrx_word' id='word_1_228' title='bbox 2315 2436 2482 2496; x_wconf 87' lang='lat' dir='ltr'><strong>dictis</strong></span> <span class='ocrx_word' id='word_1_229' title='bbox 2539 2432 2772 2495; x_wconf 79' lang='lat' dir='ltr'><strong>casibus</strong></span> <span class='ocrx_word' id='word_1_230' title='bbox 2797 2460 2849 2499; x_wconf 61' lang='grc' dir='ltr'><strong>πο</strong></span> 
     </span>
     <span class='ocr_line' id='line_1_22' title="bbox 216 2533 2776 2618; baseline 0 -23"><span class='ocrx_word' id='word_1_231' title='bbox 216 2544 422 2613; x_wconf 83' lang='lat' dir='ltr'><strong>propter</strong></span> <span class='ocrx_word' id='word_1_232' title='bbox 464 2545 807 2598; x_wconf 79' lang='lat' dir='ltr'><strong>structuras</strong></span> <span class='ocrx_word' id='word_1_233' title='bbox 865 2540 949 2599; x_wconf 91' lang='lat' dir='ltr'><strong>sic</strong></span> <span class='ocrx_word' id='word_1_234' title='bbox 998 2537 1269 2607; x_wconf 80' lang='lat' dir='ltr'><strong>,anomale</strong></span> <span class='ocrx_word' id='word_1_235' title='bbox 1325 2540 1665 2599; x_wconf 84' lang='lat' dir='ltr'><strong>confirmata</strong></span> <span class='ocrx_word' id='word_1_236' title='bbox 1727 2540 1844 2599; x_wconf 90' lang='lat' dir='ltr'><strong>sint</strong></span> <span class='ocrx_word' id='word_1_237' title='bbox 1900 2538 2272 2617; x_wconf 79' lang='lat' dir='ltr'><strong>pronuntiari</strong></span> <span class='ocrx_word' id='word_1_238' title='bbox 2325 2545 2385 2599; x_wconf 90' lang='lat' dir='ltr'><strong>et</strong></span> <span class='ocrx_word' id='word_1_239' title='bbox 2437 2537 2496 2596; x_wconf 87' lang='lat' dir='ltr'><strong>in</strong></span> <span class='ocrx_word' id='word_1_240' title='bbox 2553 2533 2776 2618; x_wconf 73' lang='lat' dir='ltr'><strong>meltris</strong></span> 
     </span>
     <span class='ocr_line' id='line_1_23' title="bbox 218 2638 2774 2719; baseline -0 -22"><span class='ocrx_word' id='word_1_241' title='bbox 218 2638 447 2700; x_wconf 80' lang='lat' dir='ltr'><strong>anomale</strong></span> <span class='ocrx_word' id='word_1_242' title='bbox 488 2646 551 2701; x_wconf 86' lang='lat' dir='ltr'><strong>et</strong></span> <span class='ocrx_word' id='word_1_243' title='bbox 592 2657 721 2700; x_wconf 91' lang='lat' dir='ltr'><strong>non</strong></span> <span class='ocrx_word' id='word_1_244' title='bbox 762 2639 1031 2701; x_wconf 89' lang='lat' dir='ltr'><strong>anomale</strong></span> <span class='ocrx_word' id='word_1_245' title='bbox 1072 2641 1359 2719; x_wconf 85' lang='lat' dir='ltr'><strong>permissa</strong></span> <span class='ocrx_word' id='word_1_246' title='bbox 1403 2642 1520 2700; x_wconf 88' lang='lat' dir='ltr'><strong>sint</strong></span> <span class='ocrx_word' id='word_1_247' title='bbox 1564 2639 1876 2711; x_wconf 86' lang='lat' dir='ltr'><strong>declinari,</strong></span> <span class='ocrx_word' id='word_1_248' title='bbox 1929 2658 2064 2701; x_wconf 90' lang='lat' dir='ltr'><strong>cum</strong></span> <span class='ocrx_word' id='word_1_249' title='bbox 2109 2639 2182 2701; x_wconf 92' lang='lat' dir='ltr'><strong>ad</strong></span> <span class='ocrx_word' id='word_1_250' title='bbox 2225 2639 2512 2701; x_wconf 88' lang='lat' dir='ltr'><strong>rationem</strong></span> <span class='ocrx_word' id='word_1_251' title='bbox 2557 2644 2774 2698; x_wconf 87' lang='lat' dir='ltr'><strong>metro·</strong></span> 
     </span>
     <span class='ocr_line' id='line_1_24' title="bbox 218 2740 2772 2820; baseline -0.001 -19"><span class='ocrx_word' id='word_1_252' title='bbox 218 2758 320 2801; x_wconf 82' lang='lat' dir='ltr'><strong>rum</strong></span> <span class='ocrx_word' id='word_1_253' title='bbox 358 2741 445 2801; x_wconf 79' lang='lat' dir='ltr'><strong>vel</strong></span> <span class='ocrx_word' id='word_1_254' title='bbox 490 2749 939 2803; x_wconf 80' lang='lat' dir='ltr'><strong>structurarum</strong></span> <span class='ocrx_word' id='word_1_255' title='bbox 993 2744 1361 2813; x_wconf 78' lang='lat' dir='ltr'><strong>venerimuS,</strong></span> <span class='ocrx_word' id='word_1_256' title='bbox 1417 2741 1539 2803; x_wconf 89' lang='lat' dir='ltr'><strong>illic</strong></span> <span class='ocrx_word' id='word_1_257' title='bbox 1590 2749 1976 2820; x_wconf 83' lang='lat' dir='ltr'><strong>conpetenter</strong></span> <span class='ocrx_word' id='word_1_258' title='bbox 2023 2740 2422 2803; x_wconf 82' lang='lat' dir='ltr'><strong>tractabimus.</strong></span> <span class='ocrx_word' id='word_1_259' title='bbox 2511 2757 2670 2801; x_wconf 87' lang='lat' dir='ltr'><strong>nunc</strong></span> <span class='ocrx_word' id='word_1_260' title='bbox 2713 2740 2772 2799; x_wconf 90' lang='lat' dir='ltr'><strong>in</strong></span> 
     </span>
     <span class='ocr_line' id='line_1_25' title="bbox 216 2840 2774 2924; baseline 0 -23"><span class='ocrx_word' id='word_1_261' title='bbox 216 2840 299 2901; x_wconf 84' lang='lat' dir='ltr'><strong>bac</strong></span> <span class='ocrx_word' id='word_1_262' title='bbox 338 2842 523 2905; x_wconf 84' lang='lat' dir='ltr'><strong>sonna</strong></span> <span class='ocrx_word' id='word_1_263' title='bbox 564 2846 811 2923; x_wconf 84' lang='lat' dir='ltr'><strong>generis</strong></span> <span class='ocrx_word' id='word_1_264' title='bbox 854 2846 1069 2911; x_wconf 86' lang='lat' dir='ltr'><strong>neutri.</strong></span> <span class='ocrx_word' id='word_1_265' title='bbox 1120 2864 1232 2924; x_wconf 90' lang='lat' dir='ltr'><strong>qua</strong></span> <span class='ocrx_word' id='word_1_266' title='bbox 1276 2844 1533 2905; x_wconf 83' lang='lat' dir='ltr'><strong>diximus</strong></span> <span class='ocrx_word' id='word_1_267' title='bbox 1576 2844 1828 2905; x_wconf 85' lang='lat' dir='ltr'><strong>ablativo</strong></span> <span class='ocrx_word' id='word_1_268' title='bbox 1868 2864 2010 2906; x_wconf 90' lang='lat' dir='ltr'><strong>casu</strong></span> <span class='ocrx_word' id='word_1_269' title='bbox 2050 2846 2280 2904; x_wconf 90' lang='lat' dir='ltr'><strong>numeri</strong></span> <span class='ocrx_word' id='word_1_270' title='bbox 2315 2840 2625 2921; x_wconf 84' lang='lat' dir='ltr'><strong>singularis</strong></span> <span class='ocrx_word' id='word_1_271' title='bbox 2669 2859 2774 2901; x_wconf 88' lang='lat' dir='ltr'><strong>no·</strong></span> 
     </span>
     <span class='ocr_line' id='line_1_26' title="bbox 216 2942 2852 3024; baseline 0.003 -24"><span class='ocrx_word' id='word_1_272' title='bbox 216 2945 343 3005; x_wconf 85' lang='lat' dir='ltr'><strong>mina</strong></span> <span class='ocrx_word' id='word_1_273' title='bbox 374 2964 409 3005; x_wconf 89' lang='lat' dir='ltr'><strong>o</strong></span> <span class='ocrx_word' id='word_1_274' title='bbox 468 2944 673 3007; x_wconf 80' lang='lat' dir='ltr'><strong>littera</strong></span> <span class='ocrx_word' id='word_1_275' title='bbox 730 2947 1033 3007; x_wconf 88' lang='lat' dir='ltr'><strong>terminari</strong></span> <span class='ocrx_word' id='word_1_276' title='bbox 1088 2955 1147 3007; x_wconf 88' lang='lat' dir='ltr'><strong>et</strong></span> <span class='ocrx_word' id='word_1_277' title='bbox 1192 2947 1548 3007; x_wconf 88' lang='lat' dir='ltr'><strong>nominativo</strong></span> <span class='ocrx_word' id='word_1_278' title='bbox 1595 2964 1737 3007; x_wconf 89' lang='lat' dir='ltr'><strong>casu</strong></span> <span class='ocrx_word' id='word_1_279' title='bbox 1786 2947 2020 3007; x_wconf 88' lang='lat' dir='ltr'><strong>numeri</strong></span> <span class='ocrx_word' id='word_1_280' title='bbox 2061 2945 2370 3024; x_wconf 84' lang='lat' dir='ltr'><strong>singularis</strong></span> <span class='ocrx_word' id='word_1_281' title='bbox 2415 2964 2512 3007; x_wconf 89' lang='lat' dir='ltr'><strong>um</strong></span> <span class='ocrx_word' id='word_1_282' title='bbox 2567 2942 2776 3005; x_wconf 86' lang='lat' dir='ltr'><strong>litteris</strong></span> <span class='ocrx_word' id='word_1_283' title='bbox 2801 2968 2852 3008; x_wconf 74' lang='lat'><strong>25</strong></span> 
     </span>
     <span class='ocr_line' id='line_1_27' title="bbox 217 3044 2775 3129; baseline 0 -23"><span class='ocrx_word' id='word_1_284' title='bbox 217 3054 319 3123; x_wconf 80' lang='lat' dir='ltr'><strong>post</strong></span> <span class='ocrx_word' id='word_1_285' title='bbox 357 3058 791 3109; x_wconf 89' lang='lat' dir='ltr'><strong>consonantem</strong></span> <span class='ocrx_word' id='word_1_286' title='bbox 832 3048 1100 3119; x_wconf 73' lang='lat' dir='ltr'><strong>definiri„</strong></span> <span class='ocrx_word' id='word_1_287' title='bbox 1140 3049 1255 3110; x_wconf 89' lang='lat' dir='ltr'><strong>hoc</strong></span> <span class='ocrx_word' id='word_1_288' title='bbox 1296 3066 1637 3117; x_wconf 88' lang='lat' dir='ltr'><strong>monemus,</strong></span> <span class='ocrx_word' id='word_1_289' title='bbox 1698 3047 1856 3129; x_wconf 85' lang='lat' dir='ltr'><strong>quod</strong></span> <span class='ocrx_word' id='word_1_290' title='bbox 1900 3067 1968 3109; x_wconf 87' lang='lat' dir='ltr'><strong>ex</strong></span> <span class='ocrx_word' id='word_1_291' title='bbox 2011 3066 2078 3108; x_wconf 81' lang='lat' dir='ltr'><strong>ea</strong></span> <span class='ocrx_word' id='word_1_292' title='bbox 2119 3066 2291 3127; x_wconf 87' lang='lat' dir='ltr'><strong>quam</strong></span> <span class='ocrx_word' id='word_1_293' title='bbox 2341 3044 2579 3125; x_wconf 87' lang='lat' dir='ltr'><strong>plurimi</strong></span> <span class='ocrx_word' id='word_1_294' title='bbox 2627 3048 2775 3120; x_wconf 86' lang='lat' dir='ltr'><strong>soni,</strong></span> 
     </span>
     <span class='ocr_line' id='line_1_28' title="bbox 218 3146 2774 3233; baseline 0 -26"><span class='ocrx_word' id='word_1_295' title='bbox 218 3146 305 3207; x_wconf 84' lang='lat' dir='ltr'><strong>hoc</strong></span> <span class='ocrx_word' id='word_1_296' title='bbox 344 3158 431 3211; x_wconf 65' lang='lat' dir='ltr'><strong>est</strong></span> <span class='ocrx_word' id='word_1_297' title='bbox 467 3168 659 3230; x_wconf 86' lang='lat' dir='ltr'><strong>quam</strong></span> <span class='ocrx_word' id='word_1_298' title='bbox 706 3149 963 3229; x_wconf 87' lang='lat' dir='ltr'><strong>plurima</strong></span> <span class='ocrx_word' id='word_1_299' title='bbox 1007 3152 1263 3219; x_wconf 88' lang='lat' dir='ltr'><strong>nomina,</strong></span> <span class='ocrx_word' id='word_1_300' title='bbox 1301 3152 1529 3229; x_wconf 89' lang='lat' dir='ltr'><strong>possint</strong></span> <span class='ocrx_word' id='word_1_301' title='bbox 1561 3150 1846 3213; x_wconf 86' lang='lat' dir='ltr'><strong>exhiberi.</strong></span> <span class='ocrx_word' id='word_1_302' title='bbox 1877 3146 1904 3233; x_wconf 78' lang='grc' dir='ltr'><strong>ΙΙ</strong></span> <span class='ocrx_word' id='word_1_303' title='bbox 1936 3150 2009 3210; x_wconf 89' lang='lat' dir='ltr'><strong>de</strong></span> <span class='ocrx_word' id='word_1_304' title='bbox 2055 3150 2240 3210; x_wconf 77' lang='lat' dir='ltr'><strong>forma</strong></span> <span class='ocrx_word' id='word_1_305' title='bbox 2285 3151 2520 3227; x_wconf 85' lang='lat' dir='ltr'><strong>generis</strong></span> <span class='ocrx_word' id='word_1_306' title='bbox 2562 3150 2774 3219; x_wconf 89' lang='lat' dir='ltr'><strong>neutri,</strong></span> 
     </span>
     <span class='ocr_line' id='line_1_29' title="bbox 216 3251 2778 3330; baseline 0 -20"><span class='ocrx_word' id='word_1_307' title='bbox 216 3268 305 3327; x_wconf 86' lang='lat' dir='ltr'><strong>qua</strong></span> <span class='ocrx_word' id='word_1_308' title='bbox 344 3252 599 3313; x_wconf 83' lang='lat' dir='ltr'><strong>ablativo</strong></span> <span class='ocrx_word' id='word_1_309' title='bbox 641 3270 787 3313; x_wconf 87' lang='lat' dir='ltr'><strong>casu</strong></span> <span class='ocrx_word' id='word_1_310' title='bbox 833 3254 1066 3314; x_wconf 86' lang='lat' dir='ltr'><strong>numeri</strong></span> <span class='ocrx_word' id='word_1_311' title='bbox 1108 3252 1423 3330; x_wconf 84' lang='lat' dir='ltr'><strong>singularis</strong></span> <span class='ocrx_word' id='word_1_312' title='bbox 1464 3254 1700 3313; x_wconf 87' lang='lat' dir='ltr'><strong>nomina</strong></span> <span class='ocrx_word' id='word_1_313' title='bbox 1743 3271 1778 3311; x_wconf 92' lang='lat' dir='ltr'><strong>o</strong></span> <span class='ocrx_word' id='word_1_314' title='bbox 1821 3251 2014 3313; x_wconf 88' lang='lat' dir='ltr'><strong>littera</strong></span> <span class='ocrx_word' id='word_1_315' title='bbox 2055 3253 2444 3313; x_wconf 87' lang='lat' dir='ltr'><strong>terminantur</strong></span> <span class='ocrx_word' id='word_1_316' title='bbox 2491 3258 2548 3312; x_wconf 90' lang='lat' dir='ltr'><strong>et</strong></span> <span class='ocrx_word' id='word_1_317' title='bbox 2591 3251 2778 3310; x_wconf 87' lang='lat' dir='ltr'><strong>nomi·</strong></span> 
     </span>
     <span class='ocr_line' id='line_1_30' title="bbox 219 3353 2778 3435; baseline 0.003 -27"><span class='ocrx_word' id='word_1_318' title='bbox 219 3354 373 3413; x_wconf 76' lang='lat' dir='ltr'><strong>nativo</strong></span> <span class='ocrx_word' id='word_1_319' title='bbox 408 3373 553 3415; x_wconf 87' lang='lat' dir='ltr'><strong>casu</strong></span> <span class='ocrx_word' id='word_1_320' title='bbox 624 3356 865 3415; x_wconf 88' lang='lat' dir='ltr'><strong>numeri</strong></span> <span class='ocrx_word' id='word_1_321' title='bbox 920 3353 1231 3432; x_wconf 79' lang='lat' dir='ltr'><strong>singularis</strong></span> <span class='ocrx_word' id='word_1_322' title='bbox 1284 3372 1383 3415; x_wconf 88' lang='lat' dir='ltr'><strong>um</strong></span> <span class='ocrx_word' id='word_1_323' title='bbox 1441 3354 1649 3416; x_wconf 84' lang='lat' dir='ltr'><strong>litteris</strong></span> <span class='ocrx_word' id='word_1_324' title='bbox 1715 3361 1852 3435; x_wconf 89' lang='lat' dir='ltr'><strong>post</strong></span> <span class='ocrx_word' id='word_1_325' title='bbox 1913 3362 2332 3415; x_wconf 84' lang='lat' dir='ltr'><strong>consonantem</strong></span> <span class='ocrx_word' id='word_1_326' title='bbox 2401 3353 2778 3423; x_wconf 83' lang='lat' dir='ltr'><strong>definiuntur,</strong></span> 
     </span>
     <span class='ocr_line' id='line_1_31' title="bbox 219 3450 2856 3535; baseline 0.002 -20"><span class='ocrx_word' id='word_1_327' title='bbox 219 3466 460 3529; x_wconf 82' lang='lat' dir='ltr'><strong>quantum</strong></span> <span class='ocrx_word' id='word_1_328' title='bbox 482 3450 669 3519; x_wconf 75' lang='lat' dir='ltr'><strong>&#39;ratio</strong></span> <span class='ocrx_word' id='word_1_329' title='bbox 709 3456 1007 3535; x_wconf 85' lang='lat' dir='ltr'><strong>poscebat,</strong></span> <span class='ocrx_word' id='word_1_330' title='bbox 1055 3459 1450 3519; x_wconf 83' lang='lat' dir='ltr'><strong>tractavimus.</strong></span> <span class='ocrx_word' id='word_1_331' title='bbox 2803 3478 2856 3520; x_wconf 72' lang='lat' dir='ltr'><strong>so</strong></span> 
     </span>
     <span class='ocr_line' id='line_1_32' title="bbox 354 3558 2780 3638; baseline 0 -19"><span class='ocrx_word' id='word_1_332' title='bbox 354 3559 431 3619; x_wconf 83' lang='lat' dir='ltr'><strong>De</strong></span> <span class='ocrx_word' id='word_1_333' title='bbox 475 3578 641 3620; x_wconf 88' lang='lat' dir='ltr'><strong>eum.</strong></span> <span class='ocrx_word' id='word_1_334' title='bbox 738 3576 1145 3638; x_wconf 88' lang='lat' dir='ltr'><strong>quaecumque</strong></span> <span class='ocrx_word' id='word_1_335' title='bbox 1210 3559 1447 3619; x_wconf 90' lang='lat' dir='ltr'><strong>nomina</strong></span> <span class='ocrx_word' id='word_1_336' title='bbox 1510 3561 1748 3637; x_wconf 85' lang='lat' dir='ltr'><strong>generis</strong></span> <span class='ocrx_word' id='word_1_337' title='bbox 1795 3560 1990 3621; x_wconf 88' lang='lat' dir='ltr'><strong>neutri</strong></span> <span class='ocrx_word' id='word_1_338' title='bbox 2049 3558 2298 3621; x_wconf 84' lang='lat' dir='ltr'><strong>ablativo</strong></span> <span class='ocrx_word' id='word_1_339' title='bbox 2352 3578 2489 3619; x_wconf 88' lang='lat' dir='ltr'><strong>casu</strong></span> <span class='ocrx_word' id='word_1_340' title='bbox 2549 3560 2780 3619; x_wconf 84' lang='lat' dir='ltr'><strong>numeri</strong></span> 
     </span>
     <span class='ocr_line' id='line_1_33' title="bbox 220 3660 2780 3740; baseline 0.002 -24"><span class='ocrx_word' id='word_1_341' title='bbox 220 3660 493 3735; x_wconf 81' lang='lat' dir='ltr'><strong>singularis</strong></span> <span class='ocrx_word' id='word_1_342' title='bbox 540 3682 580 3721; x_wconf 90' lang='lat' dir='ltr'><strong>o</strong></span> <span class='ocrx_word' id='word_1_343' title='bbox 628 3660 829 3721; x_wconf 86' lang='lat' dir='ltr'><strong>littera</strong></span> <span class='ocrx_word' id='word_1_344' title='bbox 874 3662 1267 3722; x_wconf 83' lang='lat' dir='ltr'><strong>terminantur</strong></span> <span class='ocrx_word' id='word_1_345' title='bbox 1317 3669 1377 3721; x_wconf 88' lang='lat' dir='ltr'><strong>et</strong></span> <span class='ocrx_word' id='word_1_346' title='bbox 1420 3662 1772 3723; x_wconf 79' lang='lat' dir='ltr'><strong>nominativo</strong></span> <span class='ocrx_word' id='word_1_347' title='bbox 1818 3680 1956 3723; x_wconf 91' lang='lat' dir='ltr'><strong>casu</strong></span> <span class='ocrx_word' id='word_1_348' title='bbox 2015 3663 2248 3723; x_wconf 86' lang='lat' dir='ltr'><strong>numeri</strong></span> <span class='ocrx_word' id='word_1_349' title='bbox 2287 3660 2602 3740; x_wconf 87' lang='lat' dir='ltr'><strong>singularis</strong></span> <span class='ocrx_word' id='word_1_350' title='bbox 2647 3680 2780 3723; x_wconf 89' lang='lat' dir='ltr'><strong>eum</strong></span> 
     </span>
     <span class='ocr_line' id='line_1_34' title="bbox 221 3757 2780 3840; baseline 0.003 -23"><span class='ocrx_word' id='word_1_351' title='bbox 221 3757 389 3821; x_wconf 80' lang='lat' dir='ltr'><strong>litteris</strong></span> <span class='ocrx_word' id='word_1_352' title='bbox 426 3764 821 3833; x_wconf 84' lang='lat' dir='ltr'><strong>definiuntur,</strong></span> <span class='ocrx_word' id='word_1_353' title='bbox 868 3769 931 3823; x_wconf 89' lang='lat' dir='ltr'><strong>ut</strong></span> <span class='ocrx_word' id='word_1_354' title='bbox 970 3770 1109 3840; x_wconf 88' lang='lat' dir='ltr'><strong>puta</strong></span> <span class='ocrx_word' id='word_1_355' title='bbox 1146 3762 1219 3825; x_wconf 90' lang='lat' dir='ltr'><strong>ab</strong></span> <span class='ocrx_word' id='word_1_356' title='bbox 1266 3763 1380 3824; x_wconf 89' lang='lat' dir='ltr'><strong>hoc</strong></span> <span class='ocrx_word' id='word_1_357' title='bbox 1420 3762 1603 3825; x_wconf 87' lang='lat' dir='ltr'><strong>linteo</strong></span> <span class='ocrx_word' id='word_1_358' title='bbox 1654 3764 1769 3825; x_wconf 86' lang='lat' dir='ltr'><strong>hoc</strong></span> <span class='ocrx_word' id='word_1_359' title='bbox 1810 3764 2076 3831; x_wconf 86' lang='lat' dir='ltr'><strong>linteum.</strong></span> <span class='ocrx_word' id='word_1_360' title='bbox 2125 3764 2274 3825; x_wconf 87' lang='lat' dir='ltr'><strong>baec</strong></span> <span class='ocrx_word' id='word_1_361' title='bbox 2316 3764 2390 3825; x_wconf 91' lang='lat' dir='ltr'><strong>ad</strong></span> <span class='ocrx_word' id='word_1_362' title='bbox 2434 3763 2550 3824; x_wconf 89' lang='lat' dir='ltr'><strong>boc</strong></span> <span class='ocrx_word' id='word_1_363' title='bbox 2583 3782 2780 3825; x_wconf 87' lang='lat' dir='ltr'><strong>exem-</strong></span> 
     </span>
     <span class='ocr_line' id='line_1_35' title="bbox 224 3862 2780 3944; baseline 0.002 -25"><span class='ocrx_word' id='word_1_364' title='bbox 224 3862 347 3937; x_wconf 84' lang='lat' dir='ltr'><strong>plum</strong></span> <span class='ocrx_word' id='word_1_365' title='bbox 390 3864 808 3927; x_wconf 83' lang='lat' dir='ltr'><strong>declinantur:</strong></span> <span class='ocrx_word' id='word_1_366' title='bbox 866 3866 1097 3925; x_wconf 88' lang='lat' dir='ltr'><strong>numeri</strong></span> <span class='ocrx_word' id='word_1_367' title='bbox 1152 3865 1467 3944; x_wconf 84' lang='lat' dir='ltr'><strong>singularis</strong></span> <span class='ocrx_word' id='word_1_368' title='bbox 1520 3865 1632 3925; x_wconf 85' lang='lat' dir='ltr'><strong>hoc</strong></span> <span class='ocrx_word' id='word_1_369' title='bbox 1676 3866 1922 3928; x_wconf 88' lang='lat' dir='ltr'><strong>linteum</strong></span> <span class='ocrx_word' id='word_1_370' title='bbox 1981 3867 2155 3927; x_wconf 86' lang='lat' dir='ltr'><strong>huius</strong></span> <span class='ocrx_word' id='word_1_371' title='bbox 2207 3864 2368 3926; x_wconf 84' lang='lat' dir='ltr'><strong>lintei</strong></span> <span class='ocrx_word' id='word_1_372' title='bbox 2411 3866 2557 3927; x_wconf 82' lang='lat' dir='ltr'><strong>huic</strong></span> <span class='ocrx_word' id='word_1_373' title='bbox 2601 3865 2780 3927; x_wconf 87' lang='lat' dir='ltr'><strong>linteo</strong></span> 
     </span>
     <span class='ocr_line' id='line_1_36' title="bbox 228 3960 2859 4046; baseline 0.001 -21"><span class='ocrx_word' id='word_1_374' title='bbox 228 3960 311 4025; x_wconf 81' lang='lat' dir='ltr'><strong>boc</strong></span> <span class='ocrx_word' id='word_1_375' title='bbox 348 3965 589 4028; x_wconf 86' lang='lat' dir='ltr'><strong>linteum</strong></span> <span class='ocrx_word' id='word_1_376' title='bbox 638 3986 677 4026; x_wconf 95' lang='lat' dir='ltr'><strong>o</strong></span> <span class='ocrx_word' id='word_1_377' title='bbox 722 3966 967 4029; x_wconf 82' lang='lat' dir='ltr'><strong>linteum</strong></span> <span class='ocrx_word' id='word_1_378' title='bbox 1024 3965 1097 4028; x_wconf 89' lang='lat' dir='ltr'><strong>ab</strong></span> <span class='ocrx_word' id='word_1_379' title='bbox 1142 3966 1257 4027; x_wconf 89' lang='lat' dir='ltr'><strong>hoc</strong></span> <span class='ocrx_word' id='word_1_380' title='bbox 1296 3966 1508 4037; x_wconf 88' lang='lat' dir='ltr'><strong>linteo,</strong></span> <span class='ocrx_word' id='word_1_381' title='bbox 1564 3970 1796 4029; x_wconf 89' lang='lat' dir='ltr'><strong>numeri</strong></span> <span class='ocrx_word' id='word_1_382' title='bbox 1845 3967 2089 4046; x_wconf 87' lang='lat' dir='ltr'><strong>pluralis</strong></span> <span class='ocrx_word' id='word_1_383' title='bbox 2141 3968 2290 4029; x_wconf 87' lang='lat' dir='ltr'><strong>haec</strong></span> <span class='ocrx_word' id='word_1_384' title='bbox 2335 3968 2512 4030; x_wconf 86' lang='lat' dir='ltr'><strong>lintea</strong></span> <span class='ocrx_word' id='word_1_385' title='bbox 2566 3969 2782 4028; x_wconf 87' lang='lat' dir='ltr'><strong>horum&#39;</strong></span> <span class='ocrx_word' id='word_1_386' title='bbox 2809 3990 2859 4030; x_wconf 65' lang='lat' dir='ltr'><strong>ar,</strong></span> 
     </span>
     <span class='ocr_line' id='line_1_37' title="bbox 230 4064 2784 4146; baseline 0.002 -22"><span class='ocrx_word' id='word_1_387' title='bbox 230 4064 501 4130; x_wconf 84' lang='lat' dir='ltr'><strong>linteorum</strong></span> <span class='ocrx_word' id='word_1_388' title='bbox 550 4069 651 4131; x_wconf 86' lang='lat' dir='ltr'><strong>his</strong></span> <span class='ocrx_word' id='word_1_389' title='bbox 688 4068 886 4130; x_wconf 87' lang='lat' dir='ltr'><strong>linteis</strong></span> <span class='ocrx_word' id='word_1_390' title='bbox 926 4069 1075 4131; x_wconf 88' lang='lat' dir='ltr'><strong>baec</strong></span> <span class='ocrx_word' id='word_1_391' title='bbox 1112 4068 1288 4130; x_wconf 89' lang='lat' dir='ltr'><strong>lintea</strong></span> <span class='ocrx_word' id='word_1_392' title='bbox 1336 4089 1371 4130; x_wconf 92' lang='lat' dir='ltr'><strong>o</strong></span> <span class='ocrx_word' id='word_1_393' title='bbox 1414 4069 1587 4131; x_wconf 88' lang='lat' dir='ltr'><strong>lintea</strong></span> <span class='ocrx_word' id='word_1_394' title='bbox 1632 4069 1705 4131; x_wconf 87' lang='lat' dir='ltr'><strong>ab</strong></span> <span class='ocrx_word' id='word_1_395' title='bbox 1751 4069 1844 4131; x_wconf 90' lang='lat' dir='ltr'><strong>his</strong></span> <span class='ocrx_word' id='word_1_396' title='bbox 1887 4070 2098 4131; x_wconf 81' lang='lat' dir='ltr'><strong>linteis,</strong></span> <span class='ocrx_word' id='word_1_397' title='bbox 2161 4072 2244 4131; x_wconf 89' lang='lat' dir='ltr'><strong>sic</strong></span> <span class='ocrx_word' id='word_1_398' title='bbox 2290 4078 2348 4131; x_wconf 87' lang='lat' dir='ltr'><strong>et</strong></span> <span class='ocrx_word' id='word_1_399' title='bbox 2391 4070 2502 4131; x_wconf 89' lang='lat' dir='ltr'><strong>alia</strong></span> <span class='ocrx_word' id='word_1_400' title='bbox 2546 4072 2784 4146; x_wconf 85' lang='lat' dir='ltr'><strong>generis</strong></span> 
     </span>
     <span class='ocr_line' id='line_1_38' title="bbox 234 4169 2786 4251; baseline 0.001 -23"><span class='ocrx_word' id='word_1_401' title='bbox 234 4172 387 4231; x_wconf 79' lang='lat' dir='ltr'><strong>neutri</strong></span> <span class='ocrx_word' id='word_1_402' title='bbox 426 4174 713 4242; x_wconf 88' lang='lat' dir='ltr'><strong>nomina,</strong></span> <span class='ocrx_word' id='word_1_403' title='bbox 762 4190 913 4251; x_wconf 83' lang='lat' dir='ltr'><strong>quae</strong></span> <span class='ocrx_word' id='word_1_404' title='bbox 956 4169 1208 4232; x_wconf 81' lang='lat' dir='ltr'><strong>ablativo</strong></span> <span class='ocrx_word' id='word_1_405' title='bbox 1251 4190 1389 4232; x_wconf 87' lang='lat' dir='ltr'><strong>casu</strong></span> <span class='ocrx_word' id='word_1_406' title='bbox 1448 4174 1677 4235; x_wconf 85' lang='lat' dir='ltr'><strong>numeri</strong></span> <span class='ocrx_word' id='word_1_407' title='bbox 1718 4172 2032 4251; x_wconf 79' lang='lat' dir='ltr'><strong>singularis</strong></span> <span class='ocrx_word' id='word_1_408' title='bbox 2075 4193 2110 4234; x_wconf 95' lang='lat' dir='ltr'><strong>o</strong></span> <span class='ocrx_word' id='word_1_409' title='bbox 2149 4172 2342 4234; x_wconf 88' lang='lat' dir='ltr'><strong>littera</strong></span> <span class='ocrx_word' id='word_1_410' title='bbox 2397 4173 2786 4233; x_wconf 85' lang='lat' dir='ltr'><strong>terminantur</strong></span> 
     </span>
     <span class='ocr_line' id='line_1_39' title="bbox 234 4271 2782 4352; baseline 0.002 -25"><span class='ocrx_word' id='word_1_411' title='bbox 234 4278 275 4327; x_wconf 78' lang='lat' dir='ltr'><strong>et</strong></span> <span class='ocrx_word' id='word_1_412' title='bbox 302 4275 657 4336; x_wconf 80' lang='lat' dir='ltr'><strong>nominativo</strong></span> <span class='ocrx_word' id='word_1_413' title='bbox 691 4292 833 4336; x_wconf 89' lang='lat' dir='ltr'><strong>casu</strong></span> <span class='ocrx_word' id='word_1_414' title='bbox 878 4275 1107 4335; x_wconf 88' lang='lat' dir='ltr'><strong>numeri</strong></span> <span class='ocrx_word' id='word_1_415' title='bbox 1152 4273 1469 4351; x_wconf 83' lang='lat' dir='ltr'><strong>singularis</strong></span> <span class='ocrx_word' id='word_1_416' title='bbox 1504 4295 1637 4336; x_wconf 86' lang='lat' dir='ltr'><strong>eum</strong></span> <span class='ocrx_word' id='word_1_417' title='bbox 1679 4272 1886 4337; x_wconf 85' lang='lat' dir='ltr'><strong>litteris</strong></span> <span class='ocrx_word' id='word_1_418' title='bbox 1930 4275 2304 4344; x_wconf 83' lang='lat' dir='ltr'><strong>definiuntur,</strong></span> <span class='ocrx_word' id='word_1_419' title='bbox 2345 4273 2416 4333; x_wconf 86' lang='lat' dir='ltr'><strong>ad</strong></span> <span class='ocrx_word' id='word_1_420' title='bbox 2451 4271 2782 4352; x_wconf 87' lang='lat' dir='ltr'><strong>exemplum</strong></span> 
     </span>
     <span class='ocr_line' id='line_1_40' title="bbox 231 4366 2786 4456; baseline 0.001 -24"><span class='ocrx_word' id='word_1_421' title='bbox 231 4366 351 4435; x_wconf 83' lang='lat' dir='ltr'><strong>lintei</strong></span> <span class='ocrx_word' id='word_1_422' title='bbox 392 4376 791 4438; x_wconf 84' lang='lat' dir='ltr'><strong>declinantur.</strong></span> <span class='ocrx_word' id='word_1_423' title='bbox 850 4394 1010 4437; x_wconf 90' lang='lat' dir='ltr'><strong>nunc</strong></span> <span class='ocrx_word' id='word_1_424' title='bbox 1058 4378 1115 4436; x_wconf 89' lang='lat' dir='ltr'><strong>in</strong></span> <span class='ocrx_word' id='word_1_425' title='bbox 1156 4376 1269 4437; x_wconf 85' lang='lat' dir='ltr'><strong>hac</strong></span> <span class='ocrx_word' id='word_1_426' title='bbox 1312 4378 1501 4437; x_wconf 83' lang='lat' dir='ltr'><strong>forma</strong></span> <span class='ocrx_word' id='word_1_427' title='bbox 1547 4380 1786 4455; x_wconf 86' lang='lat' dir='ltr'><strong>generis</strong></span> <span class='ocrx_word' id='word_1_428' title='bbox 1819 4379 2030 4446; x_wconf 86' lang='lat' dir='ltr'><strong>neutri,</strong></span> <span class='ocrx_word' id='word_1_429' title='bbox 2077 4396 2190 4456; x_wconf 88' lang='lat' dir='ltr'><strong>qua</strong></span> <span class='ocrx_word' id='word_1_430' title='bbox 2235 4377 2492 4437; x_wconf 88' lang='lat' dir='ltr'><strong>diximus</strong></span> <span class='ocrx_word' id='word_1_431' title='bbox 2531 4374 2786 4435; x_wconf 83' lang='lat' dir='ltr'><strong>ablativo</strong></span> 
     </span>
     <span class='ocr_line' id='line_1_41' title="bbox 230 4478 2862 4558; baseline 0.002 -24"><span class='ocrx_word' id='word_1_432' title='bbox 230 4490 335 4537; x_wconf 76' lang='lat' dir='ltr'><strong>casu</strong></span> <span class='ocrx_word' id='word_1_433' title='bbox 372 4481 607 4541; x_wconf 87' lang='lat' dir='ltr'><strong>numeri</strong></span> <span class='ocrx_word' id='word_1_434' title='bbox 656 4478 976 4558; x_wconf 85' lang='lat' dir='ltr'><strong>singularis</strong></span> <span class='ocrx_word' id='word_1_435' title='bbox 1028 4480 1264 4539; x_wconf 87' lang='lat' dir='ltr'><strong>nomina</strong></span> <span class='ocrx_word' id='word_1_436' title='bbox 1306 4498 1341 4539; x_wconf 92' lang='lat' dir='ltr'><strong>o</strong></span> <span class='ocrx_word' id='word_1_437' title='bbox 1383 4478 1573 4539; x_wconf 86' lang='lat' dir='ltr'><strong>littera</strong></span> <span class='ocrx_word' id='word_1_438' title='bbox 1613 4480 1918 4540; x_wconf 88' lang='lat' dir='ltr'><strong>terminari</strong></span> <span class='ocrx_word' id='word_1_439' title='bbox 1979 4485 2036 4538; x_wconf 88' lang='lat' dir='ltr'><strong>et</strong></span> <span class='ocrx_word' id='word_1_440' title='bbox 2085 4479 2442 4539; x_wconf 83' lang='lat' dir='ltr'><strong>nominativo</strong></span> <span class='ocrx_word' id='word_1_441' title='bbox 2487 4496 2628 4539; x_wconf 89' lang='lat' dir='ltr'><strong>casu</strong></span> <span class='ocrx_word' id='word_1_442' title='bbox 2671 4496 2782 4539; x_wconf 88' lang='lat' dir='ltr'><strong>nu·</strong></span> <span class='ocrx_word' id='word_1_443' title='bbox 2809 4497 2862 4538; x_wconf 73' lang='lat'><strong>40</strong></span> 
     </span>
    </p>
   </div>
   <div class='ocr_carea' id='block_1_4' title="bbox 231 4724 2650 4868">
    <p class='ocr_par' dir='ltr' id='par_1_4' title="bbox 231 4724 2650 4868">
     <span class='ocr_line' id='line_1_42' title="bbox 342 4724 2650 4779; baseline 0.002 -6"><span class='ocrx_word' id='word_1_444' title='bbox 342 4724 393 4775; x_wconf 91' lang='lat'><strong>11</strong></span> <span class='ocrx_word' id='word_1_445' title='bbox 428 4728 765 4779; x_wconf 78' lang='lat' dir='ltr'><strong>tractabimus</strong></span> <span class='ocrx_word' id='word_1_446' title='bbox 802 4744 834 4777; x_wconf 79' lang='lat' dir='ltr'><strong>r</strong></span> <span class='ocrx_word' id='word_1_447' title='bbox 870 4727 1200 4777; x_wconf 80' lang='lat' dir='ltr'><strong>tractauimus</strong></span> <span class='ocrx_word' id='word_1_448' title='bbox 1238 4727 1336 4777; x_wconf 83' lang='lat' dir='ltr'><strong>RB</strong></span> <span class='ocrx_word' id='word_1_449' title='bbox 1480 4727 1541 4777; x_wconf 80' lang='lat'><strong>15</strong></span> <span class='ocrx_word' id='word_1_450' title='bbox 1580 4727 1682 4775; x_wconf 89' lang='lat' dir='ltr'><strong>sint</strong></span> <span class='ocrx_word' id='word_1_451' title='bbox 1714 4725 1768 4775; x_wconf 91' lang='lat' dir='ltr'><em>B</em></span> <span class='ocrx_word' id='word_1_452' title='bbox 1803 4737 1920 4774; x_wconf 88' lang='lat' dir='ltr'><strong>sunt</strong></span> <span class='ocrx_word' id='word_1_453' title='bbox 1959 4726 2002 4775; x_wconf 80' lang='lat' dir='ltr'><em>R</em></span> <span class='ocrx_word' id='word_1_454' title='bbox 2147 4727 2208 4777; x_wconf 91' lang='grc'><strong>17</strong></span> <span class='ocrx_word' id='word_1_455' title='bbox 2245 4736 2320 4776; x_wconf 85' lang='lat' dir='ltr'><strong>est</strong></span> <span class='ocrx_word' id='word_1_456' title='bbox 2360 4728 2412 4778; x_wconf 89' lang='lat' dir='ltr'><em>B</em></span> <span class='ocrx_word' id='word_1_457' title='bbox 2443 4735 2577 4777; x_wconf 81' lang='lat' dir='ltr'><strong>esset</strong></span> <span class='ocrx_word' id='word_1_458' title='bbox 2605 4726 2650 4777; x_wconf 74' lang='lat' dir='ltr'><em>R</em></span> 
     </span>
     <span class='ocr_line' id='line_1_43' title="bbox 231 4790 2508 4868; baseline 0.001 -22"><span class='ocrx_word' id='word_1_459' title='bbox 231 4790 283 4841; x_wconf 77' lang='lat'><strong>23</strong></span> <span class='ocrx_word' id='word_1_460' title='bbox 312 4800 629 4847; x_wconf 76' lang='lat' dir='ltr'><strong>tractabimus</strong></span> <span class='ocrx_word' id='word_1_461' title='bbox 664 4816 695 4849; x_wconf 83' lang='lat' dir='ltr'><strong>r</strong></span> <span class='ocrx_word' id='word_1_462' title='bbox 730 4798 1069 4848; x_wconf 77' lang='lat' dir='ltr'><strong>tractauimus</strong></span> <span class='ocrx_word' id='word_1_463' title='bbox 1103 4797 1201 4847; x_wconf 85' lang='lat' dir='ltr'><strong>RB</strong></span> <span class='ocrx_word' id='word_1_464' title='bbox 1338 4798 1407 4850; x_wconf 78' lang='lat'><strong>26</strong></span> <span class='ocrx_word' id='word_1_465' title='bbox 1440 4807 1558 4863; x_wconf 84' lang='lat' dir='ltr'><strong>post</strong></span> <span class='ocrx_word' id='word_1_466' title='bbox 1587 4814 1618 4846; x_wconf 83' lang='lat' dir='ltr'><strong>r</strong></span> <span class='ocrx_word' id='word_1_467' title='bbox 1663 4804 1780 4846; x_wconf 86' lang='lat' dir='ltr'><strong>ante</strong></span> <span class='ocrx_word' id='word_1_468' title='bbox 1811 4797 1858 4846; x_wconf 81' lang='lat' dir='ltr'><em>R</em></span> <span class='ocrx_word' id='word_1_469' title='bbox 1997 4796 2066 4849; x_wconf 81' lang='lat'><strong>29</strong></span> <span class='ocrx_word' id='word_1_470' title='bbox 2102 4807 2218 4861; x_wconf 84' lang='lat' dir='ltr'><strong>post</strong></span> <span class='ocrx_word' id='word_1_471' title='bbox 2251 4813 2284 4847; x_wconf 82' lang='lat' dir='ltr'><strong>r</strong></span> <span class='ocrx_word' id='word_1_472' title='bbox 2317 4808 2433 4868; x_wconf 80' lang='lat' dir='ltr'><strong>ante</strong></span> <span class='ocrx_word' id='word_1_473' title='bbox 2462 4798 2508 4848; x_wconf 83' lang='lat' dir='ltr'><em>R</em></span> 
     </span>
    </p>
   </div>
  </div>
 </body>
</html>
