3434 5442
910 355 1324 417 EXPLANAT.
1369 355 1446 417 IN
1493 353 1849 417 DONATVM
1894 355 2038 418 LIB.
2084 356 2135 417 ll
2676 363 2799 426 543

327 460 361 502 f.
389 461 483 503 ω’.
511 461 561 504 ss
587 461 685 502 cod.
715 461 818 502 nav.

223 541 370 602 item
426 559 562 604 sero
619 541 776 622 quod
837 550 928 603 est
983 539 1222 612 claudo,
1277 541 1435 602 unde
1478 559 1610 604 sera
1654 542 1808 628 dicta
1854 551 1970 612 est,
2014 543 2345 622 perfectum
2390 550 2623 624 tempus
2664 544 2803 605 facit

225 645 418 706 seravi
461 645 746 714 reseravi,
793 652 859 706 ut
902 644 1216 706 Terentius
1257 647 1368 705 ‘tu
1413 643 1532 705 abi
1575 651 1801 724 atque
1842 643 2113 705 obsera
2158 645 2487 706 ostium’.

395 745 524 808 Duo
581 753 640 807 et
692 744 869 807 ambo
926 747 1010 808 sic
1053 744 1452 819 declinantur,
1499 746 1617 807 duo
1661 745 1912 808 duorum
1960 745 2189 809 duobus
2231 746 2379 808 duos
2422 747 2537 809 duo
2582 767 2613 808 a
2659 747 2803 809 duo·

224 846 369 918 bus;
412 849 556 909 item
602 847 776 910 ambo
820 846 1132 910 amborum
1177 845 1466 910 ambobus
1509 845 1716 909 ambos
1758 847 1933 909 ambo
1978 846 2053 910 ab
2096 847 2403 911 ambobus.

399 947 618 1011 Ebrius
661 949 939 1019 dicimus,
988 968 1106 1011 non
1153 948 1326 1020 eber,
1373 953 1527 1013 sicut
1570 967 1604 1010 e
1647 952 1947 1012 contrario
1990 949 2240 1023 sobrius,
2286 969 2407 1012 non
2450 951 2643 1014 sober.
2828 973 2853 1014 s

394 1051 557 1114 Inter
601 1059 910 1134 expertum
955 1060 1016 1113 et
1057 1059 1362 1132 expertem
1421 1051 1538 1112 boc
1591 1055 1868 1114 interest:
1925 1062 2233 1132 expertum
2280 1047 2527 1115 alicuius
2570 1055 2694 1126 rei,
2740 1063 2807 1116 ut

225 1155 277 1215 si
325 1153 589 1216 dicamus
633 1153 888 1215 ‘fortem
935 1155 1122 1215 virum
1169 1162 1448 1234 expertus
1492 1171 1622 1216 sum
1641 1161 1690 1224 ’;
1738 1162 2044 1234 expertem
2088 1173 2229 1216 vero
2270 1155 2560 1234 ignarum.

402 1256 470 1319 In
513 1255 906 1318 declinatione
951 1257 1180 1336 species
1222 1263 1360 1316 sunt
1401 1263 1653 1336 quatuor
1683 1273 1891 1318 eorum
1938 1257 2263 1327 nominum,
2310 1274 2461 1335 quae
2504 1257 2659 1320 binis
2701 1277 2801 1322 vo·

230 1357 402 1420 cibus
445 1362 643 1420 iuncta
689 1357 1076 1420 declinantur.
1153 1359 1342 1438 prima
1389 1366 1478 1419 est
1521 1376 1733 1420 eorum
1777 1376 2029 1439 quorum
2071 1359 2237 1438 prior
2279 1375 2419 1439 pars
2460 1376 2581 1420 non
2624 1359 2803 1422 decli-

223 1469 433 1533 natur,
481 1470 545 1524 ut
586 1459 1006 1540 Hellespontus
1049 1459 1623 1522 senatusconsultum
1667 1458 2074 1540 plebiscitum:
2120 1459 2379 1522 secunda
2422 1470 2513 1522 est
2554 1479 2805 1542 quorum
2829 1479 2882 1522 1ο

223 1565 394 1643 prior
435 1579 576 1642 pars
618 1561 974 1632 declinatur,
1002 1557 1032 1645 ΙΙ
1062 1563 1359 1640 posterior
1403 1580 1542 1624 vero
1587 1581 1939 1644 numquam,
1984 1568 2050 1623 ut
2090 1561 2361 1624 tribunus
2401 1561 2587 1642 plebi,
2632 1583 2804 1644 prae-

225 1663 420 1726 fectus
471 1667 766 1745 equitum:
827 1665 998 1725 tertia
1055 1671 1146 1725 est
1195 1680 1399 1726 eorum
1453 1681 1605 1746 quae
1659 1683 1733 1725 ex
1788 1673 2037 1744 utraque
2083 1672 2251 1744 parte
2296 1662 2694 1738 declinantur,
2740 1675 2807 1728 ut

223 1765 408 1828 Liber
450 1773 645 1847 pater,
689 1764 834 1828 Alba
867 1765 1096 1844 Longa:
1144 1775 1350 1846 quarta
1396 1773 1487 1827 est
1529 1784 1781 1846 quorum
1824 1767 1991 1846 prior
2033 1783 2172 1846 pars
2216 1765 2565 1837 declinatur,
2611 1776 2806 1847 poste-

227 1869 357 1929 rior
399 1886 539 1929 vero
583 1886 719 1930 cum
761 1869 840 1929 sit
881 1866 1114 1928 mobilis
1161 1865 1299 1947 [per
1329 1866 1548 1949 casus],
1596 1885 1704 1948 per
1750 1886 2031 1930 numeros
2072 1875 2302 1930 tantum
2346 1867 2693 1941 declinatur,
2742 1876 2809 1930 ut

223 1977 398 2050 pater
459 1968 710 2032 familias
763 1968 976 2050 [eques
1031 1969 1361 2039 Romanus,
1415 1977 1656 2050 praetor
1711 1968 1973 2032 urbanus
2024 1971 2161 2051 quia
2213 1968 2392 2031 ambo
2463 1971 2805 2032 nominativi
2832 1988 2882 2030 is

225 2079 393 2144 sunt,
441 2071 618 2133 ambo
659 2070 1048 2133 declinantur.
1139 2088 1276 2132 nam
1321 2071 1558 2151 quando
1610 2073 1672 2132 in
1730 2074 1969 2134 nomine
2014 2073 2309 2150 geminato
2347 2089 2501 2133 unus
2544 2081 2633 2134 est
2679 2080 2806 2134 tan·

225 2182 360 2236 tum
403 2175 828 2244 nominativus,
872 2176 935 2234 in
981 2191 1052 2233 eo
1083 2180 1308 2235 tantum
1351 2171 1682 2235 declinatur
1711 2173 1828 2235 alio
1857 2172 2192 2255 manente]:
2242 2173 2605 2236 declinamus
2636 2174 2808 2236 huius

224 2277 416 2356 patris
462 2275 712 2338 familias
759 2283 1036 2337 manente
1079 2293 1186 2357 per
1229 2292 1436 2337 omnes
1478 2293 1656 2338 casus
1696 2279 1763 2338 in
1808 2275 2211 2355 singularitate
2252 2273 2520 2336 inmobili
2550 2276 2808 2339 secunda

223 2395 391 2440 voce.
453 2396 588 2440 nam
635 2375 848 2457 plurali
889 2385 1112 2440 mutata
1156 2379 1417 2448 ratione,
1463 2386 1530 2439 ut
1570 2377 1785 2439 horum
1829 2387 2065 2458 patrum
2112 2377 2483 2440 familiarum.
2544 2378 2805 2440 eiusdem

226 2478 457 2541 formae
501 2488 640 2541 sunt
682 2477 982 2561 promilite
1010 2479 1366 2559 proconsule
1395 2487 1811 2560 propraetore,
1858 2497 1991 2540 cnm
2038 2478 2286 2541 indivise
2328 2481 2803 2560 pronuntiantur.
2830 2499 2885 2540 το

227 2599 368 2643 nam
410 2583 474 2642 in
519 2579 854 2662 pluralitate
897 2581 991 2643 his
1032 2581 1522 2662 propraetoribus
1565 2580 1656 2642 his
1697 2579 2153 2659 proconsulibus
2197 2581 2465 2643 dicimus.

397 2681 697 2746 Ablativus
741 2701 912 2745 casus
955 2681 1271 2762 singularis
1315 2685 1576 2764 quinque
1619 2682 1833 2744 litteris
1876 2679 2174 2744 vocalibus
2220 2685 2588 2755 terminatur,
2634 2701 2665 2745 a
2712 2703 2744 2745 e
2790 2685 2809 2744 i

225 2803 266 2846 o
309 2804 382 2855 u,
441 2787 702 2864 exceptis
754 2784 1205 2866 pronominibus
1258 2783 1640 2866 quibusdam,
1700 2793 1767 2846 ut
1810 2783 1882 2846 ab
1928 2784 2137 2846 eodem
2180 2802 2213 2845 a
2258 2785 2511 2865 quodam
2560 2784 2623 2866 [a
2666 2804 2808 2866 qua-

229 2885 398 2970 dam]
445 2886 520 2949 ab
563 2887 707 2958 hoc,
767 2895 826 2948 et
869 2886 1208 2949 nominibus
1250 2885 1612 2968 appellativis
1653 2887 2045 2966 monoptotis,
2103 2893 2170 2946 ut
2212 2885 2361 2947 nihil
2404 2904 2653 2967 nequam
2700 2905 2809 2948 nu·

227 3003 354 3070 gas.
441 2989 714 3070 quotiens
770 2996 964 3050 autem
1021 2997 1122 3050 aut
1165 3008 1200 3050 a
1243 2995 1344 3048 aut
1386 3006 1421 3048 o
1463 2987 1681 3050 litteris
1726 2989 2079 3050 terminatus
2120 2987 2323 3058 suerit,
2384 2991 2597 3050 totiens
2639 3006 2806 3050 acce·
2834 3011 2885 3051 aa

227 3099 330 3172 pta
375 3109 511 3152 rum
555 3089 778 3170 syllaba
821 3091 962 3152 facit
1004 3091 1323 3168 genitivum
1371 3089 1687 3170 pluralem,
1736 3098 1801 3151 ut
1829 3088 1902 3151 ab
1947 3089 2059 3150 hac
2102 3099 2238 3168 toga
2284 3090 2493 3151 barum
2538 3099 2807 3169 togarum

228 3201 290 3254 et
344 3191 419 3254 ab
473 3193 588 3254 hoc
645 3191 798 3253 libro
855 3192 1067 3254 borum
1125 3190 1442 3253 librorum:
1519 3191 1746 3253 dativus
1799 3209 2035 3272 quoque
2089 3201 2149 3254 et
2202 3189 2486 3254 ablativus
2546 3193 2807 3254 eiusdem

225 3295 466 3356 numeri
510 3294 770 3356 eiusdem
817 3292 1242 3355 observationis
1284 3296 1346 3355 in
1391 3295 1440 3355 is
1483 3293 1765 3374 syllabam
1812 3301 2057 3364 exeunt,
2112 3302 2177 3354 ut
2232 3294 2327 3356 bis
2370 3301 2427 3354 et
2470 3292 2542 3356 ab
2586 3293 2681 3354 his
2720 3301 2810 3354 to·-

200 3377 340 3476 'gis
429 3415 464 3458 e
507 3395 762 3458 litteram
807 3405 1074 3459 extremo
1097 3395 1394 3458 ‘habentia
1441 3395 1690 3457 ablativo
1737 3414 1872 3456 casu
1920 3393 2205 3474 singulari
2249 3395 2544 3476 duplicem
2589 3395 2812 3457 habent

225 3497 724 3561 observationem.
815 3516 948 3559 nam
1004 3516 1042 3552 a
1130 3506 1404 3578 correpta
1459 3497 1725 3559 ultimam
1782 3497 2042 3576 perdunt
2082 3507 2143 3558 et
2184 3516 2283 3558 um
2328 3495 2607 3577 syllabam
2652 3499 2805 3558 acci·
2832 3519 2885 3561 so

227 3604 403 3681 piunt
446 3609 508 3661 et
549 3601 772 3662 faciunt
815 3619 886 3661 ex
932 3618 996 3662 se
1041 3601 1358 3678 genitivum
1405 3597 1725 3680 pluralem,
1782 3607 1849 3660 ut
1906 3599 1979 3659 ab
2026 3599 2137 3660 hoc
2181 3601 2405 3680 pariete
2449 3598 2661 3661 horum
2706 3617 2809 3680 pa-

225 3703 468 3764 rietum.
555 3704 575 3762 i
633 3700 886 3765 litteram
941 3703 1004 3763 in
1062 3710 1326 3763 extremo
1372 3697 1646 3763 habentia
1693 3709 1932 3782 accepta
1976 3720 2075 3762 um
2120 3700 2337 3781 syllaba
2382 3701 2604 3763 faciunt
2646 3702 2808 3782 geni-

397 3921 427 3972 1
467 3922 584 3974 fecit
622 3923 672 3973 L
839 3927 872 3974 2
911 3923 1181 3974 terrentius
1217 3923 1378 3972 tutaui
1429 3931 1579 3986 atque
1617 3923 1887 3974 obser-naui
1930 3923 2154 3977 hostium
2200 3922 2277 3973 L:
2322 3924 2438 3974 Ter.
2477 3922 2705 3977 Eunuclt.
2740 3924 2807 3973 111

226 3995 282 4057 6,
321 3995 390 4044 25
531 3993 564 4047 3
602 3992 730 4058 Duo]
763 3992 919 4048 Proh.
959 3995 1024 4044 de
1056 4008 1180 4043 nom.
1215 4007 1270 4056 p.
1306 3991 1407 4044 223
1445 3994 1523 4044 ed.
1573 3995 1726 4045 Vinci.
1865 3995 1898 4044 5
1938 3992 2137 4058 Ebrius]
2180 3992 2338 4044 Proh.
2376 3995 2441 4045 de
2466 4009 2593 4044 nom.
2627 4009 2681 4057 p.
2707 3994 2809 4043 222

227 4065 312 4116 ed.
359 4061 516 4114 Vina.
657 4065 786 4114 sicut
818 4063 1067 4114 contrario
1104 4064 1122 4111 l
1159 4064 1295 4112 sicut
1334 4062 1378 4110 L
1547 4077 1646 4112 non
1683 4064 1834 4113 suber
1862 4062 1911 4111 L
2079 4063 2114 4112 6
2152 4065 2284 4113 Inter
2320 4059 2605 4128 expertum]
2648 4061 2807 4113 Proh.

227 4135 296 4186 de
335 4149 461 4189 nom.
492 4148 548 4197 p.
584 4133 689 4184 222
723 4134 805 4184 ed.
853 4133 1025 4197 Vinci„
1051 4134 1198 4186 Serv.
1238 4136 1289 4183 in
1327 4133 1483 4197 Vero.
1520 4134 1650 4184 Aen.
1675 4133 1739 4182 111
1779 4132 1877 4185 182
1922 4132 1969 4183 Χ
2014 4133 2110 4184 173
2280 4133 2508 4197 fortasse
2543 4142 2809 4197 expertum

227 4220 347 4254 cum
384 4203 670 4254 accusativo
720 4203 1009 4270 iungimus,
1062 4211 1325 4268 expertum
1377 4201 1596 4266 aliquam
1636 4217 1772 4264 rem,
1809 4213 2067 4267 expertem
2102 4218 2215 4253 eum
2258 4203 2511 4268 genetivo,
2550 4211 2809 4268 expertem

229 4274 450 4324 alieuius
480 4274 554 4323 rei
699 4274 764 4325 12
799 4287 974 4324 eorum
1007 4288 1096 4323 om.
1130 4272 1180 4322 L
1319 4270 1603 4323 declinatur
1632 4272 1682 4322 L
1862 4273 1925 4326 13
1961 4282 2106 4339 pater
2140 4273 2204 4322 ab
2238 4271 2355 4323 alba
2392 4274 2441 4323 L
2618 4271 2683 4323 18
2718 4287 2811 4338 per

229 4358 414 4396 omnes
448 4343 800 4410 singularitate
828 4341 1068 4394 inmobile
1109 4343 1154 4392 L
1295 4339 1362 4392 19
1380 4341 1608 4406 fortasse
1644 4350 1866 4408 mutatur
1897 4345 2120 4403 ratione,
2154 4343 2251 4392 πίει·
2281 4344 2451 4407 pocius
2475 4341 2809 4406 declinamus,

228 4416 370 4481 quod
401 4427 563 4476 supra
597 4430 643 4466 v.
686 4413 749 4465 17
781 4416 999 4478 positum
1033 4411 1266 4478 offendit,
1295 4411 1388 4462 Ιιιιο
1415 4413 1735 4478 referendum
1770 4415 1860 4478 sit,
1904 4419 1957 4462 ut
1991 4413 2250 4462 scribatur
2284 4428 2398 4464 nam
2430 4413 2483 4462 in
2520 4412 2811 4478 pluralitate

229 4485 548 4536 declinamus
584 4485 802 4537 ratione.
875 4499 989 4534 nam
1023 4497 1180 4546 eques
1217 4483 1474 4532 Romanus
1514 4509 1576 4521 —-
1609 4490 1841 4532 manente
1878 4497 1950 4533 σω
1978 4483 2303 4534 αάηοεαιίοηε
2334 4491 2515 4547 postea
2548 4484 2811 4548 adscripta

229 4553 716 4618 videnturprofeota
739 4570 852 4606 esse
956 4551 1024 4603 22
1060 4551 1326 4602 Ablativus
1347 4553 1553 4610 —544,
1581 4552 1616 4603 6
1651 4552 1887 4603 fluctibus
1911 4551 2108 4605 Charis.
2131 4569 2189 4617 p.
2217 4553 2332 4604 119.
2351 4559 2567 4604 ceterum
2596 4556 2647 4603 in
2675 4569 2809 4604 mar-

229 4646 349 4709 gine
367 4641 557 4694 codicis
570 4641 900 4704 praescripta
918 4647 996 4690 est
1024 4637 1152 4690 haec
1176 4647 1298 4691 nota
1335 4637 1403 4688 ho
1435 4637 1448 4703 Ι
1475 4647 1542 4696 -ξ-
1563 4641 1616 4690 in
1644 4639 1777 4705 prio,
1815 4655 1942 4705 quae
1969 4640 2043 4690 ad
2074 4647 2339 4691 tractatum
2374 4640 2439 4690 de
2472 4639 2690 4704 casibus,
2728 4641 2816 4706 qm·

233 4720 312 4763 est
339 4715 392 4762 ὑι
419 4713 584 4774 pn'mo
607 4710 764 4766 libro,
802 4709 894 4759 hoo
921 4717 997 4759 est
1028 4711 1080 4758 in
1115 4717 1230 4761 arte
1265 4712 1453 4760 ”tinore
1483 4720 1536 4769 p.
1576 4709 1678 4760 495
1713 4710 1798 4761 ed.
1836 4711 2016 4775 Lina„
2050 4713 2311 4773 pertinere
2346 4711 2541 4762 vide-tm·
2652 4710 2723 4761 28
2758 4711 2809 4760 iu

233 4783 280 4833 ἰι
307 4782 508 4847 syllaba
542 4777 594 4828 L
731 4779 799 4830 30
829 4783 1057 4830 lacunam
1083 4781 1314 4843 indiam,
1351 4795 1452 4844 qua
1487 4779 1709 4843 definitio
1740 4785 1975 4832 nonninus·
2010 4797 2039 4830 e
2062 4782 2358 4846 productam
2391 4782 2441 4830 in
2466 4781 2687 4832 ablativo
2717 4780 2811 4832 laa-

233 4853 444 4904 benlium
481 4851 676 4901 excidit
772 4851 836 4901 31
878 4849 941 4899 ab
973 4849 1070 4899 hoc
1104 4851 1266 4915 parite
1293 4854 1313 4900 1
1341 4849 1404 4897 ab
1443 4848 1538 4898 hoc
1563 4851 1678 4916 pari
1713 4851 1762 4898 L
1860 4849 1929 4901 32
1958 4851 1983 4914 j
2022 4850 2186 4900 littera
2229 4851 2274 4900 L
2378 4865 2461 4900 um
2498 4850 2810 4917 syllabamL
