3434 5442
1007 365 1402 427 INSTITVTA
1439 365 1725 427 ARTIVM
1768 366 2106 429 684—696
2340 378 2351 387 “
2733 370 2848 431 149

397 512 407 523 .
437 483 514 523 275
547 484 596 522 a.
2458 512 2468 525 .
2498 484 2587 527 373.
2609 485 2659 525 u
2690 485 2744 525 v.

265 496 544 614 orationis
584 552 840 613 habeant
883 552 1362 631 significationes:
1410 560 1476 613 ut
1522 560 1664 632 puta
1709 562 1847 614 ante
1884 554 2173 631 significat
2208 562 2266 615 et
2310 498 2650 616 adverbium
2700 564 2845 618 tem-

263 656 437 734 poriS,
481 665 554 715 ut
587 654 742 733 apud
789 654 1109 730 Vergilium

565 763 738 817 ante
782 754 986 817 leves
1029 772 1210 833 ergo
1256 762 1659 833 pascentur
1702 759 1777 817 in
1824 758 2131 818 aethere
2174 759 2410 825 cervi;

259 862 394 919 item
459 860 618 936 apud
687 857 1022 919 Sallustium
1089 857 1488 919 ‘Antonius
1556 860 1815 935 paucis
1885 866 2053 919 ante
2118 858 2440 919 diebus'.
2532 860 2844 923 adversum

257 960 544 1037 significat
586 968 645 1020 et
682 960 1078 1037 participium,
1127 966 1188 1018 ut
1224 964 1366 1037 puta
1408 960 1755 1020 ‘adversum
1804 960 2013 1021 vulnus
2048 962 2329 1038 aceepit'.
2398 962 2620 1021 circum
2665 963 2841 1039 signi·
2896 988 2921 1026 5

260 1064 388 1122 licat
430 1072 492 1122 et
541 1080 760 1121 nomen
803 1060 950 1129 loci,
1007 1060 1108 1121 ubi
1165 1058 1290 1121 ludi
1335 1062 1630 1121 circenses
1675 1068 1951 1139 aguntur.
2042 1068 2251 1121 contra
2304 1063 2595 1141 significat
2644 1071 2700 1125 et
2742 1064 2843 1125 ad-

259 1163 544 1231 verbium,
593 1170 656 1223 ut
687 1163 838 1241 apud
873 1161 1194 1239 Vergilium
1240 1160 1410 1221 ‘ille
1450 1162 1572 1223 ubi
1617 1182 1726 1222 me
1772 1170 2043 1225 contra
2089 1162 2341 1223 videt’.
2412 1183 2519 1241 per
2554 1166 2845 1241 significat

256 1273 311 1325 et
362 1264 742 1334 adverbium,
809 1272 876 1324 ut
930 1272 1072 1342 puta
1129 1264 1506 1341 perdisertuS.
1595 1271 1832 1342 praeter
1884 1265 2175 1343 significat
2228 1271 2288 1325 et
2341 1265 2713 1337 adverbium,
2779 1274 2845 1329 ut

257 1367 404 1445 apud
451 1366 794 1428 Sallustium
853 1369 1196 1443 ‘praeter
1251 1383 1500 1425 rerum
1547 1365 1988 1444 capitalium
2048 1366 2615 1427 condemnatis’.
2705 1376 2843 1446 post

254 1470 542 1546 significat
587 1476 646 1529 et
687 1467 1050 1535 adverbium,
1091 1476 1156 1527 ut
1200 1467 1356 1546 apud
1405 1466 1718 1544 Vergilium
2866 1492 2915 1533 ιο

553 1576 728 1649 post
765 1568 947 1629 mihi
991 1587 1132 1629 non
1185 1568 1418 1629 simili
1460 1587 1696 1647 poena
1742 1571 2134 1631 commissa
2178 1570 2428 1631 luetis,
2462 1566 2491 1653 ΙΙ

255 1672 577 1733 secundum
613 1672 902 1748 significat
935 1678 994 1731 et
1025 1688 1242 1731 nomen
1274 1672 1590 1732 accusativi
1629 1690 1819 1732 casus
1888 1689 2023 1731 cum
2062 1672 2353 1749 significat
2388 1677 2448 1733 et
2477 1671 2838 1741 adverbium,

255 1782 314 1833 ut
353 1774 510 1852 apud
559 1774 906 1835 Ciceronem
950 1772 1147 1833 ‘cum
1192 1771 1438 1855 fasces
1483 1791 1642 1834 cum
1688 1777 2053 1844 secures',
2100 1782 2157 1834 et
2200 1774 2354 1852 apud
2398 1772 2725 1851 Vergilium

553 1894 716 1935 cum
763 1874 908 1934 tibi
951 1873 1300 1935 sollicito
1343 1876 1628 1935 secreti
1675 1876 1758 1935 ad
1804 1874 2145 1935 fluminis
2186 1874 2468 1937 undam.

253 1978 384 2035 item
429 1994 569 2037 cum
615 1976 880 2036 subiecta
937 1974 1390 2053 pronominibus
1449 1976 1538 2035 his
1583 1974 1923 2037 adverbium
1969 1976 2367 2045 demonstrat,
2427 1985 2491 2039 ut
2525 1984 2667 2056 puta
2716 1998 2837 2039 me·
2866 2000 2915 2039 15

255 2096 382 2137 cum
423 2086 622 2139 tecum
669 2076 977 2137 nobiscum
1021 2076 1345 2138 vobiscum.
1406 2095 1518 2155 pro
1561 2078 1849 2155 significat
1890 2084 1947 2137 et
1991 2076 2353 2148 adverbium,
2400 2085 2466 2139 ut
2508 2087 2651 2157 puta
2694 2081 2841 2158 ‘pro

254 2178 509 2259 luppiter
527 2184 570 2239 '.
662 2196 806 2257 prae
866 2178 1154 2254 significat
1212 2187 1271 2238 et
1333 2178 1708 2248 adverbium,
1779 2186 1841 2238 ut
1904 2179 2059 2257 apud
2103 2179 2443 2240 Terentium
2491 2184 2703 2260 ‘prae
2762 2188 2842 2242 ut

255 2280 462 2342 huius
507 2280 822 2342 rabies'.
913 2280 1042 2341 sine
1085 2280 1376 2356 significat
1419 2288 1478 2341 et
1523 2280 1785 2348 verbum,
1834 2287 1900 2341 ut
1943 2280 2097 2358 apud
2143 2281 2485 2343 Terentium

1161 2382 1321 2441 sine
1365 2400 1472 2441 me
1513 2384 1915 2459 pervenire
1958 2402 2107 2461 quo
2152 2382 2343 2443 volo.

255 2502 422 2562 super
459 2484 758 2562 significat
801 2492 860 2545 et
904 2481 1267 2553 adverbium,
1313 2491 1378 2543 ut
1422 2484 1576 2562 apud
1621 2480 1942 2560 Vergilium
2864 2506 2915 2547 πο

1511 2593 1580 2645 et
1615 2604 1839 2664 super
1885 2588 2027 2665 ipsi

552 2685 1034 2747 Dardanidae
1078 2686 1384 2748 infensi.

255 2808 400 2849 nunc
444 2790 732 2870 quoniam
773 2786 1016 2865 longum
1063 2796 1154 2849 est
1197 2794 1255 2848 et
1297 2796 1524 2850 ceteras
1569 2790 2037 2867 praepositiones
2081 2790 2395 2869 prosequi,
2456 2798 2513 2850 et
2550 2790 2683 2851 ideo
2723 2791 2840 2851 boc

256 2910 581 2961 monemur„
645 2899 740 2960 ut,
784 2890 1022 2970 quando
1060 2892 1531 2969 praepositiones
1585 2891 1660 2952 ad
1703 2909 1904 2951 casum
1948 2910 2121 2951 suum
2172 2909 2289 2951 non
2334 2892 2701 2969 respondere
2742 2910 2838 2953 re-

253 2995 590 3069 periuntur,
641 2991 914 3053 adverbia
961 2991 1050 3053 vel
1097 2993 1152 3053 id
1199 2991 1358 3071 quod
1409 2992 1742 3070 significant
1798 2991 2185 3070 appellentur.
2275 3010 2416 3053 sane
2466 2992 2577 3052 boc
2634 3012 2839 3057 mone·
2865 3010 2915 3049 25

256 3112 402 3165 muS,
459 3094 623 3175 quod
669 3093 826 3173 apud
886 3100 944 3153 et
984 3112 1172 3172 penes
1214 3094 1686 3172 praepositiones
1740 3112 2063 3174 numquam
2110 3093 2297 3163 aliud,
2350 3113 2527 3173 quam
2571 3095 2630 3155 id
2678 3097 2837 3175 quod

256 3204 398 3265 sunt,
441 3196 780 3275 significare
819 3196 1212 3273 reperiantur.
1303 3196 1442 3255 item
1479 3214 1588 3275 per
1627 3202 1933 3257 accentum
1980 3195 2393 3257 discernuntur
2446 3200 2837 3275 praepositio-

257 3314 350 3357 nes
378 3297 448 3359 ab
491 3296 822 3358 adverbiis:
865 3304 928 3356 ut
959 3304 1101 3376 puta
1139 3304 1296 3366 ante,
1342 3298 1391 3358 si
1419 3314 1654 3374 gravem
1694 3304 2003 3357 accentum
2044 3296 2278 3366 habeat,
2314 3298 2427 3359 erit
2452 3300 2834 3376 praepositio,

255 3404 314 3457 ut
355 3401 505 3478 apud
551 3398 872 3477 Vergilium

547 3502 837 3563 Aeneae
877 3502 1098 3563 stetit
1143 3507 1316 3561 ante
1358 3500 1614 3577 pedes;
2866 3515 2917 3555 30

256 3602 300 3661 si
338 3622 474 3665 vero
519 3611 658 3665 ante
701 3610 942 3664 acutum
985 3609 1311 3663 accentum
1339 3600 1582 3671 habeat,
1631 3604 1745 3663 erit
1788 3590 2161 3675 adverbium,
2210 3610 2275 3664 ut
2314 3604 2467 3682 apud
2517 3604 2837 3683 Vergilium

547 3711 722 3765 ante
766 3710 838 3764 et
881 3703 1276 3765 Trinacria
1318 3702 1726 3764 lentandus
1769 3722 2019 3765 remus
2062 3704 2133 3764 in
2177 3706 2386 3767 unda.

411 3806 478 3866 ln
537 3813 600 3867 et
641 3824 756 3867 con
810 3806 1282 3884 praepositiones
1337 3805 1822 3867 antec-edentibus
1864 3826 1893 3867 s
1938 3806 2027 3868 vel
2075 3807 2102 3867 f
2143 3806 2355 3867 litteris
2410 3808 2841 3887 producuntur,

259 3914 314 3966 ut
365 3916 502 3985 puta
557 3906 826 3969 insolens
879 3910 1138 3969 insertus
1198 3906 1398 3967 infelix
1456 3906 1721 3969 inferens
1784 3926 2117 3969 consonans
2172 3918 2480 3970 consertus
2530 3910 2842 3977 confusum

259 4008 332 4067 sic
373 4016 432 4071 et
470 4018 666 4071 cetera
713 4009 865 4070 talia.
959 4026 1030 4069 ex
1077 4016 1138 4069 et
1181 4028 1212 4069 a
1259 4010 1735 4086 praepositiones
1783 4009 1938 4069 banc
1989 4008 2170 4089 aliqui
2216 4009 2419 4071 volunt
2458 4010 2683 4071 habere
2724 4011 2840 4071 dis-
2867 4020 2918 4060 35

261 4111 601 4179 cretionem,
659 4119 724 4171 ut
768 4117 905 4189 puta
953 4112 1055 4190 qui
1101 4111 1314 4170 dixerit
1355 4111 1468 4171 ‘ex
1516 4110 1647 4171 foro
1691 4110 1898 4169 venio'
1956 4128 2024 4171 ex
2068 4112 2197 4189 ipso
2242 4111 2374 4171 foro
2416 4114 2615 4171 venire
2672 4111 2841 4173 iutel-

384 4341 416 4388 2
453 4340 592 4405 apud
625 4336 940 4405 Vergilium]
977 4339 1136 4389 bucol.
1174 4339 1222 4401 1,
1261 4339 1332 4390 60
1468 4342 1502 4389 4
1541 4340 1795 4388 Antonius
1830 4354 1904 4389 om
1961 4338 2029 4398 B,
2071 4339 2193 4388 add.
2232 4342 2281 4391 R
2420 4340 2449 4387 7
2491 4339 2629 4403 apud
2660 4340 2839 4405 Vergi-

265 4405 394 4473 lium]
433 4410 592 4461 bucol.
635 4410 685 4469 7,
716 4408 750 4459 8
915 4418 1088 4457 contra
1126 4410 1268 4459 uidet
1298 4409 1345 4459 R
1385 4410 1523 4459 uidet
1555 4419 1727 4459 contra
1762 4409 1811 4459 B
1981 4406 2015 4457 9
2052 4410 2191 4475 apud
2230 4406 2553 4473 Sallustium]
2594 4409 2741 4461 Catil.
2775 4410 2843 4461 36

391 4478 457 4529 10
490 4479 628 4543 apud
659 4474 972 4545 Vergilium]
1015 4478 1148 4531 Aen.
1189 4478 1336 4529 1136
1481 4480 1544 4531 13
1581 4480 1726 4544 apud
1764 4474 2071 4543 Vergilium]
2112 4478 2242 4527 Aen.
2283 4480 2351 4528 Ill
2378 4478 2480 4529 380
2624 4480 2687 4529 15
2725 4496 2838 4529 cum

265 4546 475 4597 subiecta
507 4550 592 4600 Br
625 4564 742 4599 eum
779 4548 1062 4597 subiectam
1099 4564 1214 4597 cum
1249 4548 1297 4599 R
1402 4550 1466 4600 17
1503 4564 1628 4613 prae
1666 4546 1743 4613 ut]
1788 4549 1987 4601 Terent.
2016 4548 2245 4601 Eunuclz.
2288 4548 2503 4610 113,10
2612 4548 2676 4598 19
2704 4548 2837 4615 sine]

277 4612 463 4671 Terent.
481 4618 706 4669 Eunueh.
745 4620 764 4669 1
805 4619 856 4675 2,
887 4618 954 4668 44
1096 4616 1160 4667 21
1199 4618 1250 4666 et'
1285 4633 1442 4683 super
1475 4618 1518 4667 1ae
1554 4633 1710 4681 super
1746 4617 1832 4668 B.-
1876 4617 2037 4681 Verq.
2059 4618 2191 4669 Aen.
2234 4620 2278 4670 ΙΙ
2313 4618 2375 4669 71
2520 4618 2587 4669 93
2622 4627 2673 4667 et
2708 4629 2841 4669 cete-

273 4698 348 4735 rae
381 4686 429 4735 B
463 4698 655 4737 ceteras
690 4687 736 4737 R
914 4688 982 4737 24
1019 4686 1086 4736 ad
1123 4701 1294 4736 casum
1337 4703 1485 4739 suum
1521 4688 1572 4737 B
1607 4688 1674 4737 ad
1705 4702 1855 4737 suum
1898 4702 2047 4737 usum
2080 4687 2125 4737 R
2298 4686 2367 4738 30
2404 4684 2627 4752 Aeneae]
2678 4690 2839 4753 Vei-9.

277 4754 392 4804 Aen.
429 4757 474 4805 V
509 4757 602 4809 381
773 4756 840 4807 32
873 4766 988 4805 aute
1023 4766 1070 4805 et
1106 4756 1154 4807 R
1190 4764 1308 4807 ante
1341 4764 1392 4807 te
1427 4758 1506 4809 B.-
1551 4758 1708 4821 Verq.
1747 4756 1879 4805 Aen.
1911 4757 1977 4807 ΙΙΙ
2013 4756 2117 4807 384
2256 4758 2525 4807 lentandus
2562 4759 2609 4809 B
2649 4758 2839 4809 laetan-

277 4820 364 4871 dus
399 4824 444 4872 B
575 4827 644 4877 34
680 4826 907 4875 insolens
941 4825 1023 4875 Br
1056 4826 1286 4877 insulens
1322 4828 1368 4878 R
1506 4828 1729 4877 insertus
1766 4827 1811 4877 R
1850 4827 2096 4893 insestum
2130 4827 2184 4876 B
