3434 5442
906 372 1320 435 EXPLANAT.
1366 373 1444 436 IN
1487 373 1846 437 DONATVM
1891 375 2030 437 LlB.
2077 375 2102 436 1
2676 379 2800 442 523

331 477 364 520 s.
392 481 443 520 56
467 479 563 522 eod.
591 479 696 522 Lav-

226 560 586 639 conponitur
629 565 687 620 et
728 557 909 622 habet
951 559 1132 638 pedes
1171 560 1470 642 spondeos
1512 579 1646 633 sex,
1690 565 1791 642 qui
1835 581 1943 644 per
1987 563 2146 623 arsin
2191 569 2250 622 et
2292 562 2486 623 thesin
2532 551 2799 623 currunt.

225 663 377 722 arsis
431 668 492 722 et
545 659 726 724 thesis
787 670 876 724 est
927 662 1138 724 levatio
1197 673 1256 724 et
1310 665 1542 744 positio.
1630 681 1823 744 neque
1881 665 2039 725 enim
2092 662 2264 725 aliter
2317 664 2500 745 pedes
2543 664 2801 742 dirigere

227 771 578 845 potuerunt,
626 765 740 825 nisi
785 763 1010 826 alterna
1054 767 1181 826 vice
1223 764 1494 827 leventur
1537 773 1597 826 et
1639 775 1951 846 ponantur.
2007 767 2073 826 fit
2112 767 2293 844 igitur
2337 765 2555 827 herous
2597 784 2801 828 versus

225 864 480 944 spondio
525 865 752 946 dactylo
797 874 859 928 et
899 867 1180 929 trochaeo
1225 867 1478 938 alterna,
1526 874 1592 928 ut
1636 866 1917 937 diximus,
1964 869 2306 929 mutatione.
2352 868 2457 930 sed
2488 869 2802 930 trochaeus

225 985 334 1046 pes
375 969 437 1029 in
482 968 600 1028 fine
642 970 882 1048 ponitur
925 987 1188 1050 semper:
1265 987 1402 1030 nam
1447 967 1656 1030 melius
1713 968 1951 1050 conplet.
1994 988 2227 1031 versum
2272 969 2578 1056 heroicum
2622 989 2799 1051 spon·
2825 988 2852 1028 s

227 1069 356 1131 dius
401 1088 528 1150 peS.
616 1072 821 1150 quinto
863 1088 1004 1131 vero
1045 1070 1176 1131 loco
1222 1070 1484 1150 dactylus
1527 1073 1791 1153 ponitur,
1839 1073 1940 1152 qui
1986 1079 2214 1133 constat
2255 1071 2431 1150 longa
2475 1080 2533 1134 et
2576 1073 2803 1135 duabus

226 1171 524 1235 brevibus,
571 1191 605 1234 a
649 1172 815 1252 digiti
857 1174 1148 1252 positione
1191 1173 1380 1234 dictus
1423 1181 1514 1235 est
1543 1171 1835 1253 dactylus,
1884 1175 1986 1255 qui
2027 1175 2360 1234 iuncturam
2404 1193 2579 1236 unam
2626 1174 2805 1236 habet

225 1272 464 1352 longam
523 1281 582 1335 et
633 1272 844 1336 breves
901 1273 1044 1336 duas
1103 1274 1291 1356 [unde
1347 1281 1406 1337 et
1458 1273 1649 1356 palma
1709 1275 1973 1357 dicitur}
2062 1276 2115 1338 si
2170 1283 2365 1338 autem
2420 1277 2481 1336 in
2526 1276 2642 1337 fine
2688 1277 2803 1337 duo

225 1375 462 1457 spondii
506 1376 753 1448 fuerint,
800 1375 1192 1458 spondiadeus
1237 1378 1476 1449 dicitur,
1523 1385 1588 1440 ut
1630 1385 1718 1439 est
1762 1378 1860 1439 hic
1901 1395 2133 1448 versus,

533 1480 882 1541 constitit
923 1479 1442 1559 atque0oculis
1483 1479 1807 1560 Phrygia
1852 1481 2149 1558 agmina
2194 1480 2759 1558 circumspexit.
2832 1495 2880 1538 ιο

225 1581 292 1642 fit
323 1581 482 1642 enim
512 1583 574 1643 in
619 1599 792 1644 versu
838 1599 1111 1652 caesura,
1158 1600 1308 1662 quae
1341 1581 1554 1645 dicitur
1584 1582 2082 1663 penthemimeres
2114 1578 2202 1642 vel
2246 1580 2804 1661 hephthemimereS,

228 1701 381 1764 quae
433 1685 498 1744 fit
551 1685 612 1744 in
667 1684 870 1763 quinta
923 1681 1146 1763 syllaba
1199 1683 1290 1745 vel
1346 1685 1612 1765 septima.
1702 1702 1838 1746 nam
1884 1683 2056 1744 heroi
2097 1700 2304 1745 versus
2347 1685 2605 1764 quinque
2650 1692 2805 1756 sunt,

227 1792 293 1846 ut
334 1783 680 1863 perhibent,
728 1803 1040 1860 caesurae,
1084 1786 1617 1865 penthemimeres„
1660 1785 2235 1866 hephthemimereS,
2282 1793 2413 1847 cata
2456 1787 2639 1848 triton
2682 1795 2805 1848 tro-

227 1885 476 1956 chaeon‚
508 1894 633 1948 cata
663 1893 921 1950 tetarton
964 1887 1317 1959 trochaeon,
1361 1886 1649 1950 bucolice.
1709 1888 1814 1950 sed
1858 1887 2009 1949 duae
2050 1889 2281 1967 priores
2324 1886 2804 1968 frequentantur:

227 2005 368 2050 nam
389 1987 523 2050 illae
551 1995 674 2049 tres
703 1997 804 2051 aut
829 1989 1127 2053 interdum
1151 1998 1253 2052 aut
1274 1988 1527 2054 difficile.
1573 2008 1778 2053 versus
1807 1991 1909 2071 qui
1936 2007 2057 2051 non
2088 1988 2267 2050 habet
2296 1989 2805 2070 penthemimeren
2834 2007 2883 2049 1⁵

225 2109 535 2154 caesuram
589 2098 691 2154 aut
744 2091 1298 2173 hephthemimeren
1351 2111 1469 2154 non
1515 2100 1646 2154 stat.
1738 2110 1980 2154 caesura
2035 2090 2191 2154 dicta
2247 2099 2337 2153 est
2378 2109 2529 2172 quae
2571 2109 2805 2153 versum

227 2193 422 2255 caedit
465 2212 573 2275 per
616 2194 1014 2263 scansionem,
1072 2195 1187 2256 hoc
1242 2203 1332 2257 est
1384 2213 1494 2276 per
1549 2195 1911 2257 divisionem.
2000 2195 2067 2254 fit
2109 2196 2265 2256 enim
2312 2195 2427 2256 sic:
2474 2195 2647 2274 ponis
2692 2193 2806 2254 duo

227 2287 488 2375 dactylos
531 2297 642 2367 sic,
703 2303 772 2358 ut
826 2295 1047 2378 syllaba
1106 2315 1255 2376 quae
1298 2295 1654 2378 relinquitur
1693 2305 1831 2378 post
1874 2296 1989 2359 duo
2032 2296 2215 2378 pedes
2257 2297 2537 2358 terminet
2579 2303 2807 2374 partem

225 2398 529 2459 orationis.
615 2398 758 2460 item
812 2403 948 2476 post
1004 2406 1123 2459 tres
1175 2397 1358 2477 pedes
1409 2397 1629 2479 syllaba
1685 2417 2001 2462 remanens
2044 2391 2203 2459 facit
2226 2395 2805 2478 hephthemimeren‚

225 2507 292 2560 ut
335 2501 400 2560 in
444 2499 648 2561 eadem
694 2517 833 2580 pars
876 2501 1162 2562 orationis
1215 2500 1472 2562 finiatur.
1561 2500 1799 2564 adverte
1852 2502 2180 2563 scansionis
2234 2499 2409 2562 huius
2452 2497 2807 2578 exemplum,
2834 2516 2887 2558 ιο

224 2619 393 2664 arma
455 2603 763 2682 virumque
823 2619 920 2672 ca;
981 2609 1250 2663 remanet
1304 2601 1520 2684 syllaba
1579 2621 1685 2674 no,
1746 2622 1897 2684 quae
1957 2600 2195 2682 conplet
2250 2610 2478 2682 partem
2525 2602 2811 2662 orationis

224 2721 395 2765 cano.
483 2703 623 2765 inde
676 2703 974 2782 iungimus
1025 2703 1179 2766 hanc
1235 2703 1516 2788 syllabam
1573 2707 1870 2786 sequenti,
1916 2713 1982 2767 ut
2023 2706 2124 2767 fiat
2166 2704 2462 2785 spondeus
2506 2721 2575 2764 ex
2622 2701 2813 2783 longis

225 2803 487 2876 duabus,
531 2823 610 2867 no
653 2805 806 2875 Tro;
855 2812 1124 2868 remanet
1165 2806 1287 2873 iae,
1334 2824 1484 2888 quae
1530 2806 1766 2888 conplet
1808 2816 2036 2888 partem
2083 2807 2385 2869 orationis
2444 2807 2640 2884 iungis
2668 2807 2809 2866 item

223 2907 320 2968 iae
365 2908 499 2988 qui,
547 2906 613 2967 fit
654 2905 804 2970 alius
845 2905 1162 2988 spondeus.
1250 2908 1455 2988 quinto
1498 2906 1630 2971 loco
1675 2913 1914 2990 ponitur
1960 2909 2239 2989 dactyluS,
2284 2909 2513 2988 primus
2556 2907 2661 2975 ab,
2708 2907 2809 2968 de·

222 3009 366 3070 inde
411 3007 740 3080 trochaeus,
787 3011 935 3080 oriS,
981 3009 1246 3092 quamvis
1299 3009 1538 3072 ultimae
1583 3009 1837 3088 syllabae
1882 3011 2125 3072 minime
2170 3011 2602 3071 discernantur.
2670 3027 2806 3070 nam
2834 3027 2885 3068 25

224 3113 344 3172 iam
391 3109 465 3172 de
499 3110 772 3172 finalibus
816 3109 1054 3192 syllabis
1097 3110 1458 3190 disputatum
1507 3119 1621 3182 est,
1669 3131 1820 3193 quae
1864 3113 1983 3172 sint
2025 3111 2251 3191 longae,
2299 3129 2451 3193 quae
2478 3113 2613 3172 'sint
2656 3109 2808 3173 scili-

225 3221 322 3274 cet
363 3210 592 3274 breves.

397 3315 642 3378 Scansio
700 3333 904 3377 versus
958 3315 1201 3378 heroici.
1290 3314 1514 3397 syllaba
1557 3334 1708 3396 quae
1764 3335 1942 3396 super
1985 3335 2049 3377 se
2090 3315 2271 3377 habet
2314 3314 2551 3394 longam
2594 3313 2807 3376 lineam

223 3419 354 3497 ipsa
399 3423 488 3478 est
529 3416 702 3496 longa
749 3417 896 3498 [hoc
940 3423 1028 3480 est
1070 3415 1379 3499 hyphen];
1427 3435 1578 3496 quae
1623 3426 1819 3480 autem
1864 3416 2181 3500 obliquam,
2228 3417 2422 3480 brevis
2467 3424 2570 3489 est,
2616 3417 2808 3478 arma-

227 3517 286 3579 vi
350 3517 676 3599 rumqueca‘i
742 3520 940 3581 noTrt‘)
1007 3521 1226 3600 iaequi,
1273 3519 1587 3601 prrmnsab
1655 3525 1799 3581 oris.
1886 3519 2269 3601 spondiadius
2332 3519 2635 3581 scanditur
2698 3521 2798 3593 sic,
2834 3537 2886 3580 so

225 3621 492 3684 constitit
566 3622 854 3702 atqueo'cfi
933 3620 1235 3702 lIsPhrygi‘
1309 3622 1546 3702 agmina
1625 3629 1858 3684 circum
1930 3627 2140 3704 spexit.
2230 3621 2513 3684 iambicus
2590 3622 2809 3686 herous

224 3723 533 3786 scanditur
581 3707 810 3804 Kmphi
853 3728 929 3784 on
942 3723 1048 3785 Dir
1094 3723 1334 3786 caefisi‘n
1379 3723 1523 3786 Acte
1567 3725 1721 3786 oAra
1764 3724 2013 3805 cyntho:
2060 3732 2191 3786 teor
2233 3723 2583 3805 synaliphen
2610 3725 2807 3788 habet.

225 3825 620 3887 Terentianus

531 3927 1006 3990 hexametros
1049 3928 1284 3991 tradit
1325 3931 1623 4008 genitos
1667 3927 1808 3991 duo
1852 3931 2089 4010 prima
2135 3935 2503 3998 vetustas,

369 4167 403 4216 2
440 4167 570 4218 arsis
601 4173 650 4216 et
679 4167 808 4216 tesis
832 4171 908 4216 est
942 4165 1188 4218 leuationi
1213 4167 1259 4218 si
1297 4165 1399 4218 alte
1428 4167 1614 4218 lenutio
1653 4177 1703 4219 et
1735 4169 1923 4234 positio
1961 4183 2123 4232 neque
2150 4169 2285 4218 enim
2322 4169 2451 4218 inter
2484 4167 2644 4234 pedes
2671 4167 2805 4217 dire-

226 4251 356 4305 gere
389 4243 664 4303 potuerunt
701 4249 768 4286 na
793 4237 910 4286 uice
939 4236 1172 4288 leuentur
1200 4245 1250 4288 et
1286 4247 1542 4304 ponuntur
1576 4239 1625 4289 L
1765 4238 1800 4289 6
1834 4239 1991 4303 longa
2034 4238 2115 4288 uel
2154 4238 2351 4289 duabus
2387 4238 2436 4286 L
2579 4237 2645 4288 10
2685 4252 2805 4287 con-

226 4304 375 4374 stitit]
416 4309 573 4374 Ver-q.
609 4305 737 4356 Aen.
771 4309 816 4357 11
852 4305 922 4358 68
1082 4306 1242 4374 frigia
1267 4310 1512 4374 augmina
1546 4309 1963 4373 circuminspexit
2000 4307 2049 4357 L
2226 4310 2287 4361 11
2330 4306 2695 4373 pentemimere
2722 4309 2805 4357 uel

227 4379 559 4442 eptemimere
593 4376 643 4425 L
784 4376 849 4429 13
888 4391 1069 4427 cesura
1106 4379 1470 4443 pentemimere
1502 4379 1831 4444 eptemimere
1867 4384 2069 4429 troceon
2116 4385 2332 4429 tetarton
2369 4385 2574 4427 trooean
2610 4378 2807 4443 pocoli-

225 4462 321 4498 cen
358 4447 404 4496 L
547 4447 612 4496 15
645 4448 1004 4512 pentemimere
1041 4462 1222 4497 cesara
1257 4455 1345 4498 aut
1378 4450 1706 4514 eptemimere
1748 4447 1793 4498 L
1936 4448 2000 4500 17
2036 4446 2223 4515 caedit]
2262 4447 2453 4498 recedit
2491 4445 2541 4496 L
2656 4448 2805 4514 ponis

227 4524 283 4567 ut
321 4517 411 4567 dot
441 4529 643 4566 cursum
683 4515 845 4580 (corr.
882 4531 970 4566 -us
1007 4520 1046 4578 l)
1081 4518 1184 4570 duo
1215 4517 1265 4566 L
1437 4519 1502 4572 19
1532 4520 1851 4570 estemimere
1888 4518 1939 4568 L
2090 4519 2157 4570 21
2200 4532 2349 4584 quem
2386 4516 2589 4584 conplet
2619 4519 2671 4569 L

225 4587 476 4653 2810nga
508 4586 640 4636 linea
675 4584 726 4634 L
865 4585 934 4636 29
970 4584 1199 4653 hyphen]
1239 4586 1328 4637 ifln
1371 4589 1416 4637 L
1555 4589 1618 4640 31
1656 4589 1779 4655 frigi
1815 4589 2021 4638 aumina
2057 4588 2106 4638 L
2212 4589 2278 4640 32
2320 4585 2599 4654 Amphion]
2642 4589 2802 4654 Vera.

227 4657 336 4708 buc.
371 4658 428 4720 2,
465 4655 536 4706 24
695 4654 858 4708 aethe.
896 4667 985 4705 ora
1021 4672 1158 4723 cync.
1195 4665 1266 4711 to.
1305 4656 1470 4709 theor.
1509 4658 1729 4724 synalii'e
1760 4659 1909 4709 habet
1950 4659 2013 4709 L.
2056 4659 2306 4709 iambicum
2339 4657 2542 4708 hemum
2573 4661 2647 4710 ita
2680 4659 2805 4724 effe-

226 4731 358 4779 cisae
391 4727 591 4778 videtin·
621 4726 994 4791 gramaticus,
1027 4734 1086 4777 ut
1117 4741 1146 4776 o
1187 4727 1456 4794 synalipha
1487 4731 1684 4791 periret
1698 4765 1712 4792 ‚
1760 4729 1866 4778 Ara
1894 4744 1997 4792 pro
2038 4727 2200 4779 iambo
2236 4733 2597 4794 conputas-mr·
2736 4725 2803 4780 83

226 4796 566 4920 ιεὲἔῧιιιίαιιιέε
609 4803 870 4846 exametro
911 4796 969 4848 id
1017 4805 1096 4847 est
1131 4795 1338 4849 heroico
1391 4805 1440 4848 et
1477 4799 1691 4849 iambico
1728 4807 2017 4850 exametros
2052 4798 2263 4850 tradidit
2303 4799 2382 4851 L.-
2424 4797 2716 4850 Terentina.
2752 4815 2799 4854 υ.

232 4866 259 4918 1
539 4867 574 4916 4
609 4872 838 4917 uetustos
870 4867 920 4916 L
