3434 5442
643 346 763 407 178
1823 342 2050 405 PROB!

742 476 784 515 ρ.
814 460 976 502 311.¹2
1006 460 1054 501 n.
2811 470 2856 510 p.
2886 457 3047 500 «ιω-ι
3079 456 3136 497 v.

638 532 1008 593 nutriendus
1098 548 1238 591 sane
1288 533 1465 591 etiam
1522 530 1639 591 hoc
1693 547 2040 600 monemuS‚
2110 530 2270 610 quod
2319 531 2382 589 in
2439 530 2551 591 hac
2598 532 2768 591 tertia
2817 530 3238 607 coniugatione

637 634 955 713 producta,
1016 652 1128 712 qua
1175 634 1427 695 diximus
1480 631 1794 692 indicativo
1855 633 1974 693 sive
2009 632 2446 709 pronuntiativo
2491 632 2668 692 modo
2720 631 3012 709 temporis
3063 648 3236 708 prae·

639 736 820 795 sentis
872 738 990 797 sive
1036 736 1301 796 instantis
1354 733 1535 795 verba
1590 736 1825 795 numeri
1869 732 2183 809 singularis
2223 736 2282 795 io
2327 731 2540 794 litteris
2593 733 2856 803 definiri,
2909 732 3074 812 quod
3119 732 3238 791 sint

638 836 831 915 aliqua
878 836 1090 905 verba,
1157 856 1306 916 quae
1361 838 1419 897 in
1474 836 1685 897 eodem
1731 835 1910 896 modo
1965 836 2162 914 specie
2218 833 2564 914 imperfecta
2623 836 2746 895 sive
2801 836 2998 895 minus
3055 850 3232 910 quam

584 961 609 999 ⁶
638 922 899 1015 perfecta
942 937 1029 998 vel
1078 939 1404 999 inchoativa
1462 945 1520 998 et
1562 938 1674 999 hac
1716 939 1904 998 forma
1965 938 2339 1015 reperiantur
2385 936 2704 1006 declinari,
2749 943 2816 997 ut
2855 944 2998 1013 puta
3045 937 3236 995 nutri-

637 1039 772 1099 bam
816 1038 1072 1100 lenibam
1113 1039 1375 1118 polibam
1407 1047 1465 1101 et
1498 1046 1693 1100 cetera
1741 1037 1897 1099 talia.
1957 1038 2058 1099 sed
2103 1038 2252 1099 haec
2295 1056 2447 1116 quae
2479 1037 2568 1099 vel
2601 1046 2744 1117 quot
2779 1039 2897 1098 sint
2926 1036 3130 1106 verba,
3177 1038 3232 1096 in

637 1142 797 1202 sonis
842 1148 1230 1219 conpetenter
1272 1141 1679 1203 tractabimus,
1771 1160 1930 1201 nunc
1977 1142 2150 1201 etiam
2195 1140 2309 1200 boc
2359 1157 2688 1209 monemuS,
2735 1139 2892 1219 quod
2941 1158 3014 1201 ex
3057 1141 3234 1200 tertia

638 1245 1051 1319 coniugatione
1096 1242 1383 1321 producta
1427 1262 1545 1303 non
1592 1261 1664 1303 eo
1702 1242 1950 1321 plurimi
1991 1244 2148 1310 soni,·
2187 1241 2302 1301 boc
2331 1248 2420 1303 est
2467 1259 2588 1301 non
2621 1259 2692 1302 eo
2737 1240 2992 1320 plurima
3030 1240 3232 1309 verba,

634 1347 863 1422 possint
907 1344 1191 1405 exhiberi.

558 1468 609 1509 ιο
806 1445 931 1507 Alia
987 1444 1296 1508 declinatio
1349 1444 1632 1507 neutralis
1684 1444 1912 1507 scilicet
1962 1446 2170 1506 tertiae
2227 1445 2658 1523 coniugationis
2717 1444 3068 1523 productae.
3163 1462 3232 1505 eo

640 1547 881 1608 verbum
926 1547 1197 1609 neutrale
1242 1548 1554 1609 indicativo
1600 1550 1720 1609 sive
1767 1548 2204 1625 pronuntiativo
2242 1546 2420 1607 modo
2465 1546 2686 1607 dictum
2733 1548 3017 1625 temporis
3057 1566 3232 1625 prae-

580 1712 591 1717 ,
636 1652 821 1711 sentis
877 1652 997 1711 sive
1049 1652 1321 1710 instantis
1376 1652 1611 1712 numeri
1658 1649 1973 1727 singularis
2031 1650 2258 1727 figurae
2317 1647 2598 1726 simplicis
2651 1666 2948 1727 personae
3001 1650 3234 1728 primae

636 1753 1063 1829 coniugationis
1127 1753 1335 1812 tertiae
1396 1752 1752 1831 productae,
1817 1751 1972 1829 quod
2046 1750 2434 1813 declinabitur
2492 1752 2596 1811 sic.
2685 1750 2862 1811 modo
2915 1751 3232 1812 indicativo

636 1854 756 1915 sive
802 1855 1237 1931 pronuntiative
1296 1862 1564 1933 tempore
1610 1854 1906 1931 praesenti
1964 1853 2084 1915 sive
2125 1854 2364 1913 instanti
2421 1852 2656 1912 numeri
2700 1850 3018 1928 singularis
3062 1871 3136 1913 eo
3183 1854 3236 1911 is

554 1976 603 2016 15
634 1958 697 2025 it,
742 1957 978 2015 numeri
1022 1953 1265 2033 pluralis
1307 1958 1460 2017 imus
1504 1957 1599 2015 itis
1640 1961 1813 2016 eunt:
1873 1953 2081 2016 eodem
2125 1954 2302 2015 modo
2347 1962 2615 2031 tempore
2658 1954 2982 2031 praeterito
3033 1957 3233 2032 specie

634 2056 981 2135 imperfecta
1026 2058 1145 2117 sive
1186 2058 1384 2117 minus
1414 2076 1589 2137 quam
1630 2057 1895 2136 perfecta
1940 2055 2032 2117 vel
2074 2056 2402 2117 inchoativa
2445 2054 2680 2117 numeri
2709 2054 3028 2132 singularis
3075 2056 3232 2116 ibam

634 2159 761 2220 ibas
804 2158 958 2228 ibat,
1015 2160 1249 2219 numeri
1292 2158 1534 2237 pluralis
1578 2158 1810 2219 ibamus
1852 2156 2028 2219 ibatis
2065 2158 2259 2217 ibant:
2335 2156 2544 2218 eodem
2585 2158 2766 2217 modo
2824 2157 3034 2219 eodem
3085 2166 3234 2219 tem-

632 2280 781 2339 pore
836 2262 1033 2339 specie
1078 2259 1341 2339 perfecta
1396 2262 1514 2322 sive
1564 2258 1836 2321 absoluta
1899 2261 2135 2320 numeri
2179 2258 2494 2337 singularis
2549 2259 2624 2319 ivi
2663 2260 2755 2319 isti
2797 2258 2929 2328 ivit,
2993 2260 3234 2321 numeri

634 2361 879 2441 pluralis
935 2364 1145 2422 ivimus
1192 2363 1315 2421 istis
1359 2362 1557 2423 ierunt
1598 2361 1690 2423 vel
1733 2362 1888 2423 iere:
1963 2361 2170 2423 eodem
2219 2360 2395 2421 modo
2449 2359 2658 2421 eodem
2706 2369 2978 2439 tempore
3031 2364 3236 2441 speeie

556 2482 608 2523 πο
636 2464 1210 2543 plusquamperfecta
1253 2465 1373 2524 sive
1417 2462 1782 2524 recordativa
1822 2464 1832 2545 Ι
1873 2462 1964 2525 vel
2007 2470 2208 2525 exacta
2262 2464 2494 2523 numeri
2537 2460 2853 2539 singularis
2907 2462 3130 2523 iveram
3179 2470 3241 2523 et

633 2566 837 2635 ieram,
885 2567 1074 2625 iveras
1112 2573 1171 2624 et
1214 2566 1388 2633 ieras,
1436 2566 1623 2627 iverat
1658 2573 1715 2625 et
1753 2566 1932 2633 ierat;
1981 2567 2212 2627 numeri
2257 2563 2500 2641 pluralis
2536 2565 2830 2625 iveramus
2859 2572 2920 2625 et
2952 2566 3234 2634 ieramus,

631 2668 868 2728 iveratis
906 2673 963 2728 et
1005 2667 1233 2738 ieratiS,
1294 2668 1525 2729 iverant
1569 2674 1627 2727 et
1664 2669 1888 2727 ierant:
1945 2663 1973 2749 ΙΙ
2027 2665 2236 2727 eodem
2293 2666 2468 2726 modo
2525 2672 2797 2744 tempore
2850 2666 3052 2727 futuro
3109 2668 3238 2728 sive

635 2770 983 2847 promissivo
1027 2767 1205 2828 modo
1275 2769 1509 2829 numeri
1558 2767 1872 2847 singularis
1928 2768 2027 2828 ibo
2072 2768 2182 2829 ibis
2225 2767 2359 2838 ibit,
2428 2770 2658 2830 numeri
2711 2767 2956 2848 pluralis
3011 2768 3240 2830 ibimus

630 2870 791 2931 ibitis
833 2870 1021 2931 ibunt.
1112 2870 1290 2932 modo
1335 2871 1680 2950 imperativo
1726 2878 1996 2947 tempore
2027 2872 2326 2949 praesenti
2367 2870 2488 2930 sive
2519 2870 2758 2931 instanti
2807 2870 2881 2931 ad
2909 2870 3236 2931 secundam

557 2990 609 3031 25
638 2979 697 3032 et
742 2974 973 3035 tertiam
1032 2990 1351 3050 personam
1409 2980 1641 3033 tantum
1696 2973 1933 3039 numeri
1979 2971 2296 3050 singularis
2341 2973 2362 3032 i
2407 2977 2528 3040 eat,
2588 2973 2823 3032 numeri
2862 2971 3110 3051 pluralis
3153 2974 3236 3033 ite

635 3082 799 3136 eant:
868 3074 1076 3136 eodem
1122 3073 1298 3135 modo
1344 3081 1614 3153 tempore
1658 3074 1860 3135 futuro
1907 3074 2135 3134 numeri
2179 3070 2494 3151 singularis
2537 3072 2618 3133 ito
2659 3074 2772 3144 ito,
2817 3075 3051 3135 numeri
3099 3073 3234 3153 plu-

634 3177 773 3237 ralis
816 3178 957 3237 itote
1005 3177 1188 3237 iunt0.
1281 3176 1455 3237 modo
1498 3177 1726 3237 infinito
1770 3177 1888 3235 sive
1919 3182 2209 3253 perpetuo
2255 3176 2519 3236 numeris
2563 3182 2622 3235 et
2660 3177 2932 3252 personis
2967 3177 3236 3236 confusis

635 3286 906 3356 tempore
953 3280 1254 3356 praesenti
1299 3280 1421 3339 sive
1463 3280 1703 3340 instanti
1746 3279 1865 3346 ire,
1935 3275 2142 3338 eodem
2187 3276 2364 3337 modo
2411 3284 2680 3355 tempore
2724 3278 3047 3356 praeterito
3095 3278 3232 3345 isse,

636 3380 845 3441 eodem
894 3380 1070 3439 modo
1121 3386 1391 3457 tempore
1442 3381 1640 3441 futuro
1694 3382 1840 3442 itum
1885 3381 1992 3441 ire.
2083 3378 2260 3439 modo
2305 3380 2562 3456 optativo
2619 3386 2889 3456 tempore
2931 3380 3236 3458 praesenti

560 3498 613 3541 30
638 3484 757 3541 sive
790 3483 1032 3542 instanti
1070 3482 1303 3541 numeri
1334 3480 1647 3559 singularis
1692 3483 1915 3542 utinam
1951 3500 2100 3551 eam,
2146 3482 2370 3542 utinam
2403 3496 2521 3549 eas,
2565 3481 2788 3541 utinam
2827 3487 2948 3549 eat;
2995 3482 3236 3543 numeri

636 3580 882 3660 pluralis
928 3583 1151 3643 utinam
1193 3600 1427 3651 eamus,
1475 3585 1693 3643 utinam
1742 3584 1912 3651 eatis,
1975 3584 2198 3643 utinam
2239 3589 2402 3643 eant:
2479 3582 2692 3644 eodem
2733 3582 2911 3643 modo
2960 3591 3238 3662 tempore

554 3698 567 3706 ·
636 3686 957 3760 praeterito
1002 3684 1197 3762 specie
1225 3683 1573 3762 imperfecta
1614 3686 1736 3746 sive
1767 3687 1960 3746 minus
1989 3702 2164 3764 quam
2207 3684 2472 3764 perfecta
2502 3682 2594 3745 vel
2621 3684 2952 3746 inchoativa
2995 3688 3236 3746 numeri

636 3782 949 3863 singularis
989 3785 1209 3845 utinam
1242 3787 1407 3855 irem,
1438 3788 1661 3847 utinam
1690 3788 1831 3855 ires,
1875 3788 2098 3848 utinam
2129 3788 2272 3856 iret;
2319 3787 2554 3847 numeri
2589 3784 2833 3865 pluralis
2861 3788 3084 3847 utinam
3117 3789 3237 3848 ire-

635 3905 787 3956 muS‚
822 3888 1041 3947 utinam
1074 3888 1255 3957 iretiS,
1284 3890 1508 3950 utinam
1530 3890 1720 3949 irent:
1754 3890 1960 3949 eodem
1989 3889 2166 3949 modo
2197 3887 2410 3950 eodem
2435 3896 2706 3966 tempore
2737 3890 2936 3967 specie
2963 3890 3232 3967 perfecta

562 4006 613 4045 35
642 3991 762 4051 sive
796 3987 1061 4049 absoluta
1107 3992 1343 4050 numeri
1373 3988 1690 4068 singularis
1717 3992 1940 4051 utinam
1971 3992 2175 4053 iverim
2205 3998 2263 4050 et
2290 3992 2482 4061 ierim,
2521 3991 2742 4051 utinam
2777 3992 2954 4053 iveris
2981 4000 3040 4051 et
3071 3992 3236 4059 ieris,

636 4093 863 4152 utinam
902 4092 1073 4153 iverit
1116 4098 1175 4152 et
1217 4092 1381 4161 ierit;
1429 4094 1663 4153 numeri
1704 4090 1948 4171 pluralis
1997 4093 2218 4153 utinam
2263 4093 2546 4153 iverimus
2588 4101 2647 4153 et
2687 4094 2961 4162 ierimuS‚
3003 4094 3234 4155 utinam

637 4194 857 4253 iveritis
912 4198 969 4253 et
1010 4194 1227 4266 ieritiS‚
1285 4196 1502 4254 utinam
1549 4196 1764 4255 iverint
1820 4202 1878 4255 et
1917 4195 2128 4255 ierint:
2201 4193 2410 4256 eodem
2466 4193 2643 4255 modo
2703 4194 2914 4257 eodem
2956 4202 3238 4273 tempore

638 4296 835 4373 specie
864 4293 1441 4375 plusquamperfecta
1478 4298 1598 4357 sive
1630 4295 1998 4357 recordativa
2031 4294 2122 4357 vel
2153 4302 2356 4357 exacta
2399 4296 2632 4357 numeri
2657 4294 2972 4373 singularis
3007 4298 3236 4357 utinam

639 4398 836 4466 issem,
883 4398 1105 4457 utinam
1146 4398 1315 4465 isses,
1364 4398 1583 4458 utinam
1630 4398 1798 4467 isset;
1857 4399 2092 4459 numeri
2133 4396 2378 4476 pluralis
2422 4399 2644 4459 utinam
2691 4398 2960 4469 issemus,
3007 4399 3240 4459 utinam

561 4515 615 4558 ιο
638 4498 855 4568 issetiS,
904 4500 1121 4559 utinam
1163 4500 1379 4559 issent:
1454 4500 1661 4561 eodem
1702 4498 1880 4559 modo
1925 4508 2196 4579 tempore
2241 4499 2439 4561 futuro
2481 4502 2718 4561 numeri
2755 4497 3070 4578 singularis
3121 4502 3240 4561 uti-

780 4676 811 4726 5
852 4684 899 4725 et
935 4676 1008 4741 (et
1040 4693 1131 4727 om.
1172 4680 1223 4741 r)
1260 4677 1357 4727 hac
1386 4678 1551 4728 forma
1585 4680 1632 4729 R
1672 4686 1720 4727 et
1756 4678 1888 4728 hanc
1927 4678 2140 4727 sormam
2175 4678 2228 4727 B
2403 4681 2432 4724 7
2471 4680 2802 4729 tractabimus
2838 4694 2863 4727 ι·
2898 4681 3241 4731 tractauimus

640 4746 738 4797 RB
882 4745 947 4795 18
986 4748 1056 4797 iui
1096 4748 1180 4796 isti
1219 4748 1312 4797 init
1344 4748 1396 4798 B
1432 4750 1505 4799 ini
1540 4750 1627 4798 isti
1666 4748 1757 4799 ibit
1793 4748 1838 4799 R
1875 4750 1948 4797 ini
1985 4748 2068 4798 isti
2101 4748 2161 4796 iit
2195 4764 2226 4797 r
2403 4748 2470 4799 19
2505 4750 2697 4801 inimus
2735 4750 2788 4799 B
2821 4750 3010 4798 ibimus
3049 4750 3096 4801 R

639 4817 708 4869 26
746 4824 861 4865 eunt
896 4832 957 4867 νυ
998 4818 1103 4866 iant
1136 4818 1183 4867 R
