3434 5442
762 285 787 304 Q

876 327 1273 392 INSTITVTA
1314 325 1597 391 ARTIVM
1636 327 1971 391 271-290
2315 357 2318 362 ·
2627 325 2710 390 93

298 443 519 490 ,mvn
2201 495 2206 500 ⁸
2297 443 2526 498 pessso
2555 442 2609 484 v.

190 461 379 598 geJeris
410 518 735 578 communis
772 518 1007 600 nomina
1059 519 1413 579 nominativo
1458 535 1598 579 casu
1640 519 1872 579 numeri
1915 515 2223 596 singularis
2263 516 2314 575 is
2353 515 2563 577 litteris
2607 517 2710 578 de-

188 621 331 689 liniri,
372 620 475 680 hoc
512 637 829 680 monemus
880 620 1039 697 quod
1084 639 1259 699 quam
1299 621 1538 699 plurimi
1579 620 1735 690 soni,
1781 619 1915 688 *hoc
1959 626 2046 680 εει
2089 633 2265 698 quam
2309 617 2562 697 plurima
2603 635 2709 678 no-

186 725 322 790 mina,
360 721 574 798 possint
614 720 899 782 exhiberi.

314 823 443 884 item
484 840 899 903 quaecumque
940 827 1179 886 nomina
1229 826 1464 903 generis
1507 823 1730 886 scilicet
1773 826 2100 886 communis
2159 822 2513 884 nominativo
2567 841 2708 884 casu

181 926 369 988 numeri
409 923 723 1002 singularis
760 925 872 987 hac
912 926 1103 987 forma
1148 926 1535 997 definiuntur,
1595 927 1653 989 id
1698 935 1786 988 est
1830 927 2056 988 doctior
2102 932 2159 987 et
2205 933 2400 986 cetera
2443 923 2606 996 talia,
2651 933 2708 985 et
2759 951 2785 990 5

182 1049 234 1090 ex
264 1047 354 1089 sua
388 1029 583 1107 specie
626 1029 689 1087 in
737 1045 955 1107 genera
1005 1033 1214 1090 neutra
1258 1035 1593 1099 transeunt,
1650 1028 1799 1093 haec
1850 1031 1910 1089 in
1956 1028 2164 1090 eodem
2219 1045 2438 1107 genere
2495 1035 2708 1088 neutro

179 1132 479 1192 nominativo
538 1147 681 1192 casu
732 1133 963 1192 numeri
1017 1131 1329 1210 singularis
1379 1133 1469 1193 ius
1522 1130 1733 1193 litteris
1780 1131 2165 1200 definiuntur,
2215 1137 2282 1190 ut
2324 1137 2463 1210 puta
2510 1129 2607 1190 hic
2652 1135 2710 1190 ει

178 1235 291 1294 haec
330 1232 551 1294 doctior
592 1232 709 1293 hoc
756 1232 1013 1304 doctius,
1061 1241 1121 1294 ει
1162 1233 1487 1296 secundum
1525 1249 1713 1311 genus
1757 1239 2036 1294 neutrum
2075 1230 2461 1294 declinantur.
2534 1242 2707 1291 nunc

176 1355 227 1396 ex
260 1336 357 1396 hac
396 1335 619 1403 forma,
688 1353 807 1414 qua
864 1335 1116 1397 diximus
1176 1338 1411 1414 generis
1475 1337 1804 1397 communis
1867 1337 2108 1396 nomina
2165 1335 2520 1396 nominativo
2567 1351 2708 1394 casu

175 1439 361 1498 numeri
394 1435 713 1514 singularis
770 1439 864 1498 ior
926 1438 1139 1501 litteris
1193 1439 1451 1508 definiri,
1514 1437 1631 1498 hoc
1686 1455 1994 1500 monemus
2057 1436 2217 1517 quod
2275 1454 2451 1517 quam
2505 1435 2706 1515 plures
2737 1453 2788 1498 io

172 1519 283 1608 so'ni,
318 1539 423 1600 hoc
466 1547 561 1600 est
605 1557 783 1619 quam
826 1539 1079 1618 plurima
1125 1542 1381 1611 nomina,
1426 1543 1655 1620 possint
1698 1539 1984 1602 exhiberi.

303 1643 371 1702 At
422 1659 567 1702 vero
634 1660 1039 1723 quaecumque
1094 1645 1333 1704 nomina
1386 1644 1621 1722 generis
1668 1642 1890 1704 scilicet
1951 1637 2294 1723 comlmunis
2349 1641 2703 1702 nominativo

172 1762 279 1804 casu
308 1745 533 1806 numeri
579 1743 895 1823 singularis
934 1744 1029 1805 his
1070 1745 1380 1808 duodecim
1422 1745 1626 1807 formis
1665 1746 2038 1816 definiuntur,
2083 1745 2144 1806 id
2189 1751 2278 1807 est
2321 1743 2536 1806 tibicen
2577 1762 2703 1806 me·

171 1865 271 1906 mor
308 1849 549 1926 optimas
597 1853 757 1909 vates
792 1847 1071 1909 sacerdos
1108 1847 1329 1909 artifex
1375 1847 1490 1908 dux
1536 1846 1723 1910 Arabs
1766 1831 1999 1910 caelebs
2041 1833 2316 1927 princeps
2355 1848 2525 1925 inops
2565 1864 2704 1908 con-

170 1952 276 2008 iunx
316 1957 369 2008 et
409 1957 619 2010 cetera
672 1947 837 2018 talia,
890 1954 947 2010 et
990 1969 1060 2010 ex
1101 1967 1209 2034 sua
1264 1933 1461 2028 specie
1516 1951 1577 2010 in
1634 1965 1854 2028 genera
1899 1957 2110 2012 neutra
2160 1957 2497 2020 transeunt,
2558 1949 2704 2011 haec
2735 1969 2784 2010 15

170 2069 259 2111 non
296 2050 621 2112 secundum
664 2047 871 2134 genuus
917 2059 1195 2113 neutrum
1237 2059 1374 2112 sunt
1406 2051 1770 2122 declinanda,
1816 2053 1918 2114 sed
1962 2071 2070 2132 pro
2109 2050 2402 2114 locutione
2446 2069 2706 2131 pronun-

171 2153 341 2222 tianda,
371 2159 435 2214 ut
464 2159 616 2233 puta
646 2153 741 2213 hic
776 2162 835 2215 et
862 2154 1009 2215 haec
1038 2151 1275 2224 tibicen,
1306 2154 1455 2214 ‘hoc
1484 2155 1842 2234 mancipium
1873 2153 2141 2225 tibicen'‚
2179 2156 2381 2234 utique
2409 2172 2526 2216 non
2563 2155 2710 2216 ‘hoc

170 2255 343 2316 tibicen
383 2256 749 2334 mancipium
768 2257 809 2325 ⁹,
852 2259 963 2318 sed
1002 2258 1148 2318 ‘hoc
1180 2258 1544 2332 mancipium
1580 2259 1792 2318 tibicen
1836 2262 1956 2318 est’
2004 2258 2187 2336 accipi
2231 2255 2456 2320 debeat.
2523 2258 2608 2317 sic
2652 2262 2712 2318 ει

170 2356 251 2416 alia
284 2375 453 2436 snpra
494 2357 695 2420 dictae
732 2360 972 2429 formae,
994 2365 1001 2374 ‘
1026 2360 1078 2420 si
1118 2377 1187 2420 ex
1218 2377 1323 2420 sua
1366 2361 1562 2437 specie
1600 2359 1665 2419 in
1710 2377 1929 2438 genera
1973 2367 2180 2422 neutra
2225 2367 2542 2430 transeant,
2587 2367 2708 2420 tam

168 2477 375 2520 numero
422 2459 717 2539 singulari
774 2477 948 2540 quam
1004 2459 1244 2541 plurali,
1306 2468 1370 2522 ut
1412 2462 1695 2532 diximus,
1755 2479 1866 2540 pro
1909 2460 2202 2525 locutione
2259 2469 2394 2523 sunt
2443 2479 2705 2542 pronun·
2733 2479 2786 2522 ιο

169 2561 341 2630 tianda,
384 2579 505 2621 non
545 2563 881 2625 secundum
921 2581 1106 2642 genus
1142 2569 1421 2625 neutrum
1458 2561 1821 2627 declinanda.
1881 2583 2038 2626 nunc
2081 2585 2151 2626 ex
2182 2565 2295 2627 hac
2337 2565 2546 2635 forma,
2595 2582 2709 2645 qua

169 2665 375 2725 diximus
428 2665 675 2743 generis
738 2667 1063 2727 communis
1116 2667 1356 2727 nomina
1412 2667 1766 2728 nominativo
1806 2685 1946 2728 casu
1997 2669 2230 2728 numeri
2280 2667 2591 2747 singularis
2635 2685 2708 2728 en

168 2765 337 2826 litteris
377 2767 633 2836 definiri,
676 2766 793 2828 hoc
828 2786 1137 2829 monemus
1180 2767 1339 2847 quod
1371 2767 1503 2847 plus
1540 2787 1715 2848 quam
1766 2771 2038 2832 undecim
2082 2771 2229 2840 soni,
2272 2769 2385 2831 hoc
2417 2777 2506 2832 est
2534 2787 2711 2847 quam

170 2869 399 2930 undecim
444 2870 725 2940 nomina,
772 2887 891 2930 non
934 2871 1158 2951 possint
1198 2870 1484 2933 exhiberi.
1574 2873 1714 2933 item
1761 2891 1832 2934 ex
1875 2872 1988 2933 hac
2024 2873 2250 2941 forma,
2300 2890 2412 2950 qua
2459 2871 2712 2932 diximus

170 2987 311 3049 supra
347 2973 555 3050 scripti
622 2973 863 3048 generis
904 2973 1142 3033 nomina
1196 2974 1551 3035 nominativo
1598 2993 1738 3037 casu
1791 2956 2025 3036 numdii
2066 2973 2380 3052 singularis
2423 2992 2554 3035 mor
2596 2972 2710 3054 syl·
2738 2989 2790 3032 25

169 3071 269 3134 laba
306 3074 563 3143 definirig
612 3072 733 3134 hoc
776 3092 1084 3136 monemus
1127 3074 1284 3153 quod
1332 3074 1463 3154 plus
1507 3094 1683 3155 quam
1730 3083 2008 3155 quattuor
2045 3079 2202 3147 soni,
2247 3076 2360 3137 hoc
2400 3083 2494 3137 εει
2535 3095 2712 3155 quam

172 3185 405 3251 quattuor
447 3173 719 3244 nomina,
764 3194 885 3236 non
927 3180 1154 3256 possint
1203 3177 1485 3239 exhiberi.
1573 3179 1713 3241 item
1756 3199 1826 3241 ex
1873 3179 1987 3240 hac
2029 3180 2246 3250 forma,
2303 3195 2416 3256 qua
2439 3178 2714 3254 ,diximus

170 3295 309 3355 supra
361 3279 501 3341 dicti
558 3279 805 3357 generis
858 3282 1094 3346 nomina
1142 3281 1497 3345 nominativo
1543 3298 1682 3342 casu
1737 3283 1971 3342 numeri
2025 3279 2334 3360 singularis
2386 3298 2449 3340 as
2504 3279 2715 3342 litteris

174 3377 381 3451 definiri,
428 3381 551 3441 hoc
593 3399 910 3442 monemus
956 3380 1114 3461 quod
1161 3380 1291 3461 plus
1326 3400 1501 3463 quam
1538 3401 1748 3445 novem
1789 3385 1947 3454 soni,
1988 3382 2101 3444 hoc
2147 3389 2236 3444 est
2284 3401 2460 3462 quam
2503 3401 2714 3444 novem

172 3485 390 3552 nomina,
451 3501 581 3543 non
636 3485 865 3562 possint
916 3483 1205 3546 exhiberi.
1292 3487 1433 3547 item
1480 3505 1550 3548 ex
1604 3485 1713 3546 hac
1778 3485 1997 3557 forma,
2057 3503 2173 3566 qua
2227 3485 2478 3547 diximus
2535 3501 2714 3563 supra
2741 3501 2792 3543 ευ

174 3581 275 3644 dieti
310 3586 545 3663 generis
593 3586 838 3646 nomina
879 3589 1233 3648 nominativo
1280 3605 1419 3649 casu
1463 3590 1698 3650 numeri
1741 3586 2054 3668 singularis
2097 3607 2162 3650 es
2208 3586 2420 3650 litteris
2465 3587 2713 3657 definiri,

174 3683 257 3744 hoc
288 3705 601 3749 monemus
658 3687 821 3768 quod
861 3687 995 3768 plus
1038 3706 1213 3768 quam
1264 3691 1469 3752 decem
1522 3708 1732 3752 novem
1779 3693 1937 3760 soni,
1987 3690 2103 3752 hoc
2149 3698 2240 3752 εει
2293 3708 2467 3769 quam
2512 3690 2717 3751 decem

176 3803 339 3851 novem
388 3791 675 3860 nomina,
732 3807 851 3851 non
894 3793 1121 3869 possint
1174 3791 1456 3854 exhiberi.
1544 3795 1685 3855 item
1743 3813 1814 3856 ex
1858 3794 1971 3855 hac
2025 3794 2240 3864 forma,
2299 3811 2414 3871 qua
2471 3793 2718 3854 diximus

178 3907 313 3967 supra
358 3894 497 3955 dicti
556 3893 807 3971 generis
850 3896 1087 3955 nomina
1142 3897 1499 3957 nominativo
1549 3913 1688 3958 casu
1745 3897 1984 3962 ‚numeri
2039 3893 2352 3974 singularis
2394 3913 2458 3955 os
2512 3894 2718 3956 litteris

180 3989 375 4065 definiri,
418 3996 539 4057 hoc
586 4013 903 4056 monemus
940 3996 1097 4074 quod
1142 3997 1276 4076 plus
1318 4016 1491 4076 quam
1536 4009 1764 4078 septem
1801 4001 1950 4070 soni,
1995 3998 2110 4059 hoc
2141 4005 2228 4060 est
2271 4015 2448 4076 quam
2491 4004 2717 4076 septem
2743 4005 2795 4048 ³⁵

182 4098 389 4168 nomina,
446 4116 573 4159 non
636 4099 871 4178 possint
919 4099 1204 4162 exhiberi.
1292 4102 1433 4180 item
1491 4119 1562 4162 ex
1611 4101 1724 4162 hac
1777 4102 2001 4171 forma,
2062 4119 2178 4180 qua
2234 4100 2485 4160 diximus
2539 4117 2720 4177 supra

184 4193 283 4259 dicti
311 4203 541 4280 generis
578 4201 829 4262 nomina
878 4203 1234 4263 nominativo
1286 4221 1425 4266 casu
1467 4205 1701 4265 numeri
1745 4201 2057 4281 singularis
2102 4221 2172 4264 ex
2215 4202 2422 4264 litteris
2467 4201 2718 4273 definiri,

186 4296 263 4360 hoc
292 4321 595 4366 monemus
645 4303 808 4385 quod
850 4302 982 4384 plus
1027 4323 1204 4384 quam
1245 4307 1443 4383 viginti
1485 4305 1603 4368 duo
1646 4307 1808 4376 soni,
1863 4304 1980 4366 hoc
2022 4309 2110 4365 est
2152 4321 2328 4382 quam
2365 4305 2568 4382 viginti
2602 4305 2718 4366 duo

187 4407 397 4476 nomina,
449 4425 575 4468 non
630 4408 863 4486 possint
913 4406 1196 4469 exhiberi.
1285 4407 1426 4468 item
1484 4428 1556 4471 ex
1609 4409 1723 4470 hac
1773 4409 1996 4478 forma,
2059 4425 2174 4487 qua
2233 4407 2486 4469 diximus
2539 4424 2720 4487 supra

188 4501 289 4566 dicti
317 4511 544 4586 generis
584 4511 833 4584 nomina
872 4511 1225 4572 nominativo
1270 4529 1409 4574 casu
1460 4511 1705 4573 numeri.
1739 4509 2052 4588 singularis
2093 4529 2174 4571 ux
2213 4509 2425 4572 litteris
2469 4509 2716 4580 definiri,
2741 4515 2796 4563 ⁴⁰

294 4679 351 4728 lo
379 4697 527 4744 quam
566 4681 751 4747 plnres
788 4683 901 4732 soni
941 4681 1039 4733 RB
1070 4697 1222 4746 quam
1258 4682 1463 4748 plurimi
1499 4683 1612 4732 soni
1648 4697 1681 4732 r
1795 4713 1804 4720 -
1846 4681 1910 4733 18
1945 4682 2036 4732 sed
2065 4681 2163 4732 hoc
2194 4683 2502 4749 mancipium
2534 4683 2722 4733 tibicen

191 4759 259 4796 αι.
286 4749 353 4800 Ro
556 4751 629 4803 19
670 4761 721 4801 et
750 4752 886 4802 aliae
918 4751 999 4802 Rv
1204 4751 1273 4803 23
1306 4753 1541 4804 undecim
1577 4753 1690 4804 soni
1727 4751 1824 4802 hoc
1859 4762 1935 4804 est
1968 4767 2119 4817 quam
2155 4752 2394 4804 undecim
2429 4755 2635 4805 nomina
2675 4753 2722 4804 lt

191 4829 217 4862 x
244 4822 335 4869 soni
362 4821 455 4873 hoc
491 4832 570 4873 est
610 4837 771 4886 quam
810 4821 979 4873 decim
1016 4824 1220 4874 nomina
1249 4822 1300 4873 B
