3434 5442
1079 317 1497 382 eunome».
1540 317 1850 382 125-28
2208 298 2215 310 '
2675 321 2751 383 13

257 445 302 486 p.
329 431 540 475 taz-4⁴
565 433 618 475 P.
2342 447 2385 490 p.
2414 437 2504 479 m.
2526 435 2575 480 na
2601 436 2649 478 1..

171 505 270 564 trix
295 503 470 578 facit,
507 504 870 570 balneatrix.
955 525 1092 568 nam
1123 507 1446 570 defenstrix
1489 505 1912 576 rationabiliter
1941 507 2119 570 debet
2163 507 2291 578 dici,
2331 509 2437 568 nisi
2470 509 2745 588 quoniam

171 604 310 666 male
345 614 544 668 sonat.
620 615 681 668 et
721 626 844 669 non
889 626 1241 688 numquam,
1273 605 1300 693 ΙΙ
1333 608 1598 688 quamvis
1641 609 1835 670 veniat
1878 627 1909 670 a
1954 609 2166 679 verbo,
2206 615 2413 672 ‹tamen
2472 598 2756 671 semin-ino

173 726 234 768 or
273 708 408 769 facit
428 755 444 778 ‚
493 711 772 780 memini,
833 711 932 772 hic
975 718 1034 772 et
1075 711 1222 772 haec
1269 729 1514 773 memor.
1601 710 1718 772 bur
1760 713 2069 773 terminata
2130 714 2339 774 tertiae
2393 719 2559 773 suut:
2616 729 2753 773 nam

171 813 244 870 ris
285 810 506 872 facient
539 815 835 892 genetivo,
883 832 922 874 u
963 820 1100 876 ante
1141 814 1223 901 ris
1266 812 1572 885 habentia,
1618 813 1806 875 Tibur
1846 813 2110 884 Tiburis:
2164 831 2345 876 unum
2390 816 2450 875 in
2488 815 2755 894 genetivo

173 931 208 974 ιι
247 915 304 974 in
348 932 387 974 o
433 922 778 994 correptam
815 923 1066 985 mutans,
1111 915 1261 978 ebur
1303 912 1518 976 eboris,
2162 953 2167 968 ·
2671 973 2679 981 .
2802 941 2829 980 a

333 1016 452 1078 Car
484 1019 696 1080 tertiae
725 1027 866 1078 sunt
892 1017 1312 1087 declinationis„
1357 1019 1440 1079 ris
1471 1018 1696 1080 faciunt
1730 1019 2025 1096 genetivo,
2063 1017 2360 1080 Bomilcar
2389 1017 2755 1080 Bomilcaris.

169 1137 264 1180 cer
305 1120 624 1182 terminata
641 1165 658 1190 ,
719 1121 769 1180 si
811 1121 928 1182 sint
970 1122 1204 1199 generis
1243 1121 1460 1188 omnis,
1521 1121 1729 1182 tertiae
1774 1127 1911 1182 sunt
1964 1128 2023 1182 et
2068 1123 2149 1182 ris
2194 1121 2409 1184 facient
2462 1123 2753 1199 genetivo,

165 1222 258 1282 hic
303 1222 562 1284 et‘haec
611 1230 674 1283 et
711 1222 828 1285 hoc
879 1241 1046 1294 acer,
1115 1223 1378 1301 quamvis
1420 1221 1694 1284 Horatius
1754 1222 2107 1284 ‘solvitur
2150 1225 2345 1284 acris
2404 1223 2751 1302 hiemps’,

167 1323 338 1386 buius
379 1326 582 1394 acris:
632 1326 734 1386 Iu'c
772 1333 834 1386 et
869 1327 1022 1386 haec
1060 1329 1270 1386 alacer
1310 1327 1486 1386 huius
1529 1327 1771 1394 alacris,
1812 1327 2074 1404 quamvis
2118 1325 2407 1403 Vergilius
2443 1324 2755 1386 ‘alacris

167 1425 512 1504 palmas'.
605 1429 698 1488 sin
759 1427 962 1496 aliter,
1025 1427 1319 1488 secundae
1383 1434 1590 1497 erunt,
1657 1428 1712 1487 ri
1770 1427 2173 1490 terminabunt
2230 1429 2591 1506 genetivum,
2654 1434 2757 1488 aut
2782 1449 2833 1490 ιο

165 1531 400 1606 signum
447 1528 706 1591 caeleste
743 1537 846 1590 aut
879 1528 1110 1591 fluviale
1143 1527 1359 1591 animal
1395 1547 1612 1590 cancer
1645 1529 1863 1598 cancri,
1910 1547 2077 1591 sacer
2108 1531 2277 1601 sacri,
2320 1547 2519 1592 macer
2548 1531 2751 1597 macri,
2818 1541 2823 1555 ·

165 1631 432 1708 exceptis
477 1627 732 1701 duobus,
777 1649 932 1711 quae
974 1632 1237 1709 quamvis
1275 1649 1392 1692 non
1435 1635 1553 1692 sint
1591 1632 1828 1711 generis
1870 1633 2080 1701 omnis,
2126 1638 2325 1694 tamen
2368 1632 2575 1693 tertiae
2618 1637 2759 1692 sunt

165 1731 612 1802 declinationis,
666 1733 752 1794 ris
793 1732 1016 1794 faciunt
1063 1735 1361 1813 genetivo,
1417 1734 1534 1796 hoc
1571 1735 1730 1796 cicer
1774 1735 2009 1804 ciceris,
2069 1733 2169 1794 hic
2226 1753 2431 1796 carcer
2482 1733 2755 1794 carceris.

164 1836 362 1895 omnia
405 1842 610 1896 tamen
653 1835 1010 1897 nominativo
1055 1853 1156 1898 cer
1195 1837 1614 1916 corripiuntur.
1679 1853 1821 1915 ergo
1866 1836 2124 1898 breviter
2164 1837 2279 1898 hoc
2322 1835 2756 1898 observandum

165 1937 623 2017 praecipiamus,
714 1956 816 2000 cer
875 1940 1182 2000 terminata
1235 1940 1474 2016 generis
1515 1940 1708 2000 neutri
1766 1939 1883 2000 cris
1936 1939 2184 2009 faciunt,
2248 1937 2551 2001 masculini
2608 1955 2751 1999 vero
2777 1959 2829 1999 15

166 2041 268 2108 cri,
317 2034 584 2118 excepto*
619 2057 740 2100 uno
789 2057 996 2102 carcer
1039 2043 1314 2102 carceris.
1405 2058 1546 2119 ergo
1585 2042 1821 2120 'generis
1864 2039 2125 2102 feminini
2169 2040 2359 2102 solum
2406 2057 2509 2103 cer
2551 2039 2754 2100 termi-

166 2149 372 2202 natum
407 2159 532 2202 non
569 2143 888 2222 reperitur.
977 2145 1092 2204 cir:
1137 2143 1250 2204 hac
1285 2142 1508 2223 syllaba
1551 2141 1777 2204 nullum
1814 2159 2029 2204 nomen
2074 2144 2310 2222 repperi
2356 2143 2751 2204 terminatum.

168 2261 268 2303 cor
303 2245 698 2305 terminatum
741 2263 926 2306 unum
953 2243 1418 2324 monosyllabum
1457 2246 1696 2324 repperi
1736 2247 1944 2306 tertiae
1974 2239 2381 2306 declinationis
2411 2245 2501 2306 dis
2531 2243 2753 2306 faciens

167 2348 528 2422 genetivum,
569 2346 688 2408 hoc
735 2365 842 2407 cor
883 2345 1056 2407 huius
1099 2347 1326 2416 cordis,
1373 2353 1434 2408 et
1465 2348 1630 2427 siqua
1673 2346 1748 2408 ab
1790 2364 1863 2408 eo
1904 2347 2295 2417 deducuntur,
2342 2365 2371 2408 s
2418 2346 2611 2408 littera
2650 2347 2753 2408 ad·

169 2449 280 2508 dita
327 2465 590 2510 concors
649 2449 989 2519 concordis,
1043 2467 1246 2511 secors
1301 2449 1566 2511 secordis
1621 2449 1777 2510 facit.
1864 2456 2061 2511 cetera
2118 2451 2315 2510 omnia
2359 2451 2627 2527 genetivo
2672 2451 2753 2510 ris
2779 2469 2831 2511 w

171 2551 408 2612 iaciunt.
503 2569 614 2612 cur
647 2552 958 2612 terminata
993 2553 1200 2613 tertiae
1241 2561 1378 2613 sunt
1419 2550 1851 2621 declinationis,
1908 2553 1993 2612 ris
2034 2551 2255 2613 faciunt
2296 2553 2567 2629 genetivo
2610 2569 2647 2612 u
2690 2549 2756 2612 in

173 2673 206 2712 o
241 2660 596 2731 correptam
631 2660 874 2723 mutata,
917 2655 1084 2716 iecur
1124 2654 1352 2726 iecoris,
1399 2661 1458 2715 et
1495 2654 1659 2733 siqua
1700 2653 1837 2716 talia
1880 2654 2195 2715 inveneris.

339 2755 464 2818 Dar
509 2754 730 2836 syllaba
775 2755 996 2818 nullum
1043 2775 1260 2817 nomen
1309 2758 1550 2836 repperi
1595 2757 2005 2826 terminatum;
2062 2757 2167 2836 qui
2208 2755 2523 2825 invenerit,
2578 2757 2754 2816 etiam

171 2861 460 2921 rationem
507 2857 916 2920 declinationis
957 2858 1349 2920 demonstret:
1403 2857 1597 2919 audivi
1638 2876 1855 2921 nomen
1898 2858 2097 2937 oppidi
2138 2856 2379 2920 barbari
2424 2858 2539 2919 hoc
2580 2857 2757 2918 Zidar

173 2961 410 3022 Zidaris.
481 2961 592 3022 der
635 2959 856 3041 syllaba
893 2963 1198 3022 terminata
1242 2967 1300 3022 et
1336 2963 1737 3040 corripiuntur
1776 2963 1837 3022 in
1872 2963 2227 3023 nominativo
2266 2971 2324 3024 et
2354 2961 2577 3022 Graeca
2620 2966 2757 3023 sunt
2782 2981 2833 3020 τε

175 3071 232 3122 et
265 3083 298 3124 e
345 3065 408 3124 in
455 3064 730 3141 genetivo
784 3063 1068 3141 perdunt,
1131 3062 1424 3124 secundae
1469 3063 1875 3125 declinationis
1916 3067 1970 3125 ri
2014 3063 2237 3126 faciunt
2272 3065 2541 3141 genetivo
2560 3110 2575 3132 ,
2634 3063 2755 3124 Me·

175 3166 400 3226 nander
429 3165 763 3234 Menandri,
797 3163 1126 3226 Alexander
1146 3164 1476 3234 Alexandri,
1511 3162 1538 3249 ΙΙ
1569 3166 1835 3228 Leander
1864 3164 2150 3252 Leanldri,
2183 3165 2452 3227 Evander
2481 3165 2754 3234 Evandri,

173 3267 556 3328 Thersander
612 3265 1004 3336 Thersandri;
1076 3269 1342 3347 quamvis
1396 3267 1809 3329 Thersandrus
1869 3275 1927 3330 et
1990 3268 2295 3330 Evandrus
2360 3267 2575 3328 lectum
2650 3275 2757 3329 est.

176 3371 260 3431 dir
305 3389 497 3432 unum
543 3386 761 3430 nomen
817 3371 1059 3448 repperi
1115 3371 1320 3430 tertiae
1367 3369 1773 3431 declinationis
1810 3373 1893 3433 ris
1946 3370 2169 3432 faciens
2222 3371 2586 3447 genetivum,
2643 3369 2757 3429 hoc

177 3473 352 3534 Gadir
391 3473 582 3533 huius
627 3471 889 3534 Gadiris:
957 3489 1172 3532 nomen
1218 3478 1308 3533 est
1351 3473 1566 3551 oppidi.
1655 3474 1767 3534 dor
1800 3474 2113 3534 terminata
2150 3474 2355 3533 tertiae
2396 3480 2535 3532 sunt
2576 3468 2755 3533 decli·
2782 3489 2835 3530 ao

179 3576 438 3644 nationis,
479 3575 569 3634 ris
611 3574 830 3634 faciunt
872 3574 1171 3651 genetivo,
1217 3591 1252 3633 o
1295 3575 1358 3634 in
1399 3575 1666 3652 genetivo
1709 3577 1771 3636 in
1818 3576 2101 3654 propriis,
2150 3577 2199 3634 si
2240 3575 2471 3636 inventa
2518 3573 2755 3642 fuerint,

181 3685 438 3757 correpta
479 3675 814 3738 secundum
855 3677 1141 3736 rationem
1187 3693 1366 3755 supra
1409 3678 1674 3754 positam.
1744 3679 1801 3737 in
1847 3677 2208 3757 appellativis
2246 3694 2385 3738 vero
2418 3696 2453 3736 o
2492 3677 2759 3754 genetivo

183 3780 537 3856 producitur,
589 3778 766 3838 nidor
807 3777 1057 3846 nidoris,
1101 3777 1384 3857 splendor
1423 3775 1781 3856 splendori&
1836 3786 1896 3840 et
1933 3781 2099 3860 siqua
2144 3779 2255 3840 alia
2302 3776 2645 3858 appellativa
2688 3795 2759 3838 or

186 3881 382 3962 syllaba
438 3881 672 3944 fuerint
713 3882 1052 3949 terminata,
1101 3899 1136 3940 ο
1179 3881 1240 3940 in
1286 3881 1554 3959 genetivo
1599 3880 1953 3960 producent,
2000 3885 2263 3962 exceptis
2312 3897 2489 3968 supra
2534 3881 2757 3960 positis,

188 4003 312 4064 quae
339 3986 620 4065 quamvis
659 3985 777 4043 sint
817 3982 1183 4062 appellativa,
1231 3990 1426 4043 tamen
1461 4000 1494 4042 o
1523 3984 1586 4043 in
1621 3985 1891 4060 genetivo
1934 3985 2277 4065 corripiunt,
2324 3985 2475 4045 sicut
2518 3983 2757 4062 propria
2786 3999 2836 4038 ss

189 4105 244 4145 or
279 4090 624 4154 terminata,
673 4094 745 4145 ut
783 4083 966 4158 arbor
1008 4085 1272 4154 arboris,
1315 4102 1538 4167 aequor
1581 4087 1882 4166 aequoris,
1929 4105 2191 4174 marmor
2230 4087 2558 4148 marmoris.
2648 4085 2759 4146 dur

191 4192 536 4251 terminatum
587 4205 782 4248 unum
823 4186 942 4266 legi
983 4188 1040 4247 in
1073 4187 1277 4249 Plauto
1323 4169 1653 4250 accusativo
1683 4205 1842 4259 casu,
1886 4189 2188 4266 magadur.
2238 4197 2326 4249 est
2368 4205 2511 4266 ergo
2552 4188 2759 4248 tertiae

203 4395 320 4462 ἴση.
351 4397 478 4449 Aen.
523 4395 634 4445 ΧΠ
667 4389 774 4444 159
917 4393 948 4440 2
987 4393 1154 4442 ueniat
1189 4393 1412 4443 aduerbo
1449 4391 1502 4443 B
1525 4393 1732 4443 ueniant
1768 4409 1799 4444 a
1836 4393 1989 4443 uerbo
2016 4407 2051 4450 ς
2187 4380 2234 4444 5'
2256 4394 2379 4444 ebor
2414 4393 2581 4442 eboris
2616 4389 2669 4441 B

194 4463 220 4514 ⁶
243 4469 458 4520 comite-1·
487 4462 812 4517 nomilcaris
847 4459 900 4509 B
1073 4465 1102 4514 7
1147 4471 1266 4512 sunt
1301 4464 1396 4512 tris
1431 4462 1620 4513 facient
1653 4463 1706 4513 B
1875 4462 1909 4513 8
1960 4461 2220 4528 Horatius]
2256 4477 2412 4517 carn.
2451 4465 2470 4512 1
2508 4463 2559 4525 4,
2589 4463 2615 4513 1

192 4535 216 4580 9
237 4537 300 4588 bie
325 4551 372 4589 et
407 4539 544 4588 haee
576 4536 768 4584 alacer
801 4531 960 4581 huius
995 4531 1176 4583 alacris
1207 4549 1299 4584 om.
1336 4532 1389 4582 B
1553 4532 1839 4600 Vergilius]
1878 4532 2009 4583 Aen.
2048 4535 2111 4581 Vl
2142 4533 2247 4584 685
2417 4534 2482 4582 2⁴1
2513 4531 2687 4582 audiui
2726 4545 2763 4588 ς

187 4609 270 4656 todi
297 4611 342 4660 B
489 4608 667 4672 digai·
705 4603 920 4668 (ligaris
951 4617 1088 4653 corr.
1130 4604 1274 4653 zidar
1299 4603 1490 4654 zidaris
1517 4603 1568 4652 B
1744 4603 1813 4655 28
1868 4603 2170 4653 thessander
2196 4603 2487 4652 thessandri
2523 4606 2761 4666 quamuis

181 4675 466 4732 rimam,
495 4679 562 4730 Β
799 4671 872 4721 33
923 4669 1236 4738 producitur]
1275 4673 1561 4738 producunt
1592 4674 1643 4724 B
1818 4672 1883 4723 37
1937 4676 1989 4723 in
2026 4673 2199 4739 plauto
2236 4687 2358 4723 casu
2390 4672 2763 4739 (superscripto

169 4753 438 4816 mantino)
467 4745 766 4814 magadan·
799 4741 854 4790 B
887 4743 940 4790 in
970 4741 1140 4805 plauto
1170 4743 1424 4809 magadur
1451 4759 1486 4808 p
1523 4750 1575 4793 et
1605 4744 1872 4793 Putat-Itius
1908 4747 1957 4793 in
1989 4745 2163 4794 Plauto
2196 4743 2453 4809 magudur
2484 4757 2553 4799 ςε
2591 4743 2758 4792 Plaul.

157 4819 262 4874 ltu.
289 4826 350 4874 m
387 4825 442 4885 2,
481 4819 558 4872 19
599 4829 710 4868 seu
748 4813 848 4862 tibi
887 4810 1106 4861 confidis
1143 4812 1250 4862 fore
1289 4814 1496 4863 multam
1535 4814 1855 4880 magudarim
1888 4827 1901 4862 ε
1938 4814 2006 4877 es.
2045 4815 2299 4864 Ρηὶςοίαη.
2332 4815 2517 4876 ρ..757
