3434 5442
625 341 903 390 xxxvm
1667 321 2090 385 PRAEFATIO

623 537 767 579 rum
797 514 1095 600 adparet,
1142 511 1404 575 duravit
1447 511 1643 573 etiam
1671 516 1823 594 post
1860 507 2399 593 typographicam
2430 515 2635 570 artem
2664 507 3016 570 inventam.
3076 527 3208 590 quo

625 628 913 702 tempore
958 636 1104 679 cum
1150 621 1338 676 aucto
1368 612 1644 676 Latinae
1687 608 1951 694 linguae
1996 608 2211 674 studio
2256 610 2463 673 omnis
2506 629 2857 694 puerorum
2884 607 3208 672 institutio

627 742 666 782 a
708 719 968 782 Donato
1011 717 1354 801 inciperet,
1408 715 1501 779 ita
1554 713 1623 776 in
1669 711 1905 777 scholis
1957 711 2276 796 regnabat
2327 711 2819 794 grammaticus,
2874 718 2949 773 ut
2999 709 3208 793 ipsius

623 842 855 890 nomen
899 840 1014 903 pro
1058 817 1316 881 nomine
1360 815 1520 879 artis
1565 814 2027 899 grammaticae
2070 834 2215 877 esse
2259 821 2732 878 consuesceret.
2814 832 3207 897 quamquam

626 944 811 986 omne
865 918 1031 985 illud
1087 917 1372 984 studium
1427 916 1511 981 ad
1569 917 1883 981 minorem
1942 923 2146 980 artem
2204 914 2287 979 de
2342 923 2485 979 octo
2540 915 2837 1001 partibus
2898 913 3211 978 orationis

625 1023 1018 1110 pertinebat,
1076 1043 1242 1106 quac
1295 1019 1521 1105 primis
1577 1019 1763 1083 annis
1820 1026 1968 1106 post
2020 1018 2353 1082 inventam
2408 1024 2615 1081 artem
2668 1015 3213 1103 typographicam

623 1124 844 1189 multis
889 1121 1372 1207 exemplaribus
1417 1123 1712 1207 inpressa
1756 1128 1875 1184 est.
1941 1139 2093 1184 nam
2133 1119 2300 1184 hanc
2344 1119 2483 1184 fere
2526 1118 2802 1182 formam
2844 1118 3212 1184 innumera-

627 1226 773 1291 bilis
817 1246 1020 1312 prope
1061 1221 1411 1290 multitudo
1456 1223 2049 1308 antiquissimarum
2096 1221 2479 1303 editionum,
2535 1243 2703 1309 quae
2758 1231 2913 1286 tunc
2956 1220 3212 1306 prodie-

621 1337 774 1391 runt
785 1375 802 1408 ,
850 1349 1006 1412 prae
1051 1347 1120 1390 se
1164 1325 1313 1389 fert.
1373 1325 1488 1389 sed
1533 1322 1696 1388 illud
1737 1323 2093 1388 editionum
2135 1345 2363 1408 genuS,
2394 1331 2469 1388 ut
2498 1322 2581 1387 ad
2609 1323 2798 1388 initia
2828 1324 2988 1388 artis
3020 1331 3213 1408 typo-

623 1429 973 1517 graphicae
1039 1426 1500 1512 investiganda
1555 1437 1621 1490 et
1674 1425 1761 1490 ad
1817 1427 2133 1491 rationem
2186 1424 2585 1507 scholarum,
2652 1447 2819 1512 quae
2870 1435 3011 1490 tum
3062 1423 3211 1502 fuit,

623 1531 1142 1616 cognoscendam
1183 1531 1404 1615 magni
1446 1529 1755 1592 momenti
1812 1549 1953 1592 6886
2008 1535 2293 1608 66118161,
2350 1527 2448 1592 ita
2500 1529 2709 1613 ipsius
2754 1527 3001 1592 Donati
3043 1523 3214 1592 libro

620 1632 870 1699 nullam
923 1631 1273 1696 utilitatem
1326 1629 1565 1696 attulit.
1653 1652 1806 1694 nam
1860 1651 2011 1694 cum
2062 1631 2112 1694 ii
2162 1631 2275 1716 qui
2332 1639 2467 1693 tum
2520 1630 2672 1694 huic
2726 1626 2895 1694 libro
2946 1650 3215 1712 operam

626 1736 874 1801 dabant
915 1756 1106 1798 usum
1151 1753 1307 1797 suae
1353 1733 1615 1814 aetatis,
1673 1752 1805 1797 non
1858 1741 2153 1797 veterum
2210 1731 2507 1796 codicum
2544 1733 2918 1796 memoriam
2964 1739 3215 1818 specta-

622 1847 798 1918 rent,
853 1837 1091 1917 multa,
1149 1836 1317 1899 sicut
1359 1843 1614 1920 tempus
1660 1833 1998 1918 exigebat,
2055 1833 2371 1920 paulatim
2413 1842 2693 1914 mutata,
2737 1831 2946 1898 multa
2988 1832 3219 1897 addita

623 1948 794 2004 sunt.
855 1939 1099 2003 diutius
1143 1936 1444 2021 neglecta
1483 1937 1686 2001 iacuit
1728 1936 1935 1999 maior
1964 1957 2069 2000 ars
2100 1935 2377 2016 Donati,
2422 1956 2638 2021 quae,.
2665 1957 2813 1999 cum
2856 1936 3069 1999 minor
3100 1955 3215 1998 ars

623 2041 860 2107 scholis
923 2039 1422 2126 relinqueretur,
1493 2038 1577 2103 ab
1643 2035 1760 2102 illa
1822 2045 2071 2102 remota
2124 2047 2191 2101 et
2254 2059 2403 2102 cum
2458 2036 2859 2102 doctioribus
2916 2046 3219 2102 veterum

621 2143 1189 2228 grammaticorum
1232 2141 1418 2206 libris
1463 2141 1811 2206 coniuncta
1853 2148 1972 2204 est.
2037 2161 2249 2226 neque
2292 2161 2513 2205 omnes
2559 2147 2776 2225 partes
2822 2137 2975 2204 libri
3016 2138 3219 2202 simul

622 2247 834 2310 editae
890 2255 1073 2326 sunt,
1131 2243 1247 2308 sed
1303 2243 1542 2307 omissa
1595 2245 1809 2327 prima
1861 2250 2079 2328 parte,
2139 2263 2307 2328 quae
2365 2250 2463 2306 est
2508 2242 2589 2306 de
2632 2261 2793 2306 voce
2837 2249 2903 2304 et
2944 2239 3219 2326 reliquis

623 2349 780 2412 artis
811 2347 1274 2432 grammaticae
1305 2344 1658 2425 elementis,
1693 2344 1863 2408 duae
1890 2352 2130 2430 partes,
2161 2365 2331 2430 quae
2360 2352 2513 2408 sunt
2542 2344 2623 2408 de
2653 2352 2798 2408 octo
2822 2341 3121 2428 partibus
3148 2351 3219 2406 et

625 2451 708 2515 de
735 2449 916 2514 vitiis
949 2471 1024 2513 ac
1062 2446 1415 2511 virtutibus
1443 2447 1771 2528 orationiS,
1805 2448 2087 2532 primum
2118 2447 2453 2532 inpressae
2482 2455 2635 2511 sunt
2661 2446 2730 2509 in
2759 2446 3051 2531 principe
3081 2445 3221 2509 edi-

623 2552 796 2617 tione
827 2549 1163 2615 Diomedis
1196 2549 1371 2612 circa
1411 2571 1652 2613 annum
1686 2557 1850 2618 1476
1880 2548 2173 2613 Venetiis
2204 2571 2245 2612 a
2272 2547 2355 2612 N.
2387 2549 2664 2613 Iensono
2708 2547 2913 2612 facta:
2960 2546 3047 2611 cf.
3077 2546 3219 2612 vol.

621 2655 656 2720 Ι
700 2653 907 2740 praef.
953 2675 1018 2739 p.
1065 2649 1394 2716 XXXIV.
1483 2672 1624 2714 eam
1679 2661 1931 2737 partem
1977 2659 2224 2731 autem,
2271 2672 2438 2736 quae
2482 2652 2552 2715 in
2595 2650 2888 2736 principe
2933 2649 3221 2714 editione

622 2757 861 2821 omissa
903 2762 1072 2835 erat,
1129 2754 1411 2839 primum
1455 2775 1587 2818 una
1631 2775 1778 2818 cum
1823 2752 1953 2818 illis
2001 2751 2257 2818 duabus
2314 2753 2610 2837 partibus
2656 2751 2897 2818 editam
2940 2772 3083 2815 esse
3118 2752 3221 2816 in-

624 2859 815 2924 venio
860 2857 1024 2922 Fani
1069 2877 1237 2920 anno
1279 2863 1442 2924 1503
1487 2854 1609 2919 hoc
1655 2855 1875 2935 titulo,
1923 2853 2019 2934 ‘Q
2048 2855 2352 2919 Rhemnii
2395 2852 2803 2919 Palaemonis
2848 2875 2954 2917 ars
3000 2874 3223 2939 gram-

622 2961 863 3025 matica
905 2957 1208 3025 secunda.
1275 2957 1404 3022 Ars
1449 2957 1650 3042 Aspri
1692 2957 1964 3021 iunioris
2008 2957 2437 3041 grammatici.
2498 2955 2672 3021 Aelii
2715 2955 2964 3022 Donati
3008 2956 3215 3022 editio

622 3063 853 3148 prima.
941 3061 1188 3126 Donati
1245 3058 1326 3123 de
1371 3066 1515 3124 octo
1571 3059 1869 3145 partibus
1914 3060 2223 3123 orationis
2270 3059 2466 3123 editio
2514 3057 2819 3123 secunda.
2907 3057 3219 3123 Donatus

624 3164 704 3229 de
749 3163 1172 3228 barbarismo.
1264 3161 1529 3226 Servius
1589 3171 1652 3226 61
1699 3161 1965 3245 Sergius
2022 3162 2089 3225 in
2146 3160 2497 3226 secundam
2538 3161 2785 3225 Donati
2841 3159 3221 3224 editionem.

619 3267 818 3346 Fani,
877 3265 1145 3330 Hieron.
1195 3263 1512 3330 Soncinus
1559 3265 1747 3326 nonis
1793 3263 1970 3348 Sept.
2018 3271 2229 3334 1503.’
2319 3265 2503 3328 cuius
2551 3263 2851 3328 editionis
2894 3264 3224 3327 rationem

621 3368 850 3454 reliqui
895 3367 1205 3448 editores„
1261 3368 1400 3430 sive
1443 3367 1767 3449 integram
1812 3376 2017 3431 artem
2062 3365 2269 3430 tribus
2314 3366 2612 3452 partibus
2658 3363 3029 3430 distinctam
3073 3367 3223 3430 sive

622 3469 906 3555 aliquam
949 3479 1202 3555 partem
1245 3469 1386 3532 eius
1431 3467 1805 3548 ediderunt,
1864 3469 2071 3532 secuti
2115 3477 2287 3532 sunt.
2376 3489 2503 3554 quo
2549 3466 2798 3533 factum
2842 3475 2942 3531 est
2982 3474 3057 3530 ut
3098 3469 3224 3532 mi—

619 3593 776 3636 nore
838 3579 977 3634 arte
1033 3572 1172 3636 sive
1227 3571 1438 3655 prima
1492 3566 1779 3632 editione
1834 3569 1915 3634 de
1971 3579 2116 3634 octo
2172 3570 2471 3654 partibus
2526 3569 2865 3649 orationis,
2932 3589 3101 3655 quae
3146 3570 3225 3633 in

621 3672 805 3737 libris
863 3693 1061 3736 manu
1116 3673 1374 3757 scriptis
1431 3671 1696 3750 dicitur,
1756 3672 1996 3736 omissa
2040 3693 2119 3734 ea
2162 3693 2343 3756 pars,
2401 3693 2567 3756 quae
2612 3681 2711 3734 est
2755 3669 2837 3736 de
2882 3692 3075 3750 voce,
3134 3672 3225 3735 de

621 3774 864 3850 littera,
911 3773 990 3838 de
1023 3771 1310 3859 syllaba,
1357 3773 1438 3837 de
1467 3772 1744 3858 pedibus
1759 3820 1777 3854 ,
1810 3772 1892 3836 de
1923 3774 2329 3854 accentibuS,
2362 3773 2441 3838 de
2472 3773 2811 3858 posituris,
2844 3795 3040 3860 quam
3067 3796 3223 3859 par-

619 3887 752 3941 tem
780 3877 1174 3956 Priscianus,
1205 3883 1279 3939 ut
1309 3897 1507 3962 supra
1534 3897 1599 3960 p.
1631 3874 1942 3940 XXXVI
1972 3876 2218 3941 dictum
2246 3885 2363 3958 est,
2396 3877 2670 3961 primam
2699 3883 2906 3940 artem
2935 3875 3223 3958 dixerat,

621 3977 822 4063 vulgo
880 3978 1090 4064 prima
1149 3977 1348 4042 editio
1405 3976 1888 4043 inscriberetur.
1978 3977 2065 4042 ad
2120 3978 2631 4043 emendationem
2687 3987 2905 4042 autem
2960 3976 3113 4042 libri
3169 3981 3223 4045 ii

622 4081 733 4167 qui
779 4081 1092 4166 proximis
1136 4081 1321 4144 annis
1367 4079 1700 4144 Donatum
1746 4079 2115 4161 ediderunt,
2162 4101 2437 4167 quorum
2475 4102 2662 4144 nemo
2704 4081 2967 4145 videtur
3010 4080 3223 4146 libros

619 4205 818 4248 manu
885 4184 1158 4268 scriptos
1232 4181 1638 4262 adhibuisse,
1709 4181 1872 4246 nihil
1929 4181 2361 4247 contulerunt.
2462 4205 2671 4269 neque
2726 4183 2875 4268 plus
2936 4183 3227 4268 profecit

621 4285 1002 4367 Putschius,
1059 4307 1452 4371 quamquam
1494 4285 1551 4348 is
1593 4284 1941 4368 Bongarsii
1998 4282 2181 4348 libris
2246 4307 2315 4350 86
2358 4307 2549 4350 usum
2593 4293 2733 4348 csse
2778 4284 3032 4366 scribit,
3092 4290 3225 4351 ‘ex

620 4387 901 4451 editione
931 4385 1290 4452 Basileensi
1324 4397 1390 4451 et
1418 4386 1768 4471 Bongarsii
1810 4385 1995 4451 libris
2042 4388 2257 4451 omnia
2300 4387 2665 4452 emaculata
2709 4393 2917 4451 sunt'.
2976 4410 3223 4453 novam

619 4491 1058 4552 recensionem
1131 4491 1418 4575 suscepit
1479 4487 1852 4552 Fridericus
1909 4488 2395 4554 Lindemannus
2412 4537 2428 4569 ,
2504 4490 2615 4576 qui
2672 4493 2690 4523 ‘
2709 4491 2955 4554 Donati
3008 4499 3221 4554 artem

617 4592 1104 4674 grammaticam
1171 4591 1379 4655 tribus
1445 4591 1630 4656 libris
1699 4591 2248 4675 conprehensam'
2314 4593 2491 4676 (nam
2545 4593 2641 4656 ita
2706 4592 3068 4677 inscripsit)
3132 4591 3221 4658 ad

505 4705 508 4708 ’
619 4691 813 4756 fidem
857 4692 1098 4757 codicis
1145 4693 1524 4758 Santeniani
1579 4694 1648 4758 in
1697 4695 1907 4778 primo
1952 4693 2279 4758 volumine
2326 4695 2709 4758 Latinorum
2764 4694 3221 4778 grammatico-

615 4816 762 4858 rum
807 4794 1011 4860 edidit
1055 4817 1114 4858 a.
1166 4802 1349 4864 1831.
1409 4794 1526 4861 sed
1567 4818 1649 4860 ne
1692 4798 1750 4860 is
1795 4795 2085 4880 quidem,
2132 4808 2477 4883 propterea
2520 4794 2689 4880 quod
2732 4798 2923 4862 unius
2968 4795 3219 4864 codicis
