3434 5442
610 352 633 413 1
649 350 731 413 66
1793 342 2021 405 PROBI

742 498 752 508 .
862 488 905 496 -
991 465 1043 507 n.
2819 486 2832 497 .
2859 458 3106 501 affinem

606 466 1025 599 sum'uffdoorcti
1064 534 1206 595 estis
1263 533 1420 593 docti
1460 538 1628 599 sunt:
1696 537 1758 591 et
1809 528 2092 591 ulteriore
2153 528 2414 607 perfecta
2469 529 2588 589 sive
2645 472 2912 591 absoi’uta
2971 532 3210 591 numeri

607 636 925 717 singularis
960 637 1173 698 doctus
1218 636 1301 697 fui
1344 634 1553 697 doctus
1600 634 1756 693 fuisti
1795 632 2005 693 doctus
2051 631 2178 699 fuit,
2231 632 2462 691 numeri
2497 628 2741 709 pluralis
2787 631 2947 692 docti
2991 632 3212 692 fuimus

608 742 765 802 docti
810 739 1003 800 fuistis
1045 738 1207 799 docti
1250 738 1491 797 fuerunt
1534 734 1625 795 vel
1671 736 1868 796 fuere:
1948 732 2156 794 eodem
2201 732 2380 793 modo
2437 732 2648 793 eodem
2691 739 2964 812 tempore
3009 736 3212 814 specie

608 842 1186 923 plusquamperfecta
1230 840 1353 899 sive
1396 837 1766 899 recordativa
1805 834 1894 897 vel
1933 842 2134 896 exacta
2184 836 2420 895 numeri
2447 834 2760 912 singularis
2799 833 3010 896 doctus
3045 853 3214 897 eram

556 971 582 1010 5
610 944 819 1005 doctus
864 960 999 1003 eras
1050 942 1261 1003 doctus
1303 946 1462 1010 erat,
1529 940 1762 1000 numeri
1821 936 2065 1016 pluralis
2121 937 2280 998 docti
2333 954 2570 997 eramus
2623 937 2780 998 docti
2825 940 3006 999 eratis
3039 938 3216 999 docti

611 1053 815 1114 erant:
894 1051 954 1104 et
995 1042 1295 1127 ultelriore
1354 1041 1935 1132 plusquamperfecta
1984 1040 2104 1099 sive
2146 1038 2512 1099 recordativa
2566 1037 2659 1099 vel
2713 1047 2918 1101 exacta
2975 1043 3216 1101 numeri

611 1144 925 1225 singularis
971 1146 1179 1208 doctus
1218 1147 1447 1207 fueram
1490 1144 1701 1205 doctus
1741 1144 1941 1203 fueras
1979 1142 2188 1201 doctus
2230 1140 2441 1212 fuerat,
2485 1143 2721 1202 numeri
2765 1140 3010 1219 pluralis
3053 1143 3216 1204 docti

612 1251 915 1311 fueramus
965 1248 1125 1310 docti
1174 1247 1417 1311 fueratis
1472 1246 1630 1307 docti
1674 1244 1938 1305 fuerant:
2015 1241 2224 1304 eodem
2271 1242 2450 1305 modo
2509 1251 2780 1321 tempore
2837 1245 3039 1305 futuro
3091 1247 3218 1304 sive

612 1352 964 1432 promissivo
1009 1349 1189 1410 modo
1248 1348 1481 1413 numeri
1534 1345 1850 1423 singularis
1903 1343 2166 1405 docebor
2213 1342 2526 1406 doceberis
2579 1346 2919 1415 docebitur,
2979 1347 3218 1408 numeri

539 1477 589 1518 ιο
616 1452 864 1533 pluralis
894 1452 1243 1513 docebimur
1278 1450 1633 1512 docebimini
1672 1447 2064 1509 docebuntur.
2134 1446 2314 1508 modo
2343 1447 2688 1525 imperativo
2721 1456 2996 1533 ‚tempore
3041 1468 3218 1529 prae-

614 1556 766 1615 senti
804 1554 924 1616 sive
957 1554 1199 1614 instanti
1244 1552 1315 1613 ad
1358 1552 1679 1613 secundam
1727 1556 1786 1611 et
1827 1551 2060 1610 tertiam
2099 1567 2420 1628 personam
2464 1555 2692 1611 tantum
2736 1552 2970 1611 numeri
3011 1554 3219 1629 singu-

614 1655 757 1718 laris
800 1657 1017 1717 docere
1063 1653 1381 1726 doceatur,
1440 1654 1677 1715 numeri
1720 1650 1968 1730 pluralis
2013 1651 2304 1712 docemini
2348 1650 2704 1712 doceantur:
2779 1654 2990 1714 eodem
3035 1654 3218 1714 modo

616 1764 885 1839 tempore
929 1756 1130 1817 futuro
1187 1757 1419 1817 numeri
1462 1754 1776 1833 singularis
1821 1754 2064 1814 docetor
2125 1754 2396 1824 docetor,
2461 1756 2700 1815 numeri
2741 1752 2988 1831 pluralis
3039 1755 3222 1816 doce-

617 1862 815 1922 minor
850 1860 1155 1921 docentor.
1244 1857 1423 1919 modo
1466 1857 1690 1917 infinito
1730 1858 1852 1918 sive
1892 1862 2181 1935 perpetuo
2227 1856 2491 1915 numeris
2537 1863 2597 1915 et
2639 1857 2910 1934 personis
2955 1858 3224 1918 confusis

546 1984 594 2025 ¹⁵
624 1969 893 2041 tempore
934 1961 1237 2041 praesenti
1282 1960 1400 2021 sive
1444 1959 1685 2020 instanti
1729 1958 1947 2028 doceri,
1990 1964 2258 2038 tempore
2301 1960 2626 2034 praeterito
2671 1957 2908 2019 doctum
2951 1978 3084 2021 esse
3131 1958 3222 2019 vel

619 2066 835 2135 fuisse,
880 2070 1151 2141 ternpore
1194 2062 1392 2125 futuro
1434 2061 1675 2122 doctum
1716 2062 1808 2122 iri.
1901 2059 2076 2120 modo
2115 2060 2373 2139 optativo
2432 2066 2702 2138 tempore
2741 2062 3044 2139 praesenti
3097 2062 3224 2122 sive

622 2167 863 2227 instanti
907 2166 1141 2226 numeri
1187 2163 1503 2243 singularis
1556 2165 1781 2224 utinam
1825 2163 2074 2230 docear,
2125 2164 2348 2222 utinam
2387 2162 2685 2231 docearis,
2731 2165 2958 2223 utinam
3005 2163 3223 2225 docea-

622 2278 750 2339 tur:
796 2270 1031 2329 numeri
1076 2265 1321 2346 pluralis
1358 2267 1580 2327 utinam
1626 2264 1974 2334 doceamur,
2021 2265 2248 2324 utinam
2294 2264 2658 2334 doceamini,
2699 2265 2920 2325 utinam
2961 2266 3225 2327 docean-

623 2380 750 2431 tur:
808 2369 1019 2453 eodem
1066 2368 1243 2429 modo
1288 2375 1558 2445 tempore
1605 2368 1928 2445 praeterito
1981 2368 2178 2444 specie
2218 2366 2568 2445 imperfecta
2622 2366 2744 2426 sive
2800 2368 2994 2428 minus
3042 2386 3224 2447 quam

546 2496 597 2537 πο
624 2472 887 2551 perfecta
930 2470 1019 2531 vel
1066 2470 1391 2531 inchoativa
1438 2470 1673 2529 numeri
1704 2466 2019 2547 singularis
2066 2470 2289 2529 utinam
2323 2468 2592 2539 docerer,
2641 2470 2866 2529 utinam
2896 2469 3224 2538 docereris,

625 2576 849 2635 utinam
896 2572 1245 2641 doceretur;
1302 2570 1537 2633 numeri
1577 2569 1824 2649 pluralis
1862 2570 2087 2630 utinam
2132 2562 2514 2640 doceremur,
2562 2572 2788 2631 utinam
2834 2566 3225 2641 doceremini,

625 2678 851 2737 utinam
918 2674 1307 2735 docerentur:
1360 2670 1387 2757 Η
1440 2673 1647 2734 eodem
1690 2672 1868 2733 modo
1935 2672 2144 2733 eodem
2195 2679 2466 2751 tempore
2531 2674 2730 2750 specie
2769 2673 3032 2751 perfecta
3101 2676 3228 2734 sive

626 2774 891 2839 absoluta
939 2778 1173 2837 numeri
1212 2773 1528 2852 singularis
1580 2776 1802 2835 utinam
1843 2774 2054 2835 doctus
2097 2776 2236 2843 sim,
2303 2774 2524 2835 utinam
2562 2774 2772 2836 doctus
2817 2777 2932 2845 εἰς,
2999 2776 3228 2836 utinam

626 2880 839 2941 doctus
882 2881 987 2948 sit;
1050 2879 1287 2939 numeri
1322 2876 1572 2957 pluralis
1617 2878 1840 2937 utinam
1883 2876 2043 2937 docti
2089 2878 2305 2946 simuS‚
2351 2877 2574 2936 utinam
2611 2876 2769 2937 docti
2808 2878 2952 2947 sitis,
2998 2879 3228 2938 utinam

548 3004 601 3046 25
627 2983 787 3044 docti
830 2983 980 3051 sint:
1048 2986 1106 3041 et
1164 2980 1450 3041 ulteriore
1484 2980 1766 3057 ⁴perfecta
1819 2978 1940 3038 sive
1993 2976 2264 3039 absoluta
2327 2980 2562 3039 numeri
2616 2976 2932 3056 singularis
3001 2981 3229 3039 utinam

628 3084 839 3145 doctus
883 3085 1118 3151 fuerim,
1166 3084 1389 3143 utinam
1430 3082 1637 3142 doctus
1681 3080 1884 3150 fueriS,
1931 3082 2154 3141 utinam
2201 3080 2412 3141 doctus
2451 3080 2660 3150 fuerit;
2709 3082 2943 3142 numeri
2979 3078 3230 3159 pluralis

628 3188 853 3247 utinam
897 3185 1057 3246 docti
1100 3184 1410 3253 fuerimus,
1460 3184 1681 3244 utinam
1727 3183 1889 3244 docti
1933 3182 2180 3251 fueritis,
2227 3184 2450 3243 utinam
2495 3182 2654 3243 docti
2699 3182 2948 3243 fuerint:
3015 3184 3230 3244 eodem

629 3287 808 3349 modo
854 3286 1061 3349 eodem
1116 3294 1385 3366 tempore
1442 3287 1643 3365 specie
1686 3282 2265 3363 plusquamperfecta
2311 3285 2432 3344 sive
2475 3284 2841 3345 recordativa
2887 3282 2978 3345 vel
3025 3294 3232 3345 exacta

631 3392 866 3451 numeri
905 3388 1221 3468 singularis
1263 3390 1483 3448 utinam
1529 3386 1740 3447 doctus
1769 3404 1979 3456 essem,
2021 3387 2246 3446 utinam
2289 3386 2496 3447 doctus
2527 3402 2708 3456 esses,
2758 3388 2982 3447 utinam
3019 3386 3234 3447 doctus

552 3512 605 3553 ao
631 3499 815 3560 esset;
872 3492 1109 3552 numeri
1152 3487 1397 3568 pluralis
1442 3490 1665 3549 utinam
1712 3488 1868 3549 docti
1907 3506 2200 3555 essemus,
2249 3490 2472 3549 utinam
2517 3489 2674 3550 docti
2720 3490 2955 3557 essetiS,
3003 3491 3232 3551 utinam

632 3594 791 3654 docti
834 3600 1061 3661 essent:
1110 3600 1168 3651 et
1212 3589 1491 3652 ulteriore
1536 3588 2115 3670 plusquamperfecta
2160 3591 2281 3650 sive
2324 3588 2690 3652 recordativa
2731 3588 2822 3650 vel
2867 3597 3074 3651 exacta
3117 3592 3232 3651 uti-

636 3712 773 3755 nam
819 3694 1029 3754 doctus
1080 3694 1341 3761 fuissem,
1384 3693 1611 3753 utinam
1656 3692 1868 3752 doctus
1913 3693 2140 3760 fuisses,
2181 3694 2405 3752 utinam
2446 3691 2654 3753 doctus
2700 3692 2932 3761 fuisset:
2995 3696 3236 3754 numeri

631 3793 877 3873 pluralis
930 3796 1153 3855 utinam
1196 3794 1355 3855 docti
1400 3794 1747 3864 fuissemus,
1805 3796 2029 3855 utinam
2073 3794 2232 3855 docti
2275 3795 2563 3864 fuissetis,
2620 3795 2844 3854 utinam
2887 3793 3051 3855 docti
3095 3794 3235 3856 fuis-

632 3904 799 3958 sent:
846 3896 1057 3959 eodem
1090 3896 1267 3957 modo
1304 3904 1573 3976 tempore
1617 3884 1818 3958 futuro
1861 3898 2098 3958 numeri
2126 3894 2440 3974 singularis
2477 3897 2699 3957 utinam
2731 3895 2966 3965 docear,
3005 3898 3234 3957 utinam

556 4020 607 4061 ³⁵
634 4000 933 4071 docearis,
983 4001 1205 4060 utinam
1251 3998 1568 4067 doceatur:
1636 4000 1870 4060 numeri
1908 3996 2151 4077 pluralis
2202 4000 2424 4059 utinam
2472 3997 2812 4067 doceamur,
2859 4000 3088 4059 utinam
3131 3999 3238 4059 do-

634 4104 905 4172 ceamini,
949 4103 1172 4164 utinam
1217 4102 1559 4162 doceantur.
1650 4100 1828 4162 modo
1871 4101 2240 4161 coniunctivo
2282 4102 2405 4160 sive
2449 4101 2706 4161 iunctivo
2749 4106 3022 4178 tempore
3063 4118 3238 4179 prae·

634 4206 787 4267 senti
839 4206 959 4265 sive
1020 4205 1259 4265 instanti
1310 4205 1543 4264 numeri
1587 4201 1906 4281 singularis
1961 4222 2094 4264 cum
2135 4199 2146 4285 Ι
2184 4200 2274 4263 vel
2317 4203 2370 4262 si
2411 4202 2662 4271 docear,
2717 4218 2855 4262 cum
2895 4200 2986 4261 vel
3033 4204 3086 4261 si
3131 4202 3240 4263 do·

636 4310 857 4380 cearis,
914 4326 1049 4368 cum
1094 4303 1183 4367 vel
1228 4306 1278 4365 si
1314 4306 1630 4374 doceatur;
1702 4306 1936 4365 numeri
1979 4303 2222 4385 pluralis
2277 4322 2414 4365 cum
2463 4304 2551 4365 vel
2593 4306 2644 4365 si
2688 4302 3038 4374 doceamur,
3101 4324 3242 4366 cum

636 4407 725 4470 vel
766 4412 817 4471 si
861 4408 1223 4477 doceamini,
1278 4424 1415 4467 cum
1456 4406 1547 4467 vel
1586 4409 1635 4468 si
1681 4405 2037 4467 doceantur:
2115 4406 2325 4467 eodem
2372 4406 2550 4467 modo
2597 4414 2864 4485 tempore
2906 4410 3242 4484 praeterito

562 4528 614 4568 ω
642 4512 837 4589 specie
882 4510 1226 4590 imperfecta
1280 4509 1402 4569 sive
1454 4510 1651 4570 minus
1694 4526 1872 4588 quam
1915 4508 2179 4586 perfecta
2235 4506 2326 4569 vel
2367 4508 2698 4579 inchoativa
2751 4510 2992 4571 numeri
3034 4511 3242 4589 singu·

643 4825 674 4876 b
749 4755 847 4873 t10
866 4755 1189 4875 gocebimini
1222 4772 1254 4805 r
1285 4754 1608 4807 docebemini
1644 4756 1697 4805 B
1732 4756 1984 4807 docemini
2017 4756 2062 4805 R
2209 4757 2274 4807 14
2305 4755 2548 4808 docentor
2582 4772 2612 4807 v
2649 4754 2964 4807 docebuntor
2999 4756 3050 4809 R
3087 4756 3242 4808 doce-

678 4840 743 4875 un
771 4840 831 4874 ur
