3434 5442
660 316 784 380 202
1843 316 2073 380 PROBI

828 506 990 567 Inter
1025 504 1342 586 nympham
1387 515 1447 566 et
1489 503 1787 584 lympham
1825 503 1939 566 hoc
1976 505 2239 575 interest,
2284 504 2441 583 quod
2484 505 2801 586 nympham
2821 433 3249 582 pdessmwsIg-ni-

659 610 812 676 licat,
859 606 1158 687 lympham
1203 614 1398 669 autem
1445 625 1657 686 aquam
1703 625 1835 668 esse
1872 607 2255 669 demonstrat.

831 710 993 771 Inter
1031 725 1241 786 agmen
1277 714 1335 769 et
1365 725 1598 769 amnem
1641 708 1758 769 hoc
1789 709 2051 778 interest,
2098 708 2258 786 quod
2302 726 2511 787 agmen
2541 708 2975 774 multitudinem
3012 708 3107 770 vel
3144 710 3255 770 iter

659 829 788 872 esse
835 810 1216 878 demonstrat,
1255 817 1316 872 at
1357 827 1500 895 vero
1543 828 1779 871 amnem
1821 810 2064 872 fluvium
2112 827 2243 872 esse
2284 809 2571 888 designat.

607 942 631 980 5
828 912 990 973 Inter
1033 913 1288 974 animam
1345 920 1404 972 et
1449 911 1708 973 animum
1766 912 1889 974 hoc*
1936 912 2211 981 interest,
2264 911 2425 992 quod
2482 913 2675 974 anima
2732 913 2860 974 sine
2906 913 3251 976 ‚differentia

657 1031 786 1075 esse
830 1011 1204 1091 intellegitur,
1245 1013 1476 1074 animus
1511 1031 1652 1074 vero
1687 1015 1886 1074 varius
1930 1019 1989 1074 et
2031 1012 2327 1075 mutabilis
2366 1031 2501 1076 esse
2540 1017 2939 1091 cognoscitur.

827 1115 986 1176 Inter
1021 1117 1192 1193 nigro
1239 1121 1296 1176 et
1337 1115 1529 1194 migro
1571 1115 1686 1177 hoc
1732 1115 1992 1184 interest,
2038 1115 2199 1196 quod
2242 1116 2413 1193 nigro
2460 1114 2607 1196 [hoc
2648 1114 2767 1197 est]
2810 1119 3051 1196 nigrum
3096 1116 3252 1178 facio

655 1218 962 1296 significat,
1006 1218 1198 1295 migro
1236 1223 1432 1279 autem
1471 1215 1584 1279 loci
1628 1217 2091 1278 demutationem
2135 1216 2517 1278 demonstrat.

825 1318 985 1380 Inter
1026 1317 1406 1396 abrogantem
1453 1324 1511 1379 et
1559 1317 1943 1396 adrogantem
1988 1317 2104 1379 hoc
2144 1319 2421 1388 interest,
2482 1320 2640 1398 quod
2683 1318 3077 1397 abrogantem
3124 1319 3251 1381 aliis

583 1443 632 1484 ιο
658 1421 1024 1482 auferentem
1097 1421 1388 1498 significat
1410 1466 1425 1488 ,
1509 1419 1893 1500 adrogantem
1974 1427 2168 1482 autem
2242 1419 2494 1481 multum
2578 1418 2693 1481 sibi
2767 1430 3247 1499 praesumentem

654 1528 926 1582 ostentat.
2280 1539 2288 1546 '

827 1622 986 1684 Inter
1027 1640 1254 1686 serram
1299 1629 1360 1685 et
1398 1640 1596 1686 seram
1638 1623 1755 1684 hoc
1788 1624 2049 1696 interest,
2094 1624 2251 1704 quod
2290 1641 2513 1686 serram
2558 1624 2717 1686 unde
2751 1626 3032 1687 materies
3072 1642 3247 1704 prae-

657 1724 874 1786 ciditur
919 1725 1204 1802 designat,
1249 1742 1380 1786 sera
1427 1743 1567 1787 vero
1605 1726 1766 1787 unde
1804 1725 2019 1788 ostium
2057 1733 2281 1788 tutatur
2324 1745 2454 1788 esse
2497 1727 2881 1788 demonstrat.

825 1825 984 1889 Inter
1033 1829 1268 1889 forfices
1322 1834 1382 1888 et
1433 1827 1690 1907 forcipes
1744 1827 1859 1888 hoc
1907 1829 2182 1896 interest,
2242 1827 2401 1908 quod
2456 1829 2695 1891 forfices
2748 1829 3063 1890 incisorias
3118 1847 3247 1890 esse

585 1952 631 1992 ιε»
657 1928 942 2008 designat,
985 1928 1242 2008 forcipes
1283 1947 1426 1990 vero
1469 1936 1709 1992 tenaces
1754 1945 1885 1990 esse
1922 1929 2307 1991 demonstrat.

825 2029 989 2092 Inter
1031 2032 1236 2093 annuit
1279 2040 1338 2093 et
1381 2031 1588 2093 abnuit
1631 2031 1749 2092 hoc
1786 2031 2051 2102 interest,
2100 2030 2260 2111 quod
2306 2031 2511 2092 annuit
2554 2075 3243 2093 ............

825 2132 988 2193 Inter
1053 2149 1300 2211 procum
1358 2139 1417 2194 et
1485 2150 1796 2210 procerem
1863 2134 1979 2195 hoc
2040 2134 2315 2204 interest,
2390 2133 2551 2212 quod
2614 2149 2864 2211 procum
2926 2135 3247 2213 petitorem

655 2235 990 2314 nuptiarum
1040 2235 1322 2312 designat,
1364 2252 1676 2315 procerem
1722 2215 1861 2297 {vero
1900 2236 2229 2314 principem
2270 2251 2401 2295 esse
2447 2234 2813 2297 demonstrat
2814 2281 3245 2297 ........

823 2335 983 2397 Inter
1026 2335 1286 2397 nobilem
1330 2343 1388 2397 et
1417 2335 1669 2398 novilem
1713 2336 1831 2398 hoc
1857 2337 2119 2408 interest,
2166 2337 2329 2417 quod
2358 2335 2621 2398 nobilem
2664 2353 3023 2414 generosum
3068 2339 3249 2416 signi-

579 2461 632 2504 πο
658 2439 810 2508 licat,
861 2437 1112 2500 novilem
1157 2446 1352 2499 autem
1397 2447 1605 2500 notum
1648 2438 1925 2499 omnibus
1967 2454 2097 2500 esse
2137 2438 2520 2499 demonstrat.

823 2539 984 2602 Inter
1027 2540 1237 2621 Syram
1278 2545 1338 2602 et
1379 2555 1579 2602 suram
1621 2540 1737 2601 hoc
1780 2541 2052 2610 interest,
2098 2540 2257 2621 quod
2294 2540 2502 2620 Syram
2548 2542 2737 2619 gentis
2778 2558 2919 2604 suae
2964 2541 3249 2602 feminam

654 2642 938 2722 designat,
984 2649 1046 2703 at
1081 2658 1223 2703 vero
1264 2659 1466 2703 suram
1511 2650 1739 2720 partem
1784 2640 1951 2720 pedis
1994 2659 2125 2703 esse
2168 2641 2550 2704 demonstrat.

823 2744 984 2805 Inter
1026 2742 1244 2823 templa
1290 2750 1350 2806 et
1393 2741 1640 2806 delubra
1682 2745 1801 2806 hoc
1842 2745 2120 2814 interest,
2162 2743 2322 2825 quod
2365 2741 2583 2823 templa
2632 2743 2734 2806 ubi
2776 2745 3093 2808 simulacra
3136 2749 3253 2808 sint

652 2845 936 2923 designat,
984 2844 1229 2908 delubra
1269 2863 1408 2907 vero
1451 2864 1652 2909 aream
1696 2864 1831 2907 cum
1872 2845 2198 2925 porticibus
2241 2845 2624 2907 demonstrat.

579 2969 630 3011 2⁵
825 2948 987 3010 luter
1025 2966 1095 3009 os
1138 2957 1199 3009 et
1239 2967 1409 3011 oram
1450 2949 1567 3010 hoc
1611 2949 1886 3017 interest,
1930 2947 2088 3026 quod
2133 2964 2201 3008 os
2242 2947 2467 3009 vultum
2510 2947 2601 3008 vel
2646 2954 2905 3010 rostrum
2952 2948 3246 3028 designat,

654 3069 820 3111 oram
871 3068 1014 3111 vero
1059 3050 1322 3113 ultimam
1369 3057 1600 3132 partem
1646 3053 1821 3112 unius
1864 3051 2151 3130 cuiusque
2190 3052 2278 3111 rei
2322 3068 2453 3111 esse
2498 3049 2881 3114 demonstrat.

825 3151 984 3214 Inter
1025 3169 1168 3214 suus
1213 3159 1272 3214 et
1312 3169 1414 3214 sus
1457 3153 1572 3215 hoc
1615 3153 1893 3223 interest,
1938 3151 2095 3233 quod
2142 3169 2285 3214 suus
2328 3170 2659 3232 pronomen
2705 3152 3101 3233 intellegitur,
3149 3173 3251 3215 sus

653 3272 791 3316 vero
834 3253 1051 3316 animal
1094 3271 1223 3318 esse
1263 3253 1638 3336 intellegitur.

823 3357 982 3417 lnter
1035 3365 1325 3419 sartorem
1381 3365 1440 3418 et
1501 3359 1847 3420 sarcitorem
1914 3356 2031 3417 hoc
2081 3357 2359 3429 interest,
2420 3357 2577 3438 quod
2630 3365 2918 3418 sartorem
2960 3354 2989 3442 ΙΙ
3032 3377 3247 3437 agrum

575 3479 628 3522 ao
653 3460 1004 3521 sarrientem
1045 3455 1365 3538 significan
1411 3461 1762 3521 sarcitorem
1806 3465 1999 3520 autem
2047 3465 2266 3520 vestem
2312 3461 2665 3521 sarcientem
2712 3459 3103 3522 demonstrat.

823 3560 984 3621 Inter
1031 3559 1222 3621 alvum
1274 3570 1334 3621 et
1381 3559 1610 3622 alveum
1663 3559 1779 3621 hoc
1836 3560 2111 3631 interest,
2169 3560 2329 3641 quod
2374 3559 2567 3623 alvum
2626 3571 2893 3622 ventrem
2936 3563 3247 3640 significat,

653 3659 884 3722 alveum
922 3667 1120 3723 autem
1165 3705 1180 3721 .
1213 3708 1226 3723 .
1260 3708 1273 3722 .
1319 3679 1521 3723 cavam
1567 3679 1698 3723 esse
1740 3662 2123 3724 demonstrat.

825 3761 986 3824 Inter
1027 3761 1304 3824 laminam
1343 3771 1402 3826 et
1441 3745 1678 3825 lamiam
1720 3763 1835 3824 hoc
1864 3765 2129 3835 interest,
2172 3764 2327 3844 quod
2368 3762 2647 3825 laminam
2683 3770 2921 3826 tenuem
2958 3767 3249 3846 cuiusque.

655 3863 875 3924 metalli
919 3883 1048 3926 rem
1093 3864 1375 3942 designat,
1414 3865 1588 3926 lamia
1625 3883 1767 3926 vero
1812 3864 2027 3935 animal
2074 3883 2203 3927 esse
2242 3865 2628 3928 demonstrat.

575 3987 626 4028 as
824 3964 986 4027 Inter
1051 3985 1218 4029 oram
1284 3973 1343 4028 et
1405 3966 1612 4030 horam
1675 3968 1793 4029 hoc
1844 3968 2117 4037 interest,
2181 3967 2337 4047 quod
2394 3986 2561 4030 oram
2621 3976 2949 4031 extremam
3012 3978 3244 4048 partem

653 4067 966 4130 cuiuslibet
1007 4071 1096 4156 rei
1138 4070 1451 4148 significat,
1489 4069 1698 4132 horam
1740 4088 1883 4132 vero
1934 4071 2314 4149 quantitatem
2360 4071 2645 4149 temporis
2689 4088 2819 4132 esse
2858 4070 3244 4133 demonstrat.

823 4171 980 4232 Inter
1024 4171 1182 4252 quod
1231 4179 1290 4233 et
1322 4179 1468 4251 quot
1506 4172 1623 4233 hoc
1667 4173 1930 4242 interest,
1978 4172 2134 4252 quod
2177 4173 2331 4252 quod
2378 4190 2706 4252 pronomen
2744 4173 3057 4252 significat,
3104 4183 3250 4252 quot

657 4291 796 4334 vero
847 4273 1188 4337 adverbium
1230 4293 1360 4337 esse
1403 4273 1788 4336 demonstrat.

822 4376 984 4438 Inter
1029 4376 1252 4439 fatuum
1305 4384 1367 4439 et
1419 4377 1602 4438 fatum
1657 4376 1773 4437 hoc
1816 4378 2092 4447 interest,
2151 4377 2309 4456 quod
2367 4376 2591 4437 fatuum
2651 4393 2895 4454 segnem
2956 4377 3244 4458 designat,

575 4497 626 4538 40
655 4478 838 4540 fatum
875 4497 1015 4541 vero
1062 4479 1333 4542 fortunae
1377 4479 1681 4542 decretum
1726 4497 1857 4540 esse
1902 4479 2285 4540 demonstrat.

793 4589 825 4639 3
858 4589 938 4638 vel
973 4587 1088 4656 iter]
1127 4590 1262 4640 ulter
1298 4589 1351 4639 B
1387 4589 1743 4641 universaliter
1776 4607 1805 4640 υ
1942 4589 1978 4641 6
2018 4589 2345 4656 cognoscitur
2382 4590 2422 4640 B
2562 4589 2597 4641 8
2630 4590 2785 4640 micro
2818 4599 2989 4640 antem
3028 4591 3080 4641 B

652 4659 996 4710 demutatione
1030 4660 1083 4710 B
1192 4661 1256 4712 16
1287 4669 1408 4724 pose
1447 4661 1584 4724 quod
1617 4661 1797 4709 annuit
1830 4663 2015 4710 lacuna
2049 4659 2445 4710 membranarum
2472 4659 2574 4711 duo
2610 4675 2787 4710 versus
2816 4663 3082 4722 per-ierunt
3110 4663 3163 4709 iu
3198 4663 3251 4712 B

756 4729 822 4780 18
855 4737 972 4793 post
1009 4731 1321 4781 demonstrat
1355 4732 1540 4781 lacuna
1575 4729 1967 4780 membranarum
2002 4731 2277 4795 quindecim
2314 4745 2494 4781 versus
2527 4733 2795 4795 perier-unt
2828 4731 2880 4779 in
2912 4729 2966 4779 B
3092 4731 3163 4782 25
3200 4741 3253 4781 et

651 4814 741 4849 ora
779 4799 827 4848 B
927 4799 995 4852 30
1037 4799 1356 4868 sarrientem]
1391 4801 1694 4851 sarcientem
1721 4799 1805 4852 B.-
1838 4801 1907 4864 cf.
1938 4801 2066 4851 Non.
2098 4815 2156 4864 p.
2182 4802 2211 4850 7
2319 4801 2385 4853 37
2423 4799 2678 4867 significet
2706 4800 2758 4850 B
2857 4799 2926 4852 39
2962 4802 3171 4868 signem
3200 4801 3251 4851 B
