3434 5442
1134 361 1365 425 COMM.
1410 361 1490 424 ΙΝ
1533 361 1893 425 DONATVM
2686 367 2806 430 421

2202 469 2234 513 f.
2263 469 2382 514 ιον.
2406 470 2458 512 ⁸⁷
2483 470 2581 512 eod.
2610 469 2708 513 Par.

1276 601 1374 663 DE
1417 601 1760 664 LITTERA.

397 742 650 803 Litteras
692 741 929 802 Latinas
973 747 1204 801 constat
1233 739 1604 802 Carmentem
1649 739 1974 810 invenisse,
2022 745 2270 798 matrem
2318 737 2594 800 Euandri.
2655 757 2807 819 quae

209 845 360 906 ideo
418 845 608 906 dictae
663 850 800 904 sunt
849 842 1110 912 litterae,
1169 840 1325 923 quod
1393 840 1724 919 legentibus
1780 843 1896 902 iter
1960 840 2310 922 praebeant,
2384 839 2473 902 vel
2534 839 2689 920 quod
2744 842 2805 902 in

212 945 482 1025 legendo
538 948 863 1018 iterentur,
922 946 1086 1026 quasi
1144 944 1441 1024 legiterae.
1532 961 1739 1004 omnes
1784 951 1977 1005 autem
2023 942 2253 1006 litterae
2298 943 2699 1023 principaliter
2742 944 2805 1004 in

208 1049 368 1110 duas
426 1049 764 1110 dividuntur
818 1055 1046 1128 parteS,
1102 1047 1164 1106 in
1221 1046 1450 1108 vocales
1496 1052 1555 1106 et
1595 1047 1658 1106 in
1704 1054 2115 1107 consonantes,
2205 1047 2343 1108 item
2386 1047 2550 1126 ipsae
2594 1063 2804 1107 conso·
2830 1065 2857 1106 5

207 1159 429 1213 nantes
473 1154 532 1212 in
580 1151 726 1213 duas
769 1150 1107 1212 dividuntur
1149 1158 1381 1229 partes,
1437 1150 1500 1209 in
1542 1146 1921 1209 semivocales
1966 1155 2025 1210 et
2068 1156 2276 1210 mutas.
2370 1145 2395 1230 ΙΙ
2444 1147 2674 1210 vocales
2717 1148 2803 1209 di-

205 1263 464 1325 cuntur,
525 1253 661 1334 quia
716 1271 826 1332 per
881 1271 944 1313 se
1001 1257 1214 1313 sonant
1267 1258 1327 1312 et
1379 1268 1490 1331 per
1545 1268 1608 1311 se
1663 1249 1945 1330 syllabam
2002 1250 2255 1321 faciunt,
2314 1259 2374 1312 et
2417 1249 2612 1314 nullae
2657 1250 2804 1314 aliae

201 1355 450 1419 litterae
479 1358 606 1418 sine
635 1356 782 1434 ipsis
823 1359 1072 1434 possunt
1113 1351 1392 1433 syllabam
1439 1353 1654 1415 facere.
1715 1361 2110 1414 consonantes
2152 1353 2457 1422 dicuntur,
2504 1354 2637 1434 quia
2684 1372 2803 1415 non

203 1457 564 1521 naturaliter
608 1464 848 1528 sonant,
908 1455 1009 1516 sed
1056 1457 1272 1517 mixtae
1331 1473 1466 1517 cum
1511 1453 1807 1517 vocalibus
1851 1455 2265 1533 proferuntur;
2323 1474 2473 1537 quae
2517 1473 2637 1517 non
2682 1463 2801 1518 tam

206 1561 490 1622 videntur
537 1577 718 1621 unum
763 1556 1057 1638 quoddam
1103 1575 1348 1628 sonare,
1395 1557 1500 1618 sed
1544 1559 1710 1638 quasi
1756 1557 1970 1638 duplex
2016 1576 2364 1620 consonare.
2422 1557 2802 1620 semivocales
2828 1577 2878 1620 ιο

203 1664 522 1734 dicuntur,
569 1663 704 1743 quia
748 1661 926 1722 semis
982 1658 1203 1720 habent
1247 1661 1320 1720 de
1373 1667 1663 1740 potestate
1709 1659 2015 1722 vocalium.
2109 1678 2241 1722 nam
2288 1680 2423 1723 cum
2468 1660 2698 1722 vocales
2742 1667 2803 1722 et

205 1785 322 1846 per
369 1785 433 1828 se
479 1771 692 1826 sonant
736 1769 794 1824 et
838 1780 945 1841 per
989 1780 1052 1822 se
1098 1760 1377 1842 syllabam
1425 1761 1671 1833 faciunt,
1720 1765 1866 1823 istae
1910 1781 2020 1843 per
2050 1781 2113 1824 se
2143 1763 2381 1843 quidem
2413 1769 2651 1832 sonant,
2694 1763 2799 1824 sed

201 1885 318 1947 per
369 1886 433 1928 se
487 1864 766 1946 syllabam
811 1883 932 1926 non
993 1864 1230 1926 faciunt.
1321 1871 1516 1925 mutae
1579 1865 1771 1924 dictae
1815 1871 1955 1926 sunt
1998 1883 2095 1936 eo,
2146 1864 2304 1945 quod
2350 1864 2495 1926 nihil
2541 1865 2799 1926 habeant

205 1970 280 2030 de
328 1976 620 2049 potestate
664 1965 970 2028 vocalium.
1061 1985 1197 2028 nam
1257 1985 1368 2028 nec
1421 1984 1532 2044 per
1585 1984 1649 2027 se
1705 1973 1919 2027 sonant
1974 1985 2084 2028 nec
2126 1985 2235 2046 per
2279 1986 2341 2028 se
2386 1966 2665 2047 syllabam
2710 1968 2795 2028 fa-

203 2073 392 2134 ciunt.
455 2072 670 2133 etenim
715 2067 1164 2131 semivocalibus
1208 2070 1258 2130 si
1301 2068 1575 2130 detrahas
1621 2067 1919 2130 naturales
1964 2087 2181 2140 sonos»,
2230 2068 2318 2130 vel
2364 2068 2663 2149 paululum
2696 2085 2869 2132 so-15

203 2181 384 2244 nant;
429 2175 608 2236 mutis
652 2174 702 2233 si
749 2171 1051 2241 detrahaS,
1099 2169 1243 2230 nihil
1289 2168 1602 2232 sonabunt.
1665 2169 1897 2232 vocales
1924 2178 2063 2234 sunt
2106 2172 2384 2252 quinque,
2430 2191 2463 2232 a
2509 2191 2541 2233 e
2584 2174 2605 2232 i
2649 2192 2685 2233 o
2730 2192 2788 2234 u.

203 2295 276 2337 ex
323 2276 420 2336 his
465 2276 642 2347 duae,
701 2294 734 2336 e
791 2281 850 2334 ct
903 2292 967 2346 o,
1029 2272 1199 2334 aliter
1253 2281 1465 2335 sonant
1518 2272 1870 2353 productae,
1930 2273 2100 2334 aliter
2154 2281 2483 2355 correptae.
2574 2293 2709 2336 nam
2754 2294 2791 2336 o

201 2377 561 2456 productum
617 2376 853 2458 quando
909 2382 1024 2447 est,
1083 2394 1188 2436 ore
1231 2374 1460 2436 sublato
1506 2395 1614 2437 vox
1658 2383 1858 2445 sonat,
1917 2382 1983 2437 ut
2025 2375 2239 2447 Roma;
2310 2377 2543 2456 quando
2588 2395 2790 2438 corre-

199 2488 403 2561 ptum,
453 2480 526 2540 de
569 2478 752 2541 labris
797 2497 906 2540 vox
951 2479 1330 2558 exprimitur,
1375 2485 1442 2539 ut
1483 2495 1637 2539 rosa.
1727 2480 1871 2538 item
1916 2497 1949 2540 e
2004 2478 2239 2558 quando
2285 2479 2657 2559 producitur,
2704 2482 2787 2541 vi·

199 2585 404 2644 einum
439 2588 528 2642 est
557 2578 630 2642 ad
673 2597 886 2642 sonum
928 2581 949 2639 i
993 2579 1252 2651 litterae,
1299 2588 1365 2641 ut
1394 2587 1576 2650 meta;
1623 2581 1858 2660 quando
1890 2590 2083 2642 autem
2116 2587 2485 2660 correptum,
2530 2583 2785 2644 vicinum
2814 2599 2867 2642 πο

201 2694 291 2747 est
341 2683 412 2746 ad
461 2700 670 2746 sonum
717 2681 1083 2762 diphthongi,
1130 2689 1198 2742 ut
1241 2701 1444 2762 equus.
1504 2683 1526 2742 i
1569 2701 1708 2744 vero
1759 2690 1818 2744 et
1860 2702 1899 2744 u
1944 2684 2131 2744 varias
2175 2683 2397 2745 habent
2438 2691 2785 2763 potestates:

199 2795 342 2849 sunt
386 2789 548 2848 enim
592 2784 820 2848 vocales
867 2792 1262 2848 consonantes
1305 2783 1533 2845 mediae
1579 2784 1723 2847 nihil
1769 2785 2049 2865 digammi
2095 2785 2377 2866 duplices.
2441 2785 2545 2847 sed
2577 2795 2641 2847 ut
2670 2789 2789 2848 sint

199 2889 436 2952 vocales
493 2896 888 2950 consonantes
950 2896 1010 2948 et
1063 2886 1319 2958 mediae,
1376 2889 1683 2968 utriusque
1728 2887 1960 2950 litterae
2016 2895 2133 2959 est;
2190 2894 2256 2950 ut
2299 2894 2493 2949 autem
2539 2887 2687 2948 nihil
2730 2896 2790 2950 et

207 2994 545 3072 digammos
589 2993 694 3062 sit,
742 3009 780 3051 u
824 2989 1056 3051 litterae
1100 2997 1220 3058 est;
1268 2996 1333 3051 ut
1377 2988 1596 3070 duplex
1639 2992 1743 3062 sit,
1790 2991 1862 3051 ad
1906 2992 1927 3050 i
1971 2990 2226 3052 litteram
2268 2991 2543 3070 pertinet.
2616 3009 2787 3052 voca-

198 3096 286 3158 les
331 3103 528 3156 autem
575 3099 714 3155 sunt
755 3094 776 3152 i
821 3099 880 3154 et
921 3111 988 3164 u,
1034 3090 1269 3173 quando
1315 3090 1405 3151 vel
1447 3091 1608 3152 solae
1651 3094 1877 3172 positae
1921 3090 2173 3172 syllabas
2218 3092 2464 3161 faciunt,
2522 3099 2589 3153 ut
2632 3111 2858 3156 unuszs

197 3200 348 3270 itur,
418 3195 510 3258 vel
576 3193 810 3276 quando
853 3196 1180 3274 iunguntur
1237 3193 1729 3264 consonantibus,
1796 3201 1865 3256 ut
1925 3193 2083 3256 unda
2138 3191 2305 3254 inde.
2395 3200 2785 3255 consonantes

197 3309 398 3364 autem
441 3307 584 3361 tunc
627 3299 800 3368 fiunt,
859 3297 1092 3378 quando
1135 3298 1298 3377 ipsae
1341 3295 1766 3376 praecedentes
1818 3305 1953 3376 post
1994 3316 2059 3358 se
2104 3297 2326 3359 habent
2368 3295 2509 3357 alias
2551 3296 2784 3359 vocales

195 3405 257 3465 in
313 3403 508 3464 isdem
563 3399 799 3481 syllabis
855 3401 1228 3470 constitutaS,
1285 3407 1351 3460 ut
1393 3417 1578 3460 vanus
1620 3398 1813 3460 lanus.
1901 3402 2043 3480 quin
2100 3401 2277 3461 etiam
2332 3400 2493 3479 ipsae
2537 3398 2689 3461 duae
2732 3400 2785 3460 si

195 3506 356 3566 inter
401 3523 468 3566 se
510 3505 862 3582 iungantur,
911 3519 1060 3583 quae
1105 3503 1270 3581 prior
1315 3509 1406 3564 est
1447 3503 1514 3562 fit
1555 3519 1915 3573 consonans,
1962 3509 2025 3564 ut
2070 3502 2216 3564 luno
2261 3503 2394 3562 vita.
2437 3503 2611 3562 etiam
2657 3501 2779 3564 sola

197 3626 236 3667 u
282 3605 522 3688 quando
581 3606 912 3682 geminatur
970 3612 1028 3666 et
1083 3603 1366 3684 syllabam
1421 3604 1586 3676 facit,
1643 3623 1794 3685 quae
1852 3606 2017 3686 prior
2062 3612 2151 3668 est
2192 3605 2258 3666 fit
2300 3621 2659 3675 consonans,
2717 3611 2857 3667 utso

195 3707 394 3770 vultus
450 3705 674 3786 vulgus.
765 3706 991 3768 mediae
1045 3715 1240 3769 autem
1286 3716 1428 3768 tunc
1473 3714 1639 3778 sunt,
1696 3707 1934 3787 quando
1990 3706 2318 3770 naturalem
2372 3725 2583 3770 sonum
2627 3709 2778 3769 reci-

195 3811 398 3890 piunt,
459 3816 524 3869 ut
576 3808 686 3886 vir¹
719 3809 1001 3888 optimus:
1049 3825 1186 3870 nam
1239 3808 1397 3890 quod
1455 3827 1486 3868 e
1543 3817 1754 3870 contra
1810 3828 2089 3873 sonamus
2143 3817 2208 3872 ut
2262 3809 2602 3881 scribimus,
2672 3810 2777 3872 sed

195 3913 418 3992 pingue
474 3911 675 3971 nescio
731 3909 870 3990 quid
927 3929 1036 3990 pro
1093 3910 1346 3973 naturali
1399 3929 1546 3974 sono
1599 3931 1974 3993 usurpamus.
2065 3931 2101 3973 u
2157 3911 2351 3972 littera
2408 3929 2519 3972 nec
2562 3911 2778 3975 vocalis

195 4031 310 4074 nec
355 4029 690 4074 consonans
734 4018 851 4084 est,
898 4013 1131 4093 quando
1163 4012 1410 4074 dicimus
1438 4016 1737 4094 quoniam.
1796 4015 2015 4076 etenim
2061 4031 2179 4075 non
2224 4021 2311 4074 est
2354 4011 2595 4084 vocalis,
2641 4016 2777 4093 quia

195 4134 326 4178 eam
373 4134 410 4175 o
455 4113 670 4176 vocalis
723 4115 1128 4195 consequitur,
1182 4121 1240 4176 et
1289 4117 1508 4176 scimus
1529 4165 1544 4188 ,
1602 4116 1837 4197 quando
1881 4123 2018 4197 post
2060 4133 2125 4177 se
2168 4115 2346 4177 habet
2388 4113 2561 4178 aliam
2606 4134 2776 4178 voca·
2801 4136 2853 4180 as

193 4216 342 4291 lem,
406 4216 561 4297 quod
617 4217 682 4277 fit
738 4233 1085 4280 consonans.
1155 4234 1276 4277 non
1332 4223 1526 4278 autem
1579 4224 1774 4297 potest
1829 4237 1958 4281 esse
2006 4217 2029 4304 ΙΙ
2078 4235 2411 4280 consonans
2433 4265 2449 4289 ,
2497 4219 2775 4299 quoniam

197 4339 318 4381 non
346 4322 474 4400 ipsa
507 4319 830 4399 praecedit,
879 4337 990 4380 nec
1031 4326 1228 4400 potest
1270 4337 1400 4381 esse
1444 4337 1803 4390 consonans,
1851 4322 1963 4384 nisi
2006 4320 2240 4401 quando
2282 4322 2407 4401 ipsa
2452 4321 2772 4402 praecedit.

332 4593 368 4644 8
412 4607 544 4658 quae
579 4607 681 4642 non
720 4591 1014 4642 naturaliter
1053 4592 1098 4641 P
1237 4593 1297 4644 11
1357 4607 1488 4658 quae
1532 4595 1688 4645 semis
1720 4595 1769 4644 P
1906 4594 1971 4644 12
2004 4609 2096 4660 per
2140 4609 2195 4643 se
2233 4601 2381 4646 sonat
2420 4593 2467 4644 P
2602 4595 2673 4648 20
2706 4597 2773 4648 ad

195 4679 374 4715 sonum
415 4679 444 4712 s
481 4663 678 4714 litterae
719 4665 790 4714 P.-
821 4663 891 4726 cf.
928 4663 1078 4730 Sera.
1115 4665 1227 4719 cod.
1270 4661 1490 4720 Lavant.
1525 4666 1572 4730 f.
1606 4665 1674 4715 55
1848 4664 1915 4715 26
1962 4661 2101 4730 inde]
2138 4666 2271 4716 indis
2310 4665 2359 4714 P
2524 4664 2594 4716 28
2627 4667 2697 4721 in,
2728 4667 2766 4721 i,

197 4736 356 4785 isdem
395 4733 446 4784 P
609 4732 678 4784 30
715 4749 749 4784 u
787 4747 875 4784 om.
913 4733 958 4782 P
1116 4733 1182 4787 :32
1213 4734 1308 4785 hae
1341 4735 1615 4800 aliquando
1653 4736 1850 4786 mediae
1886 4734 2137 4792 dicuntur,
2173 4736 2377 4800 quando
2410 4751 2510 4787 non
2545 4751 2605 4787 eo
2642 4751 2769 4790 sono

197 4806 432 4856 dicuntur
471 4818 571 4870 quo
606 4806 895 4855 scribuntur
929 4802 1142 4870 Sergius
1181 4806 1293 4856 cod.
1335 4807 1558 4857 Levant.
1592 4806 1638 4870 f.
1679 4806 1773 4857 55:
1817 4807 2049 4872 fortasse
2082 4819 2182 4855 non
2218 4806 2421 4870 quidem
2470 4816 2645 4858 contra
2687 4823 2769 4860 so·

197 4889 376 4928 namus
411 4889 473 4925 nc
614 4873 684 4926 36
717 4889 832 4926 esse
870 4889 1060 4926 sonans
1103 4877 1153 4928 P
