3434 5442
637 301 764 366 200
823 327 830 332 ·
1823 301 2053 367 PROBI

2818 448 2829 460 .
2859 421 3044 462 uti—48
3072 421 3129 462 v.

810 488 970 550 lnter
1009 489 1286 550 lascivum
1331 496 1390 548 et
1431 488 1792 566 petulantem
1834 497 1894 550 et
1938 489 2323 552 temulentum
2368 491 2484 552 hoc
2512 434 2839 575 interest,pss
2868 493 3027 572 quod
3060 493 3235 554 lasei-

641 607 776 650 vum
815 589 1089 652 satullum
1131 591 1480 668 gestientem
1523 592 1835 669 significat,
1885 591 2249 670 petulantem
2293 600 2489 655 autem
2531 593 2915 658 libidinosum
2952 601 3233 664 ostentat,

643 690 1026 753 temulentum
1068 710 1205 753 vero
1250 690 1524 754 satullum
1571 691 1930 755 vinolentum
1977 711 2106 756 esse
2149 694 2530 756 demonstrat.

809 791 972 854 Inter
1015 795 1293 872 inpurum
1339 799 1399 856 et
1427 794 1791 873 ,inpudicum
1846 793 1963 856 hoc
2010 797 2291 866 interest,
2348 797 2511 877 quod
2568 798 2852 876 inpurum
2906 798 3237 876 patientem

587 923 612 962 5
641 894 1066 974 turpitudinem
1107 895 1415 972 significat,
1452 896 1799 974 inpudicum
1844 914 1983 958 vero
2027 898 2341 960 facientem
2384 897 2809 977 turpitudinem
2838 879 3233 962 demonstrat.

807 995 968 1057 Inter
1005 1004 1302 1058 ostentum
1348 1005 1408 1058 et
1451 1005 1783 1058 monstrum
1830 1007 1891 1060 et
1930 1000 2269 1078 prodigium
2314 1009 2374 1062 et
2416 1007 2757 1077 portentum
2800 1000 2917 1062 hoc
2958 1003 3231 1072 interest,

637 1097 793 1177 quod
834 1105 1129 1160 ostentum
1177 1105 1236 1160 et
1269 1107 1601 1161 monstrum
1645 1100 1976 1177 praesentia
2008 1109 2324 1171 ostentant,
2372 1102 2711 1182 prodigium
2752 1109 2947 1165 autem
2986 1111 3049 1164 et
3086 1121 3233 1184 por-

635 1205 867 1261 tentum
910 1200 1106 1264 futura
1151 1202 1500 1278 significant.

803 1302 966 1363 Inter
996 1301 1329 1365 beneficum
1362 1310 1421 1365 et
1451 1304 1774 1366 veneticum
1805 1302 1922 1364 hoc
1952 1304 2215 1374 interest,
2252 1305 2415 1386 quod
2448 1304 2781 1368 beneficum
2820 1306 2976 1369 bene
3006 1307 3231 1370 facien·

561 1431 610 1472 ω
637 1408 755 1464 tem
801 1404 1109 1482 significat,
1160 1405 1478 1466 veneficum
1527 1412 1725 1467 autem
1768 1406 1979 1467 veneni
2020 1405 2287 1467 datorem
2332 1426 2461 1469 esse
2506 1407 2891 1471 demonstrat.

803 1505 964 1567 Inter
1001 1505 1194 1568 habeo
1237 1513 1296 1567 et
1334 1505 1482 1569 abeo
1523 1508 1637 1568 hoc
1675 1508 1950 1577 interest,
1998 1508 2159 1588 quod
2202 1507 2393 1572 habeo
2433 1511 2663 1571 retineo
2707 1510 3028 1590 significat,
3076 1511 3228 1572 abeo

635 1612 830 1668 autem
875 1626 947 1668 eo
984 1608 1366 1670 demonstrat.

805 1709 965 1771 Inter
1007 1718 1232 1772 mutum
1277 1717 1334 1771 et
1368 1719 1637 1774 mutuum
1681 1710 1797 1773 hoc
1840 1711 2116 1783 interest,
2176 1713 2337 1793 quod
2378 1719 2607 1775 mutum
2650 1714 2752 1794 qui
2794 1732 2916 1775 non
2959 1714 3231 1796 loquitur

635 1811 940 1889 significat,
981 1820 1247 1874 mutuum
1290 1819 1486 1874 autem
1531 1813 1789 1876 alienum
1834 1815 2155 1892 sumpsisse
2200 1814 2585 1877 demonstrat.

562 1937 612 1976 ιε»
805 1912 966 1974 Inter
1011 1913 1225 1975 orbum
1275 1921 1332 1975 et
1371 1933 1611 1976 caecum
1657 1915 1773 1975 hoc
1816 1917 2093 1985 interest,
2152 1917 2310 1996 quod
2355 1916 2569 1978 orbum
2616 1919 2721 1998 qui
2764 1935 2903 1979 suos
2946 1918 3231 1981 extulerit

633 2015 942 2092 significat,
990 2034 1232 2078 caecum
1273 2024 1472 2078 autem
1517 2018 1620 2098 qui
1663 2016 1867 2080 lumen
1910 2035 2031 2079 non
2080 2017 2235 2080 videt
2277 2019 2661 2082 demonstrat,

802 2116 962 2178 Inter
1003 2119 1360 2180 iuventutem
1407 2125 1466 2181 et
1507 2120 1805 2180 iuventam
1850 2125 1909 2181 et
1942 2120 2302 2182 iuventutern
2349 2119 2464 2182 hoc
2505 2121 2769 2192 interest,
2813 2121 2973 2201 quod
3018 2123 3229 2183 iuven-

630 2224 809 2279 tatem
851 2217 1019 2280 deam
1063 2222 1340 2282 iuvenum
1385 2221 1690 2300 significat,
1734 2221 2031 2283 iuventam
2072 2228 2267 2284 autem
2310 2230 2558 2284 aetatem
2605 2222 2903 2303 designat,
2952 2225 3229 2286 iuventu-

633 2327 752 2382 tem
796 2339 934 2381 vero
974 2322 1410 2384 multitudinem
1454 2325 1733 2384 iuvenum
1774 2341 1905 2385 esse
1948 2324 2331 2386 demonstrat.

556 2445 608 2486 πυ
805 2422 964 2484 Inter
1010 2442 1231 2486 cornua
1289 2431 1346 2485 et
1390 2443 1572 2486 corna
1623 2424 1738 2485 hoc
1779 2425 2059 2495 interest,
2106 2426 2265 2507 quod
2324 2444 2549 2488 cornua
2602 2426 2941 2488 animalium
2987 2427 3081 2489 vel
3120 2447 3231 2491 an-

631 2531 965 2586 temnarum
1007 2527 1313 2605 significat,
1361 2534 1421 2587 at
1459 2545 1596 2588 vero
1643 2544 1825 2587 corna
1871 2545 2187 2606 pomorum
2230 2545 2421 2606 genus
2465 2547 2595 2590 esse
2634 2529 3017 2592 demonstrat.

801 2627 961 2688 Inter
1001 2628 1282 2690 acerbum
1342 2637 1402 2690 et
1453 2647 1731 2692 acervum
1789 2629 1904 2690 hoc
1960 2631 2233 2699 interest,
2292 2629 2455 2710 quod
2512 2630 2793 2693 acerbum
2856 2632 3229 2694 inmaturum

630 2729 940 2806 significat,
987 2749 1264 2792 acervum
1303 2750 1442 2793 vero
1490 2749 1731 2794 acerum
1772 2749 1902 2793 esse
1947 2731 2327 2794 demonstrat.

797 2830 958 2893 Inter
1003 2831 1153 2894 mala
1200 2840 1258 2894 et
1301 2833 1486 2894 malas
1534 2833 1650 2895 hoc
1687 2835 1967 2904 interest,
2022 2833 2181 2914 quod
2228 2833 2380 2896 mala
2432 2835 2975 2915 pomasigniticat,
3036 2836 3233 2898 malas

553 2953 604 2994 τε»
631 2941 826 2997 autem
867 2934 1132 2996 maxillas
1175 2953 1304 2997 esse
1347 2935 1733 2998 demonstrat.

797 3035 959 3097 Inter
1003 3055 1278 3098 somnum
1319 3044 1376 3098 et
1414 3039 1708 3099 somnium
1758 3037 1873 3099 hoc
1914 3039 2193 3109 interest,
2254 3040 2416 3120 quod
2461 3056 2738 3101 somnum
2784 3039 2947 3118 quod
2996 3039 3230 3104 dormi-

627 3157 761 3200 mus
801 3139 1108 3217 significat,
1155 3140 1450 3200 somnium
1487 3147 1684 3200 autem
1734 3140 1892 3218 quod
1939 3141 2302 3203 dormientes
2344 3141 2611 3203 videmus
2656 3160 2785 3202 esse
2828 3141 3226 3204 demonstrat.

789 3240 955 3301 Inter
1006 3242 1190 3302 saevit
1231 3247 1290 3302 et
1343 3243 1488 3302 sevit
1544 3241 1658 3302 hoc
1715 3243 1987 3312 interest,
2046 3243 2207 3321 quod
2264 3244 2448 3305 saevit
2498 3245 2852 3306 irascentem
2906 3246 3229 3323 significat,

623 3344 772 3404 sevit
815 3361 952 3403 vero
998 3349 1254 3404 satorem
1298 3363 1428 3405 esse
1477 3343 1859 3406 demonstrat.

547 3462 600 3505 so
795 3445 957 3505 Inter
1001 3462 1131 3506 sum
1177 3453 1235 3506 et
1279 3464 1450 3506 suum
1497 3445 1613 3506 hoc
1657 3447 1933 3516 interest,
1992 3448 2151 3528 quod
2201 3466 2333 3509 sum
2376 3447 2621 3510 verbum
2664 3449 2983 3527 significat,
3042 3469 3229 3512 suum

623 3563 766 3607 vero
811 3564 1146 3625 pronomen
1186 3565 1315 3608 esse
1355 3547 1741 3609 demonstrat.
1771 3544 1800 3633 ΙΙ

794 3648 956 3708 Inter
998 3665 1100 3708 aes
1143 3655 1202 3709 et
1245 3667 1308 3710 es
1351 3648 1466 3709 hoc
1503 3650 1780 3721 interest,
1842 3652 2001 3731 quod
2046 3671 2147 3714 aes
2188 3650 2412 3714 metalli
2454 3654 2765 3714 materiem
2807 3653 3114 3732 designat,
3166 3673 3231 3716 es

624 3755 821 3810 autem
865 3747 1112 3810 verbum
1155 3768 1284 3812 esse
1329 3751 1712 3814 demonstrat.

760 3981 792 4029 2
831 3981 1142 4045 gescientem
1173 3978 1236 4028 M
1372 3979 1680 4048 petulantem
1722 3997 1843 4032 uero
1882 3983 2121 4033 catullum
2157 3983 2485 4035 libidinosum
2524 3985 2593 4036 M
2726 3985 2759 4038 3
2795 3987 3133 4038 temulentem
3168 3989 3235 4038 M

727 4048 1040 4112 uinolentum
1080 4051 1128 4100 Β
1163 4049 1468 4101 uinolentem
1511 4050 1576 4099 M
1709 4055 1745 4102 4
1782 4054 1915 4102 Inter
1951 4067 2136 4118 purum
2169 4052 2231 4101 M
2366 4053 2401 4105 6
2432 4057 2731 4122 prudigium
2770 4059 2833 4108 M
2970 4059 3004 4107 7
3044 4067 3230 4110 osten-

620 4127 729 4168 tent
764 4119 816 4169 B
855 4123 1129 4170 ostendunt
1169 4121 1232 4170 M
1405 4123 1706 4188 prudigium
1745 4122 1797 4172 B
1971 4122 2004 4172 8
2037 4123 2327 4189 significent
2364 4126 2416 4176 B
2588 4129 2621 4174 9
2660 4129 2793 4177 Inter
2828 4127 3145 4177 beneficium
3180 4138 3231 4180 et

621 4189 925 4239 ueneficium
959 4191 1020 4240 M
1182 4190 1240 4241 ll
1283 4191 1417 4240 Inter
1452 4191 1616 4242 habeo
1653 4207 1768 4243 cum
1798 4192 1833 4241 h
1870 4200 1919 4244 et
1952 4193 2079 4243 abeo
2114 4196 2227 4243 sine
2264 4192 2297 4242 h
2336 4195 2403 4244 M
2572 4197 2637 4247 15
2672 4198 2759 4260 qui
2794 4211 2918 4246 suos
2954 4199 3229 4262 extulerit]

618 4276 812 4338 aliquid
849 4277 1029 4328 uidere
1069 4277 1132 4328 M
1341 4277 1406 4330 16
1457 4279 1585 4329 uidit
1623 4279 1692 4330 M
1897 4279 1961 4329 17
2014 4279 2150 4342 quod
2185 4280 2495 4330 iuuentutem
2542 4290 2757 4333 aetatem
2797 4284 3033 4334 iuuenem
3076 4287 3235 4352 signi*

621 4349 880 4397 iuuentam
919 4363 1037 4399 uero
1077 4348 1222 4398 deam
1274 4363 1386 4398 esse
1433 4348 1749 4399 demonstrat
1783 4349 1876 4400 M:
1932 4351 2367 4415 aromaticorum
2406 4352 2470 4401 de
2514 4353 2592 4403 Itis
2634 4353 2890 4403 vocabulis
2926 4365 3229 4419 praecepta

619 4420 892 4480 composuit
924 4417 994 4471 Α.
1033 4417 1486 4483 Reifferscheidius
1523 4422 1730 4471 Sueton.
1768 4421 1913 4485 reliq.
1949 4433 2004 4483 p.
2046 4419 2150 4470 274
2186 4435 2265 4484 aq.
2435 4421 2500 4471 18
2538 4421 2685 4472 deam
2725 4424 2979 4474 iubentem
3012 4424 3225 4490 signiti—

620 4495 699 4535 cet
734 4487 785 4535 B
943 4488 1176 4554 deSIgnet
1213 4489 1264 4538 B
1441 4491 1505 4542 19
1542 4490 1853 4540 demonstret
1886 4489 1938 4540 B
2102 4490 2173 4541 20
2206 4497 2573 4541 amtemnarum
2610 4493 2868 4559 significat
2902 4509 3063 4544 corna
3096 4509 3226 4546 uero

619 4569 886 4620 pomorum
927 4557 990 4606 M
1127 4558 1195 4609 23
1231 4558 1457 4625 acerum]
1496 4560 1745 4610 tumulum
1781 4557 1843 4608 M
1980 4561 2050 4610 24
2089 4560 2344 4626 significet
2380 4560 2431 4609 B
2568 4562 2637 4613 25
2674 4562 2989 4614 demonstret
3026 4563 3081 4613 B

619 4625 688 4675 26
727 4625 860 4674 lnte'r
888 4640 1124 4677 somnum
1159 4655 1229 4665 —
1259 4631 1329 4682 29
1362 4631 1674 4680 demonstrat
1710 4631 1897 4679 lacuna
1932 4629 2325 4680 membranarum
2354 4635 2619 4694 perierunt
2651 4634 2701 4682 in
2736 4633 2789 4683 B
2965 4633 3037 4684 28
3080 4637 3227 4686 Inter

620 4696 788 4744 saeuit
825 4709 938 4744 eum
979 4712 1010 4745 n
1043 4707 1092 4745 et
1129 4700 1263 4747 seuit
1297 4698 1409 4748 sine
1443 4715 1476 4749 a
1511 4699 1578 4748 M
1770 4699 1838 4750 32
1874 4699 2009 4749 luter
2039 4714 2129 4750 aes
2160 4716 2277 4750 cum
2313 4710 2363 4752 et
2394 4717 2449 4751 es
2482 4704 2596 4753 sine
2627 4718 2657 4752 a
2693 4701 2791 4753 hoc
2826 4703 3041 4755 interest
3080 4706 3227 4769 quod

619 4795 708 4830 nes
746 4783 1005 4832 metallum
1043 4786 1166 4833 aen-fi
1204 4771 1373 4850 signif*
1403 4800 1461 4835 es
1495 4793 1664 4836 autem
1701 4787 1915 4836 uerbum
1950 4801 2066 4836 esse
2100 4788 2325 4838 ostendit
2362 4789 2429 4838 M
