3434 5442
679 308 798 375 128
1850 308 2077 373 PROBI

779 440 824 481 ρ.
851 427 1014 469 uses
1043 426 1097 468 n.
2824 423 3060 477 p.u1.42
3090 422 3142 464 v.

979 498 1110 559 hos
1154 515 1284 575 ego
1325 496 1761 575 digrediens
1803 496 2141 559 lacrimis
2184 494 2493 559 adfabar
2536 495 2857 557 obortis:

681 602 818 661 item
862 600 1014 663 idem
1051 597 1338 678 Vergilius
2535 668 2541 673 ,

981 702 1334 782 quattuor
1379 699 1462 761 ab
1499 699 1824 762 stabulis
1865 703 2285 780 praestanti
2326 718 2646 781 corpore
2686 707 2946 762 tauros

983 805 1298 872 avertit,
1344 802 1656 865 totidem
1701 804 1942 865 torma
1986 811 2397 882 superante
2438 804 2820 871 iuvencas;

631 932 656 972 a
983 912 1206 986 atque
1241 904 1404 974 boS,
1455 922 1695 984 nequa
1740 904 1993 967 forent
2033 906 2349 983 pedibus
2388 906 2706 983 vestigia
2749 906 3013 968 rectis,

984 1007 1210 1091 cauda
1247 1009 1318 1068 in
1361 1005 1799 1085 speluncam
1844 1015 2127 1067 tractos
2174 1024 2351 1068 saxo
2396 1005 2837 1067 occultabat
2879 1022 3133 1084 opaco.

683 1108 840 1170 nunc
883 1110 1158 1187 quoniam
1201 1108 1444 1186 longum
1489 1118 1579 1169 est
1629 1117 1688 1169 et
1728 1108 1835 1169 alia
1882 1108 2147 1188 exempla
2192 1110 2492 1187 proferre,
2552 1108 2811 1178 et'ide'o,
2866 1116 2933 1169 ut
2976 1108 3255 1175 diximus,

680 1210 796 1271 hoc
845 1210 1141 1273 observari
1187 1230 1527 1280 monemus,
1583 1220 1674 1279 ut,
1730 1212 1814 1272 sic
1862 1212 1945 1273 uti
2000 1228 2177 1289 supra
2235 1210 2571 1280 docuimus,
2630 1210 2786 1291 quod
2842 1226 3257 1290 quaecumque

681 1314 920 1373 nomina
961 1314 1196 1391 generis
1239 1312 1508 1375 feminini
1561 1330 1696 1373 cum
1744 1311 2079 1374 nominibus
2122 1314 2357 1390 generis
2398 1312 2703 1375 masculini
2758 1313 3075 1377 coniuncta
3126 1330 3259 1372 esse

603 1434 653 1475 10
683 1416 1079 1494 reperiuntur,
1119 1414 1266 1477 haec
1307 1415 1416 1476 sub
1453 1434 1599 1477 sono
1643 1414 1947 1477 masculini
1990 1417 2223 1493 generis
2260 1432 2541 1477 resonare
2580 1416 3057 1495 pronuntientur.

842 1515 1188 1588 Quaeritur,
1257 1536 1440 1597 quare
1475 1518 1733 1578 monitor
1760 1519 2055 1579 :monitrix
2118 1526 2179 1579 et
2230 1520 2465 1595 genitor
2514 1517 2809 1597 genetrix.
2868 1517 3011 1577 item
3060 1518 3257 1577 victor

675 1618 876 1679 victrix
921 1626 978 1681 et
1020 1615 1290 1703 111111τί101-
1338 1610 1550 1689 nutrix,
1597 1619 1712 1681 hoc
1751 1626 1839 1681 est
1883 1638 1999 1699 qua
2039 1619 2113 1681 de
2146 1637 2319 1680 causa
2365 1621 2621 1681 monitor
2664 1626 2723 1681 et
2762 1620 3042 1692 monitrix
3084 1636 3201 1696 per
3238 1620 3259 1677 i

673 1718 926 1782 litteram
969 1720 1339 1790 scribuntur,
1397 1728 1456 1783 et
1497 1740 1612 1802 qua
1657 1722 1731 1783 de
1774 1739 1947 1787 causa
1992 1721 2224 1801 genitor
2266 1739 2373 1803 per
2411 1723 2432 1781 i
2474 1730 2535 1783 et
2568 1721 2833 1798 genetrix
2871 1738 2979 1799 per
3024 1738 3059 1780 e
3094 1719 3256 1781 litte-

674 1840 804 1884 ram
847 1822 1155 1893 scribitur3
1197 1822 1336 1885 item
1375 1842 1492 1903 qua
1535 1824 1609 1885 de
1655 1842 1831 1885 causa
1870 1826 2055 1907 victor
2098 1830 2155 1885 et
2180 1824 2397 1905 ‘victrix
2435 1824 2562 1901 pari
2606 1840 2856 1884 numero
2892 1820 3257 1901 syllabarum

601 1943 648 1983 ¹5
675 1924 1016 1986 scribuntur
1056 1932 1112 1986 et
1158 1928 1412 1987 nutritor
1457 1944 1490 1986 a
1533 1926 1765 1997 nutrice
1810 1942 1917 2005 per
1946 1924 2225 2005 syllabam
2256 1927 2443 1986 maior
2478 1942 2607 1987 esse
2648 1926 3002 2003 reperiatur.
3064 1942 3257 2003 quare

673 2027 788 2088 boc
828 2046 1154 2097 monemus,
1202 2028 1361 2107 quod
1405 2028 1520 2088 1100
1561 2030 1624 2089 in
1668 2030 1831 2088 sonis
1868 2034 2253 2107 conpetenter
2296 2034 2552 2089 tractare
2598 2025 2936 2089 debeamus,
2966 2022 2997 2109 ss

841 2128 1190 2201 Quaeritur,
1251 2148 1436 2211 quare
1481 2129 1770 2213 Vergilius
1822 2130 1895 2190 de
1952 2129 2177 2191 lunone
2232 2128 2537 2192 ‘auctor
2580 2144 2715 2205 ego
2770 2128 3130 2190 audendi’
3202 2138 3263 2190 et

676 2250 792 2293 non
835 2234 1058 2293 auctrix
1117 2233 1530 2309 pronuntiarit.
1617 2232 1731 2292 hac
1780 2233 1853 2295 de
1898 2249 2101 2301 causa,
2156 2234 2431 2309 quoniam
2478 2248 2887 2309 quaecumque
2934 2233 3181 2292 nomina
3226 2250 3259 2291 a

675 2333 866 2395 verbis
909 2333 1196 2395 anomalis
1237 2335 1438 2395 venire
1481 2332 1922 2412 intelleguntur,
1968 2334 2113 2393 haec
2148 2342 2251 2393 aut
2294 2334 2591 2405 deliciunt,
2634 2340 2735 2393 aut
2778 2340 2937 2394 certe
2982 2334 3259 2395 anomale

599 2452 650 2491 20
675 2438 1152 2516 pronuntiantur.
1213 2454 1372 2497 nunc
1409 2454 1542 2497 cum
1590 2445 1648 2497 et
1689 2436 1806 2498 hoc
1844 2453 2064 2497 nomen
2104 2454 2136 2495 a
2176 2435 2354 2497 verbo
2397 2434 2667 2497 anomalo
2712 2434 2857 2494 oriri
2900 2430 3257 2513 reperiatur.

673 2537 734 2597 id
779 2544 868 2599 est
909 2537 982 2599 ab
1023 2537 1210 2599 audeo
1269 2538 1426 2617 (facit
1470 2538 1624 2599 enim
1677 2539 1875 2617 specie
1918 2538 2181 2616 perfecta
2227 2554 2404 2599 ausus
2446 2537 2633 2619 sum),
2693 2544 2753 2599 et
2796 2536 2927 2597 ideo
2982 2537 3104 2597 1100
3150 2556 3258 2597 no-

675 2657 810 2701 men
847 2640 1112 2701 feminini
1153 2642 1387 2718 generis
1431 2638 1766 2701 anomalum
1810 2642 2007 2701 facere
2052 2642 2484 2717 pronuntiatur.

843 2740 1186 2811 Quaeritur,
1245 2760 1360 2819 qua
1400 2743 1473 2804 de
1519 2760 1692 2803 causa
1737 2739 2025 2818 Vergilius
2080 2739 2331 2801 calces
2385 2742 2663 2803 feminino
2708 2758 2931 2821 genere
2986 2758 3259 2819 pronun·

675 2844 845 2905 tiarit.
935 2845 1048 2905 hac
1104 2844 1177 2906 de
1235 2863 1440 2916 causa,
1511 2846 1791 2925 quoniam
1850 2860 2259 2924 quaecumque
2319 2845 2555 2905 nomina
2619 2844 2879 2906 Romana
2948 2842 3261 2905 dumtaxat

599 2961 650 3001 2⁵
679 2945 1010 3032 inanimalia
1079 2947 1432 3007 nominativo
1499 2965 1638 3007 casu
1703 2946 1937 3007 numeri
2004 2943 2317 3021 singularis
2384 2965 2421 3005 x
2488 2944 2678 3006 littera
2742 2946 3143 3006 terminantur
3202 2955 3259 3007 et

675 3046 1074 3127 monosyllaba
1119 3066 1246 3108 esse
1293 3050 1689 3125 reperiuntur,
1738 3047 1884 3109 baec
1928 3047 2193 3109 feminini
2238 3048 2472 3126 generis
2516 3064 2645 3109 esse
2684 3050 3171 3125 pronuntiantur.

843 3148 1176 3221 Quaeritur,
1225 3150 1298 3211 ab
1349 3170 1418 3211 eo
1459 3151 1619 3230 quod
1666 3150 1809 3211 dixit
1852 3148 2145 3228 Vergilius

1281 3251 1811 3330 cumulantque
1857 3252 2199 3313 oneratis
2242 3249 2592 3314 lancibus
2635 3268 2805 3313 aras

673 3355 1029 3415 nominativo
1065 3372 1206 3415 casu
1247 3357 1482 3416 numeri
1523 3352 1839 3433 singularis
1876 3352 2075 3415 lances
2118 3372 2195 3415 an
2232 3352 2451 3415 lancies
2494 3353 2740 3415 dicatur.
2804 3354 3006 3433 utique
3048 3356 3257 3415 lancos

599 3468 650 3509 :20
677 3462 736 3515 et
777 3472 896 3515 non
939 3455 1159 3520 lancies
1213 3455 1410 3517 facere
1463 3458 1913 3537 pronuntiatur,
1968 3454 2193 3517 scilicet
2232 3458 2507 3536 quoniam
2562 3474 2969 3536 quaecumque
3012 3458 3255 3517 nomina

675 3554 924 3617 ablativo
981 3576 1120 3619 casu
1185 3559 1416 3619 numeri
1469 3557 1785 3635 singularis
1840 3578 1871 3619 e
1928 3558 2124 3625 littera
2180 3565 2451 3637 correpta
2504 3560 2926 3625 terminantur,
2984 3558 3138 3620 haec
3196 3558 3255 3617 in

675 3657 867 3718 dativo
911 3663 1003 3720 vel
1041 3662 1296 3725 ablativo
1339 3679 1478 3721 casu
1518 3663 1749 3722 numeri
1792 3660 2035 3739 pluralis
2074 3679 2181 3739 per
2224 3658 2505 3739 syllabam
2548 3668 2842 3722 crescunt.
2910 3676 3071 3721 nunc
3116 3678 3255 3721 011111

677 3764 738 3821 et
777 3760 892 3820 1100
947 3778 1164 3822 nomen
1209 3761 1282 3823 ab
1326 3782 1358 3824 e
1403 3754 1933 3841 correpto.venii·e
1988 3764 2351 3842 reperiatur,
2404 3769 2465 3824 et
2508 3762 2641 3823 ideo
2698 3764 3053 3823 nominativo
3110 3780 3256 3823 casu

677 3862 906 3923 numeri
941 3861 1254 3940 singularis
1295 3863 1512 3934 lancee,
1557 3883 1673 3925 non
1712 3864 1931 3926 lancies
1974 3866 2168 3929 faeere
2212 3866 2644 3943 pronuntiatur.

599 3974 654 4015 ³⁵
849 3962 1180 4036 Quaeritur,
1226 3984 1338 4045 qua
1385 3967 1458 4027 de
1503 3986 1674 4027 causa
1709 3966 2050 4029 Bomilcaris
2090 3974 2363 4045 correpte
2408 3974 2465 4027 et
2494 3983 2613 4025 non
2656 3966 2943 4043 producte
2986 3984 3254 4044 pronun·

669 4066 870 4126 fictur.
931 4066 1044 4127 hac
1073 4067 1146 4129 de
1176 4086 1368 4137 causa,
1411 4070 1688 4147 quoniam
1732 4086 2139 4149 quaecumque
2185 4069 2419 4129 nomina
2460 4069 2817 4129 nominativo
2848 4084 2989 4128 casu
3016 4070 3255 4129 numeri

675 4168 988 4245 singularis
1019 4188 1085 4231 ar
1113 4168 1325 4231 litteris
1361 4171 1737 4241 deliniuntur,
1784 4172 1929 4233 baec
1971 4170 2217 4233 eandem
2246 4189 2279 4231 a
2314 4169 2586 4238 litteram,
2632 4186 2808 4249 quam
2850 4167 3073 4231 habent
3116 4178 3257 4231 ante

677 4288 707 4329 r
737 4270 1026 4343 ultimum,
1071 4290 1178 4351 per
1221 4290 1426 4335 omnes
1465 4290 1635 4335 casus
1677 4274 2023 4353 corripiunt,
2070 4280 2133 4335 ut
2170 4280 2307 4351 puta
2348 4272 2558 4334 Caesar
2592 4270 2885 4333 Caesaris:
2932 4274 3019 4333 sic
3046 4273 3255 4352 utique

677 4380 736 4433 et
777 4371 1071 4435 Bomilcar
1112 4375 1458 4437 Bomilcaris
1499 4381 1793 4454 correpto,
1838 4392 1954 4435 non
1996 4376 2282 4453 producto
2320 4381 2566 4436 accentu
2612 4374 2823 4435 debeat
2864 4376 3255 4452 pronuntiari.

822 4510 844 4559 l
885 4508 1000 4575 hos]
1031 4512 1190 4576 Verq.
1215 4514 1343 4565 Aen.
1371 4510 1564 4563 111492
1667 4512 1700 4564 3
1737 4508 1993 4575 quattuor]
2030 4513 2186 4577 Ver-9.
2216 4511 2341 4565 Aen.
2364 4509 2600 4562 V111207
2708 4512 2773 4562 15
2811 4512 3130 4577 repperiatur
3158 4512 3257 4563 RB

677 4580 960 4645 repperitur
993 4596 1024 4628 r
1189 4581 1249 4632 17
1291 4579 1580 4647 Vergilius]
1619 4581 1748 4633 Aen.
1788 4580 1879 4632 ΧΠ
1919 4581 2015 4633 159
2189 4580 2257 4631 23
2294 4579 2577 4647 Vergilius]
2607 4580 2739 4631 Aen.
2779 4581 2849 4631 XI
2884 4582 2987 4631 714
3024 4583 3252 4643 quadru-

678 4648 960 4714 pedemque
995 4650 1148 4701 citum
1185 4651 1371 4701 ferrata
1407 4650 1544 4701 ealce
1581 4650 1765 4719 fatigat
1903 4652 1967 4701 27
2008 4648 2291 4719 Vergilius]
2334 4650 2465 4703 Aen.
2504 4651 2622 4701 Vlll
2652 4650 2755 4703 284
2892 4652 2960 4703 32
2992 4652 3069 4701 vel
3108 4654 3251 4703 abla-

676 4720 781 4767 tivo
811 4734 902 4836 11101.
943 4712 1034 4771 Ru·
1156 4720 1225 4773 35
1260 4720 1559 4772 Bomilcaris
1594 4738 1622 4773 o
1661 4721 1954 4772 uomilcaris
1990 4722 2088 4773 RB
2210 4722 2278 4773 39
2316 4720 2569 4772 Bomilcar
2604 4721 2905 4773 Bomilcaris
2938 4738 2967 4771 υ
3005 4723 3258 4771 uomilcar

680 4789 814 4837 nomi
838 4789 968 4838 caris
1003 4790 1101 4841 RB
1986 4804 2001 4813 ·
