3434 5442
642 333 767 396 332
1652 331 1878 393 PETRI
1919 331 2220 392 DIACONI

642 526 840 601 polati‚
886 542 1032 582 nunc
1070 525 1283 580 demum
1324 523 1685 596 cognovimus
1716 537 1895 578 veram
1923 522 2129 578 Petrini
2171 521 2342 579 libelli
2371 521 2772 584 condicionem,
2803 541 2944 597 quae
2979 523 3110 580 talis
3139 532 3232 585 est,

644 619 705 667 ut
746 618 897 667 totus
940 609 1253 666 abiciendus
1307 612 1377 665 sit
1427 615 1579 665 certe
1629 606 1726 668 iis.
1781 609 1876 680 qui
1926 607 2210 682 inquirunt
2257 609 2317 669 in
2367 607 2632 663 Romanas
2671 610 3051 682 antiquitates.
3111 608 3234 664 Nam

646 695 781 751 liber
822 703 1103 756 notarum,
1164 710 1325 768 quem
1368 711 1431 748 ex
1474 711 1639 767 parvo
1700 691 2019 765 ampliorem
2079 692 2278 749 fecisse
2335 710 2396 748 se
2439 692 2634 748 Petrus
2693 693 2910 754 scribit.
2977 693 3100 766 ipse
3157 701 3236 748 est

644 797 808 853 supra
849 780 1027 834 editus
1070 777 1367 850 Papianus;
1427 779 1576 833 auxit
1618 788 1798 833 autem
1840 793 1964 833 eum
2009 777 2224 834 duobus
2265 777 2472 838 modis,
2531 779 2764 851 primum
2807 796 2872 832 ex
2909 777 3232 832 Einsidlensi

643 863 935 926 laterculo,
989 863 1179 918 deinde
1220 862 1593 919 notationibus
1634 881 1663 918 a
1696 880 1756 918 se
1797 861 2073 925 confictiS,
2117 878 2294 936 neque
2335 862 2412 917 ita
2453 870 2638 935 partes
2679 861 2800 918 illas
2844 864 2992 918 inter
3023 879 3084 918 se
3113 880 3234 917 con·

643 948 811 1010 rudit,
854 957 917 1004 ut
960 947 1051 1002 uhi
1096 965 1219 1003 cum
1260 947 1577 1004 auctoribus
1618 948 1734 1004 suis
1774 948 1996 1003 Petrum
2037 949 2440 1020 composueris.
2481 945 2618 1001 fines
2659 947 3006 1020 aliquatenus
3053 961 3232 1020 regere

642 1049 899 1108 nequeas,
958 1031 1197 1105 Exempli
1242 1050 1403 1088 causa
1446 1034 1501 1088 in
1533 1033 1715 1088 littera
1747 1032 1786 1087 F
1828 1031 2003 1088 media
2043 1049 2168 1104 pars
2191 1031 2242 1088 'a
2280 1031 2512 1102 familia
2557 1031 2622 1086 ad
2663 1029 2784 1101 fuit
2825 1031 3086 1086 convenit
3127 1031 3232 1086 l'ere

550 1134 561 1143 ·
644 1124 761 1174 tota
821 1133 941 1173 cum
988 1116 1151 1189 Papia
1212 1124 1266 1172 et
1308 1133 1417 1172 non
1464 1115 1643 1172 solum
1686 1115 1996 1173 litterarum
2040 1115 2283 1173 ordinem
2339 1114 2552 1190 qualem
2611 1113 2702 1170 ille
2753 1115 3050 1172 constituit
3107 1116 3231 1171 satis

642 1209 895 1258 accurate
954 1201 1233 1274 sequitur,
1294 1201 1387 1256 sed
1430 1201 1593 1257 etiam
1648 1202 1795 1275 ipsas
1846 1201 2188 1276 corruptelas
2241 1206 2753 1275 repraesentamut
2795 1200 3030 1274 exempli
3083 1217 3230 1256 causa

643 1289 852 1343 notatio
914 1285 1039 1341 libri
1098 1285 1327 1341 Parisini
1388 1286 1521 1342 RE
1570 1284 1738 1358 fabri
1775 1293 1948 1342 crunt
2001 1302 2104 1341 scu
2159 1278 2254 1357 ἷῗί
2293 1285 2436 1360 apud
2494 1285 2712 1340 Petrum
2759 1285 2900 1340 redit
2943 1287 3056 1340 ita:
3115 1286 3237 1339 F·F

637 1371 939 1442 facierum
982 1385 1043 1424 se
1081 1369 1327 1442 fratres
1388 1370 1613 1426 Videtur
1652 1371 1844 1426 deinde
1887 1389 2010 1427 cum
2039 1371 2274 1444 Papiano
2317 1369 2581 1426 laterculo
2623 1368 2817 1425 Petrus
2861 1369 3230 1443 composuisse

640 1454 1035 1511 Einsidlensem
1076 1470 1249 1528 eaque
1290 1453 1411 1510 inde
1454 1455 1746 1518 adiecisse,
1798 1472 1936 1528 quae
1977 1473 2086 1512 non
2127 1461 2372 1510 notasset
2413 1471 2476 1510 ex
2518 1453 2642 1517 illo;
2687 1453 2828 1509 unde
2879 1455 2935 1508 in
2989 1452 3169 1508 littera
3198 1453 3230 1506 F

644 1548 763 1596 orta
796 1547 883 1595 est
912 1540 1179 1613 appendix
1207 1538 1457 1613 Papianis
1487 1541 1671 1596 statim
1705 1540 1990 1596 subiuncta
2021 1557 2050 1596 a
2097 1539 2414 1611 fabricavit
2440 1563 2528 1588 =
2550 1538 2885 1609 fabricbaut
2925 1536 2994 1593 ad
3021 1535 3230 1607 frande

644 1626 945 1682 credentes
972 1645 1060 1670 =
1082 1623 1378 1694 fraudare
1408 1627 1759 1684 creditores:
1811 1641 1970 1698 quam
2001 1641 2112 1681 non
2143 1631 2342 1686 totam,
2377 1624 2472 1679 sed
2501 1625 2704 1678 maiore
2734 1639 2798 1678 ex
2827 1631 2986 1697 parte
3017 1638 3230 1678 consen-

646 1719 865 1766 taneum
906 1717 991 1764 est
1018 1716 1271 1764 constare
1312 1725 1373 1765 ex
1402 1709 1704 1766 Probianis,
1766 1708 1860 1764 llis
1901 1725 1972 1764 ne
2011 1711 2134 1784 quis
2180 1709 2440 1782 opinetur
2483 1707 2688 1782 aliquid
2729 1705 2922 1781 profici
2969 1723 3136 1781 posse
3172 1705 3228 1760 ad

644 1793 1011 1850 emendandos
1054 1792 1408 1849 Einsidlensis
1446 1792 1572 1850 libri
1615 1795 1767 1850 locos
1811 1804 2136 1868 corruptos,
2177 1811 2310 1850 usus
2355 1801 2442 1848 est
2481 1792 2674 1848 Petrus
2717 1791 2938 1848 omnino
2985 1799 3082 1846 aut
3119 1793 3229 1864 ipso

644 1878 973 1934 Eiusidlensi
1014 1877 1203 1940 codice
1246 1885 1341 1933 aut
1382 1879 1541 1952 plane
1586 1878 1851 1952 gemello;
1907 1896 2028 1934 nam
2073 1887 2128 1934 et
2169 1879 2220 1934 in
2263 1877 2464 1933 litteris
2493 1877 2656 1932 ΑΒΕ
2707 1893 2816 1933 non
2859 1877 3040 1949 magis
3085 1875 3230 1931 habet

642 1963 911 2019 Probiana
953 1979 1113 2036 quam
1144 1961 1497 2019 Einsidlensis
1540 1972 1595 2020 et
1640 1963 1996 2037 transpositio
2027 1961 2410 2024 Einsidlensis,
2453 1979 2558 2035 qua
2591 1962 2898 2018 notationes
2931 1962 2972 2016 F
3003 1963 3229 2016 34—37.

646 2049 705 2105 G.
742 2049 891 2102 1—3
932 2048 1071 2103 male
1111 2045 1454 2104 collocantur
1493 2051 1637 2104 inter
1676 2049 1715 2104 F
1749 2054 1798 2103 7.
1830 2051 1891 2110 8,
1939 2047 2092 2104 ail'uit
2131 2048 2296 2104 etiam
2335 2049 2390 2102 in
2432 2046 2574 2102 libro
2619 2046 2841 2102 Petrino
2882 2053 2940 2102 et
2969 2043 3234 2102 consentit

644 2151 767 2190 cum
812 2148 876 2188 eo
932 2134 985 2187 in
1028 2132 1361 2204 corruptelis
1422 2132 1674 2189 omnibus
1737 2129 1818 2208 (ut
1857 2150 1904 2188 e.
1938 2150 1983 2188 c.
2027 2148 2128 2188 ore
2173 2133 2412 2188 concilio
2469 2147 2570 2206 pro
2629 2146 2734 2202 ope
2793 2132 3033 2186 consilio
3084 2129 3231 2186 habet

646 2218 805 2273 etiam
836 2214 1079 2293 Petrus),
1127 2216 1231 2272 nisi
1266 2217 1409 2290 quod
1442 2218 1635 2273 Petrus
1676 2217 1856 2273 denuo
1890 2218 2066 2274 omnia
2095 2219 2360 2291 pervertit
2389 2224 2443 2272 et
2474 2216 2560 2270 vix
2588 2215 2904 2271 credibilem
2935 2217 2992 2270 in
3025 2214 3230 2270 modum

644 2302 874 2364 luxavit;
936 2319 1063 2356 sane
1116 2301 1223 2355 nisi
1276 2301 1596 2358 haberemus
1656 2301 2077 2364 Einsidlensem,
2140 2304 2220 2357 vix
2263 2307 2694 2374 agnoscerentur
2745 2302 2798 2355 in
2841 2299 3048 2372 glossis
3099 2298 3230 2352 Petri

646 2387 841 2441 Latini
880 2392 1117 2455 patrm,
1170 2385 1367 2441 latim·
1400 2388 1692 2454 consules,
1743 2389 1842 2442 lex
1869 2387 2022 2443 Iulia
2066 2387 2183 2442 divi
2209 2387 2486 2457 Αυριιεὶί,
2539 2387 2638 2440 lea:
2691 2400 2908 2440 mecum
2951 2390 3042 2440 est
3082 2381 3232 2437 Probi

648 2471 956 2526 notationes
988 2468 1182 2524 latini
1200 2473 1407 2540 prisci,
1440 2473 1633 2527 Latini
1661 2473 1958 2539 colonarii,
1991 2473 2089 2527 lex
2119 2471 2274 2527 Iulia
2303 2473 2374 2526 de
2405 2471 2734 2536 adulterii-9,
2767 2471 2887 2542 leqe
2917 2475 3110 2524 actum
3140 2473 3230 2522 cst.

650 2553 831 2611 Tertia
861 2569 1031 2626 eaque
1060 2569 1171 2608 non
1204 2554 1423 2612 minima
1464 2573 1592 2630 pars
1637 2564 1752 2612 tota
1794 2565 1877 2612 est
1919 2557 2321 2618 commenticia;
2375 2571 2436 2610 ea
2478 2557 2532 2610 in
2573 2553 2760 2610 littera
2804 2554 2972 2610 citata
3015 2553 3054 2608 F
3097 2554 3232 2626 prin-

648 2639 849 2713 cipium
890 2639 1008 2694 fere
1051 2647 1281 2712 occupat
1319 2644 1506 2713 paucis
1548 2641 1800 2716 Papianis
1841 2641 2190 2716 interspersis
2237 2641 2486 2714 reditque
2529 2639 2657 2694 item
2699 2639 2756 2694 in
2797 2637 2902 2696 tine
2943 2655 2976 2693 a
3011 2636 3232 2710 fuscum

650 2725 715 2781 ad
762 2725 990 2796 liqut-cu
1045 2739 1183 2796 qnae
1234 2724 1391 2781 cuius
1440 2726 1662 2798 generis
1704 2728 1842 2788 sint.
1888 2727 2019 2782 satis
2060 2725 2412 2782 declarabunt
2453 2723 2670 2798 glossae
2713 2725 2812 2780 hae
2847 2722 3028 2795 fortis
3069 2727 3232 2792 porta

648 2809 741 2865 laic
782 2809 981 2864 subtus
1031 2809 1226 2863 tabula
1273 2817 1327 2865 et
1365 2809 1494 2882 fodi
1540 2813 1645 2866 sub
1698 2814 1790 2868 via
1819 2811 1943 2866 XX
1975 2826 2221 2882 passus,
2273 2811 2527 2866 invenies
2577 2815 3002 2864 monumentum
3043 2807 3233 2862 lauda-

649 2895 756 2950 bile
810 2901 865 2950 et
900 2893 1203 2964 fortunam
1245 2895 1339 2950 hic
1388 2897 1661 2951 invenies,
1720 2896 1969 2952 Pervenit
2011 2895 2181 2969 igitur
2223 2895 2288 2951 ad
2331 2896 2476 2951 hunc
2507 2910 2727 2967 quoque
2773 2901 3068 2949 tractatum
3097 2890 3232 2943 Wat-

656 2977 927 3034 tenbachii
961 2976 1409 3049 (Deutschlands
1442 2980 1998 3052 Geschichtsqucllen
2029 2999 2082 3054 p.
2113 2979 2236 3051 333)
2279 2979 2344 3036 de
2375 2979 2535 3035 Petro
2581 2978 2839 3034 iudicium
2871 2979 3054 3034 omnia
3083 2974 3145 3032 ab
3174 2992 3231 3028 eo

654 3065 869 3120 homine
904 3063 1123 3119 tractari
1157 3081 1361 3120 summa
1392 3064 1767 3138 neglegentia.
1811 3065 1915 3121 fide
1945 3063 2121 3126 nulla;
2155 3080 2328 3138 neque
2361 3063 2653 3136 quidquam
2685 3064 2730 3118 is
2761 3062 2826 3119 ad
2859 3079 2958 3118 nos
2992 3060 3231 3136 pertinet,

656 3148 949 3205 tradendus
980 3147 1044 3202 iis
1076 3148 1171 3222 qui
1202 3159 1473 3221 quaerunt
1513 3151 1579 3205 de
1610 3149 1948 3206 mirabilibus
1991 3150 2152 3205 medii
2184 3150 2320 3205 aevi.
2364 3147 2608 3214 Quorum
2653 3165 2780 3203 sane
2811 3146 3082 3221 Apollinis
3119 3144 3231 3199 loco

654 3233 783 3288 mihi
829 3235 933 3288 erit
966 3234 1011 3288 si
1055 3236 1147 3306 qui
1191 3233 1479 3308 aliquando
1522 3235 1770 3298 docebit,
1815 3251 2102 3310 quamnam
2145 3233 2214 3290 ob
2259 3249 2476 3289 causam
2519 3232 2786 3288 eiusmodi
2829 3231 3072 3288 libellum
3111 3227 3233 3284 solis

659 3319 1041 3375 thesaurorum
1072 3319 1557 3390 investigatoribus
1588 3320 1778 3375 utilem
1810 3318 2080 3376 conticere
2110 3319 2336 3375 iusserit
2366 3318 2588 3373 doctum
2619 3316 2771 3373 illum
2804 3317 2896 3390 qui
2927 3313 3232 3374 credebatur

654 3405 828 3460 virum
881 3401 1030 3476 regis
1064 3403 1377 3460 Germaniae
1421 3405 1659 3479 scriptor
1700 3404 1811 3468 vel,
1859 3413 1920 3459 ut
1975 3405 2174 3460 mavult
2203 3403 2426 3464 Petrus,
2475 3402 2820 3476 imperatoris
2863 3400 3232 3458 cancellarium

656 3488 759 3543 nisi
794 3487 936 3542 sorte
968 3488 1129 3542 etiam
1162 3486 1371 3544 iussum
1404 3487 1539 3544 illud
1568 3498 1630 3546 ut
1662 3489 1765 3545 alia
1797 3488 1992 3546 similia
2019 3489 2217 3544 Petrus
2248 3493 2588 3546 commentus
2620 3493 2722 3542 est.
2759 3517 2831 3526 —
2867 3486 3026 3554 Quod
3053 3487 3232 3540 attinet

656 3572 723 3627 ad
754 3573 892 3627 hanc
922 3571 1213 3626 editionem
1260 3568 1399 3646 (nam
1442 3577 1696 3630 omittere
1739 3574 1941 3629 librum
1995 3591 2024 3629 a
2055 3575 2184 3630 viris
2215 3572 2390 3629 doctis
2443 3572 2507 3628 ad
2538 3571 2878 3646 explicandas
2931 3579 3088 3627 notas
3129 3582 3232 3622 sae-

660 3657 879 3729 pissime
922 3655 1222 3711 adhibitum
1274 3659 1616 3714 commodum
1658 3659 1832 3730 magis
1875 3659 2048 3714 visum
2092 3666 2179 3714 est
2224 3674 2384 3730 quam
2429 3664 2606 3713 tutum
2649 3655 2790 3728 sore)
2833 3663 3022 3730 spreta
3053 3655 3230 3708 Veneta

659 3739 895 3795 editione
932 3735 949 3814 (
966 3739 1016 3796 V
1021 3739 1071 3812 ),
1132 3742 1237 3796 nisi
1298 3742 1445 3814 quod
1504 3742 1818 3816 speciminis
1879 3759 2042 3800 causa
2099 3742 2298 3798 variam
2359 3741 2476 3796 eius
2532 3740 2822 3798 lectionem
2881 3739 3140 3813 adscripsi
3185 3737 3230 3790 in

659 3823 1025 3899 praefatione,
1066 3824 1282 3881 exhibui
1320 3826 1561 3884 codicem
1602 3828 1950 3885 Marcanovae
1980 3828 2302 3883 Beruensem
2338 3821 2478 3901 (M);
2529 3825 2766 3882 Vaticani
2805 3825 2978 3886 enim.
3025 3825 3112 3898 qui
3141 3821 3230 3876 etsi

660 3925 721 3964 ex
765 3908 954 3965 eodem
998 3907 1199 3965 saeculi
1242 3909 1437 3967 decimi
1478 3912 1655 3986 quinti
1699 3914 2017 3987 apographo
2064 3911 2369 3973 descendit,
2415 3919 2590 3966 tamen
2635 3911 3024 3967 Marcanovano
3067 3903 3229 3982 paullo

658 4001 939 4068 praestare
970 3993 1207 4058 videtur,
1263 4013 1373 4052 non
1415 3998 1707 4054 adfuerunt
1749 4000 1855 4054 nisi
1888 3999 2080 4071 exigua
2112 3996 2406 4071 specimina
2446 4012 2546 4052 nec
2591 4002 2802 4070 tempus
2845 3993 2928 4050 vel
2959 4007 3130 4050 meum
3159 3985 3228 4042 vel

660 4081 957 4135 amicorum
1004 4085 1182 4136 terere
1222 4080 1369 4136 volui
1412 4083 1467 4138 iu
1498 4082 1846 4155 nugacissimi
1889 4081 2138 4138 monachi
2181 4081 2422 4155 apicibus
2465 4081 2719 4138 rimandis
2764 4089 2820 4136 et
2860 4079 2926 4136 ad
2967 4079 3228 4153 pristinam

660 4181 812 4219 suam
845 4173 899 4218 et
930 4166 1303 4220 intemeratam
1328 4167 1618 4224 stultitiam
1649 4167 1987 4224 revocandis.
2047 4166 2196 4234 Quae
2227 4171 2282 4222 in
2305 4166 2562 4222 Bernensi
2593 4166 2854 4238 leguntur
2883 4173 2976 4220 aut
3006 4165 3061 4220 in
3089 4163 3228 4217 litura

661 4250 919 4305 restituta
950 4257 1043 4304 aut
1076 4258 1266 4323 postea
1298 4251 1577 4325 suppleta,
1622 4251 2028 4308 emendationes
2062 4251 2270 4308 scilicet
2301 4251 2644 4307 Marcanovae
2676 4267 2810 4325 quas
2841 4251 2958 4322 ipse
2989 4249 3229 4304 memorat

662 4333 717 4388 in
750 4331 1173 4407 subscriptione,
1206 4337 1603 4411 circumscripsi
1638 4338 1792 4392 uncis
1824 4336 2131 4410 quadratis;
2175 4335 2564 4392 hariolationes
2597 4343 2726 4391 sunt
2755 4349 2934 4390 merae
2978 4341 3034 4389 et
3065 4335 3108 4389 si
3132 4328 3230 4385 lieri

664 4425 847 4490 potest
889 4417 1022 4492 ipsis
1054 4419 1287 4476 Petrinis
1340 4421 1656 4478 deteriores,
1716 4421 2077 4477 Praefationis
2129 4421 2400 4494 principio
2447 4420 2732 4476 admodum
2784 4427 3048 4494 corrupto
3094 4429 3226 4490 opem

666 4502 792 4558 tulit
822 4522 851 4558 a
884 4519 967 4558 me
997 4512 1223 4577 rogatus
1253 4506 1480 4570 Jall'eus;
1530 4513 1812 4580 praeterea
1845 4514 2048 4562 textum
2079 4522 2188 4561 non
2220 4505 2410 4578 attigi,
2443 4506 2548 4562 nisi
2581 4505 2728 4578 quod
2757 4504 2960 4578 glossis
3003 4519 3068 4559 ex
3093 4500 3228 4573 Papia

664 4589 852 4659 petitis
882 4589 1203 4645 asteriscum
1234 4591 1544 4665 praeposui,
1575 4591 1861 4647 Probianis
1892 4591 2092 4648 codicis
2121 4589 2474 4648 Eiusidlensis
2505 4591 2797 4648 asteriscos
2828 4589 3006 4645 binos.
