3434 5442
639 137 677 179 X

1676 263 1695 294 l

660 319 779 381 104
1841 319 2065 382 Puoffl
2813 277 2830 396 ζ

758 447 801 488 p.
830 434 921 476 219.
941 435 993 476 20
1022 434 1069 476 R.
2837 451 2881 490 p.
2909 438 3002 480 ³04.
3023 440 3050 479 5
3081 437 3138 479 V.

657 525 876 566 nomen
933 511 1179 584 propter
1230 506 1525 570 rationem
1573 523 1858 568 sonorum
1917 508 1976 568 in
2023 525 2206 588 supra
2255 510 2492 588 scriptis
2539 509 2776 570 casibus
2831 512 2918 572 sic
2971 508 3246 572 anomale

658 607 1013 678 declinetur,
1058 609 1117 668 in
1164 609 1325 668 sonis
1368 615 1756 688 conpetenter
1795 609 2196 674 tractabimus.
2282 611 2420 672 item
2463 613 2524 672 in
2568 612 2684 673 hoc
2725 612 2932 674 eodem
2977 614 3244 681 nomine,

659 710 816 791 quod
862 709 1120 770 diximus
1161 709 1415 772 ablativo
1460 729 1601 785 casu
1644 714 1880 774 numeri
1918 711 2233 790 singularis
2275 733 2311 774 ο
2356 711 2552 778 littera
2599 715 2900 776 terminari
2937 722 3004 794 ,et
3049 717 3246 776 nomi-

658 812 850 873 nativo
898 829 1039 874 casu
1092 814 1329 874 numeri
1382 813 1699 892 singularis
1745 833 1848 875 eus
1903 813 2112 876 litteris
2165 815 2396 876 definiri
2451 833 2562 878 nec
2616 834 2735 877 non
2783 828 2840 878 et
2881 817 3244 878 nominativo

604 939 629 978 5
658 915 849 976 dativo
892 915 1157 974 vocativo
1202 922 1261 976 et
1300 913 1549 976 ablativo
1590 933 1731 976 casu
1773 917 2008 977 numeri
2045 915 2288 996 pluralis
2340 924 2586 996 propter
2623 919 2914 980 rationem
2953 937 3244 980 sonorum

658 1015 931 1079 anomale
975 1015 1287 1086 declinari,
1343 1018 1676 1098 quaeritur,
1735 1037 1852 1098 qua
1885 1019 1965 1080 de
2005 1036 2180 1080 causa
2223 1019 2284 1080 in
2327 1019 2512 1080 isdem
2561 1037 2742 1100 supra
2787 1020 2956 1082 dictis
3007 1021 3248 1082 casibus

658 1116 929 1202 anomale
989 1136 1097 1198 per
1150 1117 1297 1180 duas
1348 1120 1371 1180 i
1415 1117 1643 1180 litteras
1702 1123 2036 1199 reperiatur
2094 1120 2291 1182 scribi.
2381 1121 2492 1182 hac
2554 1121 2628 1184 de
2685 1141 2890 1192 causa,
2957 1124 3246 1203 quoniam

657 1239 1068 1301 quaecumque
1117 1223 1355 1282 nomina
1410 1223 1647 1301 generis
1694 1221 2004 1284 masculini
2057 1221 2308 1284 ablativo
2363 1241 2502 1284 casu
2559 1225 2792 1285 numeri
2841 1224 3164 1301 singularis
3209 1247 3243 1286 o

657 1321 855 1384 littera
906 1323 1299 1384 terminantur
1345 1331 1405 1385 et
1442 1326 1799 1386 nominativo
1845 1343 1986 1386 casu
2039 1327 2274 1388 numeri
2307 1324 2634 1403 ⁴singularis
2673 1345 2780 1387 eus
2829 1325 3044 1388 litteris
3101 1327 3244 1388 defi-

584 1445 634 1484 ιο
662 1425 935 1494 niuntur,
993 1425 1142 1486 haec
1186 1427 1545 1487 nominativo
1594 1426 1786 1488 dativo
1835 1429 2094 1488 vocativo
2137 1435 2196 1488 et
2235 1425 2486 1488 ablativo
2523 1445 2664 1490 casu
2717 1430 2952 1490 numeri
2995 1427 3246 1507 pluralis

660 1545 795 1590 cum
834 1528 1194 1589 nominativo
1232 1545 1371 1590 casu
1414 1530 1647 1590 numeri
1676 1528 1992 1606 singularis
2036 1531 2166 1609 pari
2197 1548 2446 1592 numero
2481 1529 2836 1611 syllabarum
2873 1529 3244 1592 scribuntur.

829 1629 1001 1692 Nunc
1042 1631 1104 1690 in
1150 1629 1261 1690 hac
1302 1631 1489 1692 forma
1536 1632 1772 1709 generis
1810 1630 2149 1702 masculini,
2201 1650 2316 1712 qua
2359 1632 2612 1694 diximus
2650 1631 2906 1694 ablativo
2947 1650 3095 1694 casu
3141 1651 3246 1693 nu-

660 1733 811 1792 meri
866 1729 1181 1808 singularis
1242 1734 1481 1792 nomina
1532 1753 1566 1794 o
1622 1731 1814 1795 littera
1880 1735 2185 1794 terminari
2255 1741 2314 1795 et
2373 1735 2734 1796 nominativo
2799 1753 2940 1797 casu
3009 1737 3246 1796 numeri

660 1829 993 1915 singullaris
1034 1853 1142 1906 eus
1176 1833 1388 1895 litteris
1432 1835 1691 1905 definiri,
1737 1835 1853 1896 hoc
1893 1853 2234 1905 monemus,
2268 1833 2452 1916 'quod
2497 1856 2570 1898 ex
2609 1855 2677 1898 ea
2722 1855 2840 1898 non
2887 1856 2960 1898 eo
3005 1837 3247 1916 plurimi

587 1954 635 1994 15
662 1937 811 2005 soni,
852 1935 968 1996 hoc
1012 1943 1101 1996 est
1136 1953 1257 1996 non
1302 1955 1374 2000 eo
1417 1935 1670 2015 plurima
1708 1939 1968 2006 nomina,
2014 1940 2244 2019 possint
2285 1937 2570 2000 exhiberi.
2657 1939 2732 2001 de
2769 1939 2960 2002 forma
3005 1941 3248 2017 generis

661 2035 983 2107 masculini,
1023 2057 1137 2118 qua
1183 2036 1438 2100 ablativo
1472 2057 1611 2100 casu
1652 2041 1888 2102 numeri
1917 2029 2228 2118 singularis
2267 2041 2508 2102 nomina
2547 2059 2584 2100 o
2612 2039 2808 2102 littera
2846 2042 3248 2104 terminantur

620 2211 627 2224 ,
660 2147 719 2202 et
761 2140 1120 2201 nominativo
1154 2157 1293 2204 casu
1339 2143 1574 2202 numeri
1602 2140 1920 2218 singularis
1957 2161 2062 2204 eus
2094 2142 2304 2204 litteris
2341 2139 2719 2212 definiuntur,
2767 2151 3058 2223 quantum
3095 2146 3246 2206 ratio

658 2239 963 2322 poscebat,
1010 2244 1409 2321 tractavimus.
1433 2239 1471 2328 ss

828 2343 915 2406 De
958 2344 1069 2406 iuS.
1158 2363 1567 2425 quaecumque
1610 2346 1850 2408 nomina
1895 2348 2132 2425 generis
2174 2345 2484 2408 masculini
2526 2345 2775 2408 ablativo
2827 2365 2968 2408 casu
3009 2351 3250 2408 numeri

582 2461 635 2508 2⁰
660 2443 973 2524 singularis
1013 2465 1048 2506 o
1098 2445 1289 2507 littera
1337 2448 1728 2509 terminantur
1781 2457 1840 2509 et
1882 2450 2242 2510 nominativo
2299 2467 2436 2509 casu
2493 2450 2728 2510 numeri
2771 2449 3090 2529 singularis
3153 2453 3250 2512 ius

658 2546 881 2628 syllaba
925 2547 1301 2618 definiuntur,
1352 2555 1418 2610 ut
1448 2557 1588 2626 puta
1628 2549 1703 2611 ab
1741 2550 1856 2611 hoc
1885 2551 2030 2613 Gaio
2077 2551 2174 2612 bic
2205 2551 2401 2620 Gaius,
2445 2551 2606 2612 haec‘
2637 2552 2710 2612 ad
2751 2553 2868 2612 hoc
2905 2551 3248 2632 exemplum

658 2649 1061 2712 declinantur:
1108 2652 1343 2712 numeri
1381 2650 1695 2730 singularis
1733 2652 1832 2714 hic
1877 2654 2055 2716 Gaius
2097 2652 2273 2714 liuius
2313 2652 2420 2714 Gai
2461 2653 2598 2714 huic
2635 2655 2782 2716 Gaio
2827 2653 2986 2715 hunc
3029 2655 3248 2716 Gaium

657 2772 693 2813 ο
730 2753 839 2814 Gai
881 2751 955 2812 ab
1000 2751 1115 2812 hoc
1159 2753 1337 2823 Gaio,
1394 2756 1629 2814 numeri
1668 2753 1914 2833 pluralis
1972 2754 2035 2814 hi
2077 2757 2186 2818 Gai
2227 2754 2444 2818 horum
2489 2755 2770 2818 Gaiorum
2813 2757 2907 2818 his
2949 2757 3091 2818 Gais
3133 2757 3250 2818 bos

658 2854 833 2918 Gaios
904 2873 941 2914 o
979 2854 1087 2916 Gai
1149 2853 1222 2914 ab
1264 2855 1359 2916 his
1402 2857 1558 2918 Gais.
1648 2858 1734 2917 sic
1795 2864 1854 2918 et
1909 2856 2020 2918 alia
2085 2859 2322 2934 generis
2375 2855 2686 2919 masculini
2747 2860 3020 2929 nomina,
3091 2877 3252 2939 quae

582 2953 913 3016 2⁵·ablativo
970 2974 1109 3016 casu
1168 2959 1403 3018 numeri
1448 2956 1763 3037 singularis
1805 2978 1840 3019 o
1881 2958 2074 3021 littera
2127 2961 2518 3022 terminantur
2575 2969 2635 3020 et
2685 2962 3046 3022 nominativo
3103 2981 3250 3024 casu

660 3056 893 3118 numeri
944 3057 1261 3136 singularis
1302 3060 1395 3122 ius
1438 3059 1661 3140 syllaba
1729 3060 2116 3132 definiuntur,
2185 3061 2259 3124 ad
2303 3060 2635 3140 exemplum
2681 3062 2790 3123 Gai
2859 3081 2966 3141 per
3033 3083 3250 3124 omnes

660 3179 831 3222 casus
867 3158 1255 3222 declinantur.
1342 3179 1503 3222 nunc
1550 3164 1611 3223 in
1656 3163 1768 3224 hac
1812 3182 1992 3243 supra
2035 3165 2255 3244 scripta
2299 3165 2490 3226 forma
2535 3165 2651 3226 hoc
2695 3183 3032 3234 monemus,
3081 3167 3246 3246 quod

657 3264 773 3324 sint
807 3261 1001 3342 aliqua
1044 3264 1305 3332 nomina,
1348 3282 1502 3345 quae
1546 3266 1844 3328 interdum
1883 3273 2131 3346 propter
2169 3274 2358 3328 metra
2393 3265 2484 3328 vel
2515 3273 2844 3328 structuras
2887 3287 2959 3329 ex
2987 3267 3242 3330 ablativo

658 3383 799 3427 casu
844 3366 1074 3440 numeri
1116 3363 1431 3444 singularis
1476 3387 1510 3428 ο
1555 3366 1827 3429 ultimum
1885 3376 1946 3430 et
1989 3371 2050 3428 in
2097 3387 2195 3428 um
2250 3368 2476 3430 litteras
2525 3377 2897 3440 convertant,
2955 3379 3022 3431 ut
3063 3389 3244 3449 gene-

584 3481 637 3522 30
664 3469 842 3528 tivum
890 3485 1091 3530 casum
1136 3469 1372 3529 numeri
1408 3467 1653 3546 pluralis
1698 3470 1971 3540 efficiant,
2013 3478 2074 3532 ut
2118 3478 2260 3549 puta
2299 3470 2374 3532 ab
2421 3470 2535 3531 boc
2569 3471 2714 3534 Gaio
2751 3472 2968 3534 borum
3010 3474 3242 3535 Gaium.

658 3569 761 3631 sed
804 3568 952 3630 haec
991 3587 1143 3649 quae
1188 3571 1305 3631 sint
1342 3571 1580 3632 nomina
1624 3579 1685 3632 et
1726 3589 1843 3652 qua
1888 3572 1960 3633 de
2001 3567 2178 3635 caus'a
2223 3592 2296 3634 ex
2337 3591 2516 3651 supra
2561 3573 2720 3634 dicto
2763 3593 2902 3636 casu
2945 3575 3242 3638 interdum

658 3677 905 3751 propter
959 3677 1149 3732 metra
1192 3670 1281 3732 vel
1336 3662 1665 3734 structuras
1706 3693 1744 3734 o
1789 3673 2060 3736 ultimum
2107 3683 2168 3739 et
2209 3665 2282 3736 in'
2321 3693 2422 3736 um
2461 3675 2690 3738 litteras
2741 3685 3120 3748 convertant,
3181 3688 3246 3740 ut

658 3773 991 3850 genetivum
1050 3790 1248 3834 casum
1302 3776 1537 3836 numeri
1592 3774 1836 3854 pluralis
1897 3777 2182 3849 efficiant,
2243 3777 2362 3839 boc
2415 3779 2478 3838 in
2533 3781 2740 3840 metris
2786 3779 2873 3842 vel
2925 3784 3246 3843 structuris

660 3861 1045 3953 conpetenter
1088 3874 1491 3940 tractabimus
1578 3895 1739 3938 nunc
1779 3878 1842 3941 in
1885 3879 1998 3942 hac
2037 3881 2228 3941 forma
2273 3882 2506 3958 generis
2549 3880 2886 3953 masculini,
2931 3901 3048 3962 qua
3091 3884 3242 3945 dixi-

588 3992 635 4033 ³5
662 3996 795 4039 mus
840 3976 1094 4040 ablativo
1138 3996 1275 4040 casu
1332 3981 1566 4040 numeri
1608 3979 1922 4059 singularis
1972 3984 2212 4044 nomina
2256 4002 2292 4043 ο
2343 3982 2540 4060 littera
2588 3986 2897 4046 terminari
2951 3994 3010 4046 et
3049 3989 3244 4048 nomi-

656 4082 851 4143 nativo
898 4099 1037 4142 casu
1085 4082 1321 4144 numeri
1362 4080 1677 4160 singularis
1721 4084 1816 4145 ius
1853 4082 2072 4164 syllaba
2111 4085 2372 4154 definiri,
2413 4085 2536 4146 hoc
2577 4103 2919 4156 monemus,
2965 4087 3126 4168 quod
3173 4108 3244 4150 ex

658 4202 725 4246 ea
772 4201 893 4245 non
933 4202 1110 4264 quarn
1164 4181 1405 4263 plurimi
1458 4186 1621 4254 soni,
1676 4185 1794 4246 hoc
1837 4195 1929 4248 est
1983 4204 2104 4248 non
2145 4207 2322 4268 quarn
2379 4186 2632 4268 plurima
2686 4191 2956 4258 nomina,
3015 4192 3246 4268 possint

560 4281 593 4322 '⁰'
658 4286 941 4348 exbiberi.
1034 4286 1107 4347 de
1148 4286 1339 4346 forma
1383 4288 1621 4363 generis
1662 4288 1984 4360 masculini,
2027 4307 2142 4368 qua
2179 4288 2430 4352 ablativo
2476 4309 2618 4352 casu
2653 4294 2884 4353 numeri
2923 4292 3246 4370 singularis

656 4390 893 4450 nomina
946 4409 981 4448 o
1036 4387 1231 4450 littera
1296 4390 1693 4450 terminantur
1761 4398 1820 4452 et
1873 4393 2231 4454 nominativo
2287 4411 2430 4454 casu
2493 4395 2726 4455 numeri
2783 4394 3099 4473 singularis
3151 4399 3248 4456 ius

584 4500 635 4540 ⁴⁰
660 4489 877 4570 syllaba
922 4489 1301 4561 definiuntur,
1349 4499 1635 4569 quantum
1680 4494 1832 4554 ratio
1877 4493 2176 4574 poscebat,
2221 4497 2620 4558 tractavimus·

798 4663 831 4712 2
867 4661 1195 4723 tractabimus
1226 4677 1257 4710 r
1289 4659 1622 4714 tractau‘imus
1656 4661 1758 4716 RB
1959 4665 1997 4722 ‚5
2041 4668 2292 4718 rationem
2321 4667 2370 4719 R
2405 4667 2603 4720 ratione
2631 4667 2685 4718 B
2857 4667 2891 4717 7
2925 4669 3163 4718 anomale
3203 4656 3250 4720 R

660 4729 911 4782 anomalis
946 4749 974 4782 v
1082 4733 1399 4798 reperiantur
1432 4733 1534 4784 RB
1637 4733 1706 4785 28
1737 4733 1908 4799 aliqua
1941 4735 1992 4786 B
2022 4738 2125 4788 alis,
2161 4739 2206 4789 R
2333 4739 2404 4788 29
2441 4745 2738 4801 conuertunt
2771 4737 2824 4788 B
2857 4745 3168 4789 conuertunt
3201 4740 3251 4790 R

799 4799 867 4852 34
904 4802 1233 4854 tractabimus
1270 4819 1301 4852 r
1335 4803 1675 4862 tractauimus¹
1699 4803 1801 4855 RB
