3434 5442
891 356 1285 419 lNSTtTvTA
1323 356 1604 419 ARTIVM
1650 354 1976 421 260-271
2639 354 2716 417 91

260 486 303 527 p.
329 474 461 515 20ιῦ
490 472 542 515 R.
2307 485 2350 527 p.
2377 468 2538 514 aasz
2566 472 2620 513 V.

168 552 325 615 eunt,
350 546 513 607 'haec
552 564 670 607 non
706 547 1029 608 secundum
1074 526 1261 625 genus
1314 554 1593 607 neutrum
1643 551 1784 607 sunt
1823 542 2197 613 declinanda,
2255 544 2354 605 sed
2399 562 2509 623 pro
2559 543 2722 605 locu-

166 650 311 709 tione
354 649 803 726 pronuntianda‚
850 655 915 709 ut
951 657 1088 726 puta
1134 650 1355 733 ‘nepos
1384 646 1475 708 vel
1515 650 1705 725 neptis
1749 647 2102 726 mancipium
2121 651 2162 715 ⁹,
2211 648 2428 707 ‘senex
2459 645 2548 707 vel
2578 642 2746 707 anus‘

168 752 563 829 mancipium’,
594 752 793 831 utique
820 768 938 811 non
964 754 984 784 ‘
1002 750 1115 811 boc
1142 768 1327 829 nepos
1358 749 1443 811 vel
1475 752 1667 828 neptis
1693 750 2086 828 mancipium’
2120 754 2220 809 aut
2251 748 2401 809 ‘hoc
2429 766 2610 809 senex
2632 746 2724 808 vel

166 869 297 911 anus
338 853 730 930 mancipium’
786 852 1113 914 secundum
1158 868 1345 931 genus
1388 858 1665 913 neutrum
1721 851 2002 913 declinari
2055 848 2337 919 debeant,
2408 848 2510 911 sed
2571 848 2722 909 ‘hoc

166 956 507 1033 mancipium
548 970 735 1034 nepos
778 954 866 1015 vel
892 955 1103 1034 neptis
1143 958 1263 1015 est'
1320 961 1380 1015 et
1431 954 1581 1015 ‘hoc
1625 954 1982 1032 mancipium
2049 968 2228 1013 senex
2274 950 2358 1013 vel
2405 968 2553 1012 anus
2595 928 2718 1011 est''
2771 976 2797 1016 a

166 1073 261 1134 pro
310 1056 607 1119 locutione
662 1074 821 1118 nunc
870 1062 989 1118 tam
1046 1075 1297 1119 numero
1350 1055 1631 1134 singulari
1696 1072 1873 1134 quam
1933 1054 2144 1134 plurali
2195 1055 2385 1131 accipi
2433 1059 2717 1131 oporteat.

166 1176 308 1220 nunc
348 1158 465 1219 hoe
508 1176 846 1229 monemus,
894 1178 967 1219 ex
1008 1158 1119 1219 hac
1164 1158 1386 1229 forma,
1434 1176 1547 1238 qua
1590 1157 1846 1220 diximus
1885 1158 2242 1217 nominativo
2289 1174 2429 1217 casu
2491 1155 2722 1217 numeri

164 1260 467 1339 singularis
532 1262 767 1339 generis
830 1259 1135 1323 masculini
1187 1262 1421 1321 nomina
1476 1278 1587 1339 pos
1640 1258 1860 1339 syllaba
1917 1260 2222 1321 terminari
2281 1266 2338 1320 et
2389 1258 2446 1318 in
2503 1274 2724 1335 genere

166 1365 427 1423 feminino
470 1362 741 1424 anomale
791 1362 1073 1425 declinari
1112 1362 1205 1424 vel
1244 1364 1301 1423 in
1346 1370 1559 1425 neutro
1600 1380 1711 1441 pro
1765 1360 2060 1423 locutione
2111 1362 2508 1441 pfflnuntiari,
2564 1359 2720 1439 quod

166 1464 285 1543 plus
324 1482 497 1545 quam
542 1483 729 1526 unum
776 1482 1005 1535 sonum,
1050 1465 1165 1526 hoc
1196 1471 1285 1524 est
1326 1482 1500 1544 quam
1536 1481 1717 1525 unum
1763 1480 1998 1533 nomen,
2045 1480 2164 1523 non
2206 1464 2392 1541 possit
2433 1460 2798 1526 exhiberi.1o

168 1569 289 1627 item
333 1585 404 1629 ex
450 1566 547 1629 illa
588 1567 795 1637 forma,
844 1584 959 1645 qua
1000 1566 1253 1629 diximus
1296 1566 1651 1628 nominativo
1683 1583 1823 1629 casu
1865 1567 2096 1627 numeri
2136 1563 2448 1644 singularis
2491 1581 2720 1626 mascu-

168 1654 265 1730 lini
297 1672 529 1749 generis
574 1670 813 1731 nomina
868 1686 984 1731 nex
1040 1666 1260 1749 syllaba
1307 1668 1539 1730 definiri
1594 1674 1653 1729 et
1705 1669 1765 1728 in
1813 1665 2068 1752 genuere
2123 1668 2400 1730 feminiae
2455 1665 2724 1729 anomale
2810 1722 2822 1737 ,

168 1771 423 1833 declinari
492 1772 583 1833 vel
648 1774 713 1832 in
742 1778 983 1833 ·neutro
1044 1789 1155 1850 pro
1209 1770 1503 1831 locutione
1559 1771 1959 1849 pronuntiari,
2030 1771 2144 1831 hoc
2195 1786 2506 1831 monemus
2563 1768 2720 1849 quod

169 1872 283 1951 plus
322 1892 495 1953 quam
538 1892 722 1936 unum
766 1891 997 1945 sonum,
1048 1873 1161 1934 hoc
1202 1881 1291 1935 est
1334 1890 1509 1951 quam
1553 1890 1736 1935 unum
1781 1890 2014 1942 nomen,
2053 1889 2172 1933 non
2218 1873 2402 1952 possit
2435 1870 2718 1933 exhiberi.

317 1976 457 2036 Item
516 1977 577 2037 in
634 1976 748 2037 hoc
800 1994 978 2055 supra
1037 1977 1261 2055 scripto
1318 1991 1537 2053 genere
1595 1992 2004 2056 quaecumque
2065 1976 2302 2035 nomina
2369 1974 2798 2036 nominativum

173 2095 293 2138 rasu
334 2081 563 2140 numeri
606 2077 921 2156 singularis
970 2078 1063 2139 his
1104 2077 1333 2139 duabus
1374 2077 1581 2138 formis
1622 2077 2009 2147 definiuntur,
2060 2078 2118 2139 id
2159 2083 2248 2138 est
2291 2078 2479 2139 victor
2520 2084 2724 2138 tonsor

174 2186 222 2238 et
256 2188 439 2240 cetera
478 2178 649 2250 talia,
693 2181 841 2241 haec
885 2183 934 2241 si
979 2198 1047 2241 ex
1094 2198 1199 2240 sua
1241 2182 1437 2259 specie
1492 2181 1551 2240 in
1591 2195 1808 2256 genera
1854 2180 2128 2240 feminina
2187 2186 2519 2249 transeunt,
2579 2178 2725 2239 haec

176 2282 351 2342 eadem
406 2284 647 2343 nomina
701 2285 761 2343 in
820 2300 1039 2362 genere
1093 2282 1375 2343 feminino
1428 2282 1513 2343 sic
1566 2280 1829 2342 anomala
1887 2281 2250 2351 efficiuntur,
2319 2291 2384 2342 ut
2433 2287 2572 2359 puta
2625 2280 2722 2341 hic

176 2384 331 2443 victor
370 2384 515 2445 baec
552 2385 789 2453 victrix,
850 2385 945 2446 hic
984 2391 1189 2446 tonsor
1230 2384 1379 2445 haec
1421 2386 1692 2445 tonstrix.
1781 2385 1830 2444 si
1873 2401 2012 2444 vero
2057 2384 2203 2445 haec
2241 2384 2446 2445 eadem
2487 2384 2722 2444 nomina

178 2487 223 2544 in
256 2504 459 2563 genera
504 2494 715 2548 neutra
760 2493 1083 2568 transeunt,
1130 2490 1189 2547 in
1220 2485 1427 2548 eodem
1474 2502 1691 2563 genere
1723 2492 1934 2547 neutro
1981 2486 2211 2547 numeri
2254 2485 2570 2563 singularis
2610 2503 2720 2563 pro
2747 2502 2798 2545 κο

176 2585 439 2651 locutione
482 2589 972 2668 pronuntiantur,
1032 2596 1099 2651 ut
1139 2595 1279 2668 puta
1326 2588 1477 2649 ‘hoc
1530 2589 1888 2668 mancipium
1933 2589 2119 2649 victor
2171 2588 2262 2650 vel
2303 2595 2511 2649 tonsor
2560 2592 2720 2657 est';

178 2696 225 2747 at
261 2708 389 2752 vero
430 2693 490 2751 in
533 2709 785 2753 numero
834 2690 1043 2770 plurali
1088 2690 1413 2752 secundum
1457 2705 1647 2766 genus
1700 2699 2010 2759 neutrum,
2077 2689 2179 2753 sed
2235 2690 2501 2752 anomale
2544 2688 2723 2751 decli·

178 2800 382 2861 uantur,
414 2800 478 2853 ut
511 2800 651 2872 puta
687 2794 871 2855 ‘haec
902 2795 1157 2855 victricia
1190 2793 1503 2871 mancipia'
1537 2800 1595 2853 et
1623 2793 1809 2854 ‘haec
1839 2794 2144 2855 tonstricia
2171 2794 2504 2871 mancipia’.
2564 2808 2726 2853 nunc

181 2910 238 2951 ex
270 2893 351 2953 bis
392 2913 569 2973 supra
613 2897 847 2975 scriptis
889 2896 1125 2965 formis,
1172 2895 1387 2973 quibus
1434 2893 1685 2956 diximus
1729 2893 2101 2977 nominaltivo
2149 2913 2288 2957 casu
2333 2895 2562 2955 numeri
2605 2895 2723 2955 sin-

180 2993 368 3069 gularis
406 2999 641 3058 nomina
678 3006 775 3058 tor
808 2996 900 3058 vel
936 3016 1037 3059 sor
1066 2996 1301 3077 syllabis
1346 2995 1577 3059 definiri
1622 3003 1683 3057 et
1721 2998 1782 3057 in
1812 3014 2030 3073 genere
2074 2997 2352 3057 feminino
2394 2995 2483 3057 vel
2511 3003 2722 3057 neutro
2747 3012 2800 3053 τε

182 3112 389 3159 necesse
432 3116 563 3163 esse
616 3100 883 3163 anomale
929 3099 1019 3162 vel
1074 3117 1181 3177 pro
1232 3098 1533 3160 locutione
1578 3099 1988 3182 pronuntiari,
2045 3098 2160 3159 hoc
2201 3115 2510 3159 monemus
2563 3098 2722 3178 quod

180 3195 352 3274 plures
393 3204 541 3272 soni,
590 3202 703 3265 hoc
742 3210 833 3264 est
866 3203 1119 3281 plurima
1164 3202 1419 3272 nomina,
1462 3204 1693 3281 possint
1731 3200 2016 3266 exhiberi.

324 3306 391 3363 At
429 3324 569 3367 vero
616 3306 688 3367 de
732 3308 943 3366 ceteris
988 3305 1220 3374 formis,
1277 3304 1513 3384 quibus·
1538 3304 1774 3381 generis
1801 3306 1806 3311 “
1829 3300 2138 3364 masculini
2179 3304 2414 3363 nomina
2471 3301 2722 3365 ablativo

185 3418 301 3463 casu
332 3408 561 3468 numeri
610 3405 922 3484 singularis
963 3425 997 3467 e
1036 3404 1230 3467 littera
1282 3405 1507 3468 scilicet
1554 3412 1830 3483 correpta
1874 3405 2183 3466 terminata
2237 3407 2592 3466 nominativo
2633 3403 2725 3466 vel

187 3508 409 3567 vocativo
444 3527 583 3571 casu
629 3510 863 3571 numeri
894 3507 1207 3587 singularis
1242 3509 1613 3578 definiantur,
1661 3508 1775 3568 hoc
1810 3508 1870 3569 in
1900 3507 2058 3567 sonis
2089 3514 2474 3587 conpetenter
2511 3514 2722 3569 tracta·
2747 3521 2800 3565 ao

186 3602 365 3669 bimus
428 3628 566 3673 sane
612 3613 671 3672 in
714 3611 824 3673 hac
864 3612 1053 3672 forma
1090 3612 1327 3689 generis
1368 3610 1693 3679 masculini,
1739 3628 1854 3691 qua
1898 3610 2147 3671 diximus
2186 3611 2540 3671 nominativo
2583 3626 2720 3672 casu

187 3713 384 3771 numeri
420 3712 733 3791 singularis
778 3715 1013 3775 nomina
1055 3720 1151 3774 tor
1182 3712 1409 3793 syllaba
1453 3714 1790 3783 terminari,
1850 3712 1966 3774 hoc
2007 3729 2348 3782 monemuS,
2411 3712 2566 3791 quod
2611 3694 2734 3774 boc*

190 3826 341 3873 unum
374 3832 601 3885 nomen,
645 3815 703 3876 id
742 3822 829 3877 est
858 3823 1082 3886 auctor,
1127 3823 1377 3896 propter
1418 3832 1595 3876 sonos
1630 3818 1960 3877 communis
1989 3816 2228 3894 generis
2269 3832 2396 3876 esse
2435 3821 2722 3893 oporteat.

191 3912 273 3971 sed
308 3932 411 3993 qua
449 3918 521 3981 de
570 3937 747 3980 causa
802 3929 1007 3979 auctor
1061 3926 1309 3997 propter
1351 3935 1529 3980 sonos
1584 3920 1914 3979 communis
1957 3917 2193 3995 generis
2248 3935 2379 3980 esse
2433 3924 2721 3996 oporteat,

194 4010 285 4073 hoc
320 4019 373 4077 in
406 4022 559 4081 sonis
598 4026 982 4098 conpetenter
1024 4019 1429 4081 tractabimus.
2747 4026 2798 4069 ³³

330 4120 405 4181 De
444 4138 663 4199 genere
720 4121 1016 4183 feminino.
1106 4123 1369 4184 feminini
1432 4124 1667 4199 generis
1735 4122 2002 4191 nomina,
2067 4140 2218 4201 quae
2281 4121 2528 4183 ablativo
2583 4138 2722 4183 casu

198 4222 387 4282 numeri
426 4222 735 4303 singularis
776 4244 809 4285 e
834 4223 1041 4286 ‚littera
1064 4231 1361 4302 'correpta
1421 4226 1810 4285 terminantur
1861 4230 1920 4285 et
1964 4232 2158 4302 aptota
2204 4242 2334 4285 esse
2388 4240 2505 4283 non
2550 4240 2722 4301 repe·-

199 4318 407 4393 riuntur,
446 4325 591 4389 haec
628 4325 700 4388 ad
750 4326 867 4387 hoc
903 4325 1239 4404 exemplum
1280 4327 1647 4389 declinantur
1665 4342 1683 4386 z·
1741 4314 1974 4387 numeri
2009 4324 2322 4404 singularis
2365 4325 2511 4386 haec
2553 4324 2724 4387 sedes

202 4416 339 4482 huius
372 4428 515 4489 sedis
569 4429 709 4490 huic
750 4429 873 4491 sedi
918 4429 1075 4489 banc
1118 4424 1346 4490 sedemx
1376 4448 1411 4489 o
1456 4428 1627 4490 sedes
1680 4428 1754 4490 ab
1798 4428 1926 4510 hac,
1961 4429 2132 4499 sede,
2199 4430 2431 4489 numeri
2480 4426 2722 4506 pluralis

304 4624 340 4707 ⁸1
370 4640 476 4680 sunt
509 4633 555 4683 B
585 4633 689 4684 sint
726 4632 771 4683 R
910 4632 945 4684 8
981 4646 1077 4698 pos
1106 4632 1303 4699 syllaba
1332 4634 1383 4685 B
1418 4640 1535 4699 post
1570 4634 1820 4699 syllabam
1857 4632 1902 4683 R
1937 4649 2004 4699 po
2037 4632 2238 4700 syllaba
2271 4650 2304 4683 r
2404 4634 2464 4684 14
2502 4634 2667 4699 possit
2693 4652 2723 4684 r

204 4704 365 4753 Possint
390 4700 479 4751 RB
554 4704 559 4707 ’
608 4704 679 4755 26
710 4718 824 4755 esse
859 4719 891 4753 r
924 4712 1005 4754 est
1039 4704 1137 4755 RB
1274 4706 1339 4754 27
1372 4704 1545 4769 plures
1580 4706 1693 4754 soni
1728 4703 1775 4754 R
1812 4703 2018 4769 plurimi
2053 4706 2166 4754 soni
2196 4721 2226 4753 r
2260 4703 2397 4770 pluri
2429 4705 2541 4754 soni
2577 4704 2630 4753 B

208 4758 263 4809 30
285 4762 549 4822 definiantur
582 4773 629 4823 R
662 4773 970 4825 definiuntur
996 4774 1049 4823 B
1156 4774 1487 4825 tractabimus
1518 4774 1563 4825 R
1599 4776 1926 4826 tractauimus
1959 4774 2013 4825 B
2152 4773 2218 4825 32
2256 4784 2336 4826 tor
2371 4774 2452 4824 Br
2488 4788 2546 4824 or
2573 4774 2620 4825 R

209 4827 261 4879 35
290 4840 581 4893 tractabimus
612 4844 659 4895 R
696 4846 1025 4894 tractauimus
1059 4843 1110 4894 B
