3434 5442
633 359 758 422 502
1767 351 2075 436 [ssncn]

2796 475 2839 515 p.
2868 463 2963 506 500.
2990 462 3041 502 ⁰¹1
3068 459 3113 502 1„

813 547 878 610 ln
924 541 1312 607 declinatione
1357 549 1496 604 sunt
1539 540 1731 622 aliqua
1778 543 2159 621 pronomina,
2208 560 2359 623 quae
2404 545 2707 622 geminent
2735 561 2905 604 casus
2950 561 3106 610 suos,
3150 551 3209 601 ut

633 659 771 732 puta
821 651 984 731 quis:
1029 645 1279 708 dicimus
1324 645 1482 705 enim
1529 652 1588 705 et
1630 645 1765 723 quis
1808 652 1867 706 et
1909 645 2027 725 qui.
2118 650 2179 704 et
2231 646 2292 705 in
2340 646 2592 724 genitivo
2636 644 2991 726 plerumque
3036 646 3209 723 gemi-

635 759 883 821 nantur,
931 758 996 812 ut
1039 750 1150 810 mis
1194 745 1286 808 vel
1330 747 1478 818 mei,
1525 747 1598 806 tis
1642 745 1735 806 vel
1777 748 1889 808 tui:
1954 745 2202 807 dicimus
2248 749 2405 808 enim
2451 748 2571 809 ‘tui
2614 765 2787 809 causa
2832 757 2894 809 te
2942 749 3113 826 rogo’
3155 755 3209 806 et

637 856 746 916 ‘tis
791 871 962 914 causa
1009 863 1069 914 te
1114 868 1261 928 rogo
1279 855 1316 922 ²,
1367 849 1515 909 ‘mis
1560 865 1735 909 causa
1778 857 1838 910 te
1881 851 2063 929 rogo'
2112 858 2170 911 et
2212 851 2365 911 ‘mei
2394 867 2567 910 causa
2610 858 2669 910 te
2712 853 2929 928 rogo';
2978 848 3081 910 sed
3112 849 3211 908 mis

584 981 610 1022 5
637 965 696 1018 et
739 958 813 1016 tis
857 975 890 1017 a
937 951 1364 1015 consuetudine
1419 958 1822 1021 recesserunt,
1880 950 2065 1014 habes
2118 961 2317 1013 tamen
2364 957 2423 1012 in
2468 951 2689 1013 Plauto.
2778 954 2923 1012 item
2972 951 3211 1012 ablativo

634 1057 922 1137 singulari
983 1057 1218 1135 gemina
1276 1059 1441 1124 sunt,
1497 1059 1565 1113 ut
1619 1069 1652 1112 a
1707 1070 1823 1132 quo
1878 1052 1969 1113 vel
2024 1073 2059 1114 a
2112 1056 2241 1134 qui;
2300 1054 2402 1115 sed
2459 1072 2492 1115 a
2537 1055 2639 1132 qui
2682 1056 2743 1115 in
2788 1071 2901 1114 usu
2946 1071 3067 1113 non
3112 1061 3209 1112 est

634 1161 778 1221 item
825 1158 1050 1220 dativus
1093 1163 1154 1217 et
1199 1153 1484 1216 ablativus
1527 1151 1774 1233 pluralis
1818 1157 2039 1234 gemini
2082 1164 2247 1224 sunt,
2296 1158 2426 1236 quis
2471 1155 2559 1216 vel
2602 1175 2633 1216 a
2681 1157 2839 1236 quis,
2888 1153 3103 1235 quibus
3134 1153 3212 1214 vel

637 1281 668 1322 3
715 1260 946 1340 quibus
1009 1267 1068 1320 et
1097 1274 1468 1337 consequens
1512 1255 1705 1316 l'uerat
1756 1264 1823 1317 ut
1875 1259 2175 1336 geminum
2233 1258 2458 1319 faceret
2503 1257 2759 1319 dativum
2806 1265 2865 1318 et
2908 1254 3211 1318 ablativum

637 1361 926 1444 pluralem
947 1409 962 1432 ‚
995 1362 1094 1440 qui
1140 1358 1456 1421 ablativum
1501 1356 1865 1434 singularem
1908 1360 2025 1421 iam
2070 1361 2368 1439 geminum
2413 1360 2655 1430 fecerat,
2702 1378 2735 1420 a
2766 1378 2885 1440 quo
2918 1357 3007 1418 vel
3038 1379 3071 1419 a
3100 1361 3209 1438 qui.

567 1486 617 1529 ιθ
643 1481 887 1526 necesse
929 1463 1041 1524 fuit
1084 1460 1282 1522 dicere
1328 1460 1400 1521 ab
1445 1477 1517 1520 eo
1563 1459 1725 1540 quod
1768 1468 1859 1521 est
1901 1479 1934 1521 a
1977 1481 2094 1542 quo
2137 1463 2269 1542 quis
2313 1460 2403 1522 vel
2446 1481 2479 1522 3
2525 1463 2682 1542 quis,
2729 1461 2803 1522 ab
2837 1481 2909 1522 eo
2950 1460 3105 1542 quod
3134 1453 3217 1522 e‘st

639 1586 673 1629 a
718 1567 820 1647 qui
862 1563 1076 1646 quibus
1119 1561 1210 1623 vel
1255 1581 1288 1624 a
1332 1560 1565 1642 quibuS.
1627 1579 1773 1641 ergo
1816 1564 1967 1624 ratio
2013 1561 2251 1626 ablativi
2280 1561 2593 1642 singularis
2622 1565 2847 1624 variare
2881 1564 3212 1624 resitetiam

639 1665 927 1747 pluralem
975 1665 1230 1726 dativum
1276 1672 1336 1724 et
1377 1660 1694 1725 ablativum
1742 1665 1951 1727 varioS.
2041 1672 2101 1726 et
2143 1667 2532 1728 nominativus
2574 1673 2772 1726 tamen
2818 1664 3077 1743 pluralis,
3122 1666 3216 1744 qui

640 1769 795 1850 apud
844 1775 1073 1830 veteres
1129 1767 1400 1847 geminus
1453 1764 1592 1834 fuit,
1651 1765 1829 1827 hodie
1884 1765 1957 1828 ab
2004 1786 2112 1829 usu
2157 1770 2429 1829 recessit:
2479 1767 2751 1829 dicebant
2795 1769 2955 1828 enim
3000 1777 3215 1827 veteres

641 1873 742 1952 qui
787 1879 847 1933 et
888 1890 1052 1951 ques.
1139 1867 1410 1932 similiter
1466 1874 1526 1928 et
1579 1869 1945 1929 accusativus
1998 1866 2270 1949 pluralis,
2328 1871 2431 1951 qui
2490 1879 2628 1930 tunc
2672 1871 2945 1948 geminus
2988 1869 3114 1938 fuit,
3158 1870 3213 1928 in

563 1995 611 2037 15
643 1992 753 2035 usu
797 1991 916 2035 non
961 1979 1076 2034 est:
1138 1989 1274 2031 nam
1330 1968 1608 2033 dicebant
1663 1977 1725 2030 et
1776 1989 1923 2049 quos
1978 1979 2037 2032 et
2080 1991 2243 2052 queS.
2314 1979 2373 2033 et
2416 1990 2658 2033 necesse
2702 1977 2831 2033 erat
2884 1972 2965 2033 ita
3010 1971 3213 2040 dicere,

641 2093 805 2156 ques.
895 2093 1029 2136 nam
1075 2071 1361 2134 ablativus
1405 2069 1721 2150 singularis
1764 2073 1786 2132 i
1828 2070 2025 2134 littera
2072 2076 2417 2136 terminatus
2471 2075 2895 2135 nominativum
2943 2071 3213 2151 pluralem

631 2177 702 2237 in
747 2195 811 2238 es
854 2177 1048 2237 mittit.
1139 2175 1280 2236 Cato
1326 2189 1562 2254 quoque
1622 2172 1897 2253 Origines
1962 2175 2047 2235 sic
2113 2176 2384 2245 inchoat,
2454 2177 2553 2236 ‘si
2618 2193 2795 2256 ques
2859 2184 3035 2236 sunt
3098 2174 3214 2233 ho-

641 2279 942 2340 mines’.

810 2380 885 2442 Et
927 2378 1311 2456 interrogavit
1339 2375 1630 2438 Filocalus
1675 2382 1893 2457 ‘quare
1938 2378 2096 2440 idem
2141 2381 2299 2440 inter
2342 2381 2539 2440 minus
2581 2399 2755 2460 quam
2802 2379 2965 2439 finita
3012 2395 3215 2457 prono-

567 2505 620 2548 πθ
645 2483 802 2543 mina
851 2481 1124 2561 posuisti,
1171 2487 1233 2540 et
1275 2477 1486 2559 aliquis
1513 2481 1672 2540 inter
1701 2479 1867 2540 finita
1910 2499 2031 2540 non
2076 2483 2351 2560 posuisti,
2400 2500 2531 2542 cum
2580 2489 2898 2561 utrumque
2957 2481 3029 2542 sit
3084 2499 3215 2540 con-

644 2583 871 2664 positae
913 2581 1211 2661 63313οῬ
1255 2581 1589 2661 respondit,
1637 2585 1655 2614 ‘
1675 2581 1780 2643 sed
1826 2580 2035 2661 aliquis
2078 2583 2159 2643 ita
2204 2584 2574 2663 conpositum
2624 2593 2742 2654 est,
2790 2591 2879 2653 ut,
2930 2584 2981 2644 si
3024 2581 3214 2651 solvaS,

644 2685 909 2745 invenias
953 2681 1196 2745 alteram
1242 2689 1472 2764 partem
1518 2683 1644 2744 eius
1685 2685 1749 2744 in
1793 2683 2279 2764 pronominibus,
2325 2685 2384 2746 id
2430 2694 2521 2746 est
2566 2686 2714 2766 quis.
2774 2685 2933 2746 idem
2968 2703 3099 2744 vero
3130 2702 3215 2744 re-

645 2784 901 2848 solutum
947 2803 1068 2847 non
1109 2787 1408 2854 invenies:
1459 2793 1518 2847 et
1559 2787 2001 2865 conpositiones
2043 2787 2221 2858 istae,
2269 2805 2419 2867 quae
2462 2789 2543 2848 ita
2588 2795 2749 2858 sunt,
2798 2805 2909 2865 pro
2954 2784 3218 2866 simplici-

644 2887 756 2951 bus
798 2885 1127 2959 habentur,
1175 2888 1453 2968 quoniam
1497 2884 1644 2948 solvi
1687 2903 1809 2949 non
1854 2896 2103 2967 possunt
2120 2891 2164 2949 '.

571 3085 623 3128 κ
1701 3073 1710 3155 ι
1760 3073 1857 3135 DE
1901 3073 2169 3136 vanno.

815 3209 1074 3273 Verbum
1147 3215 1238 3271 est
1301 3226 1439 3290 pars
1504 3209 1818 3279 orationis,
1888 3229 2036 3291 quae
2094 3208 2274 3272 habet
2326 3219 2561 3293 tempus
2618 3220 2677 3274 et
2732 3231 3049 3292 personam
3103 3213 3217 3272 sine

649 3333 816 3384 casu,
866 3322 931 3374 ut
972 3313 1024 3374 si
1069 3311 1229 3372 dicas
1272 3309 1406 3390 lego
1465 3311 1662 3373 scribo
1707 3311 1981 3373 meditor.
2074 3313 2309 3392 quando
2368 3313 2498 3374 dico
2556 3312 2715 3394 lego,
2764 3325 2824 3375 et
2868 3324 3097 3395 tempus
3139 3320 3217 3374 est

649 3423 710 3476 et
751 3432 1033 3495 persona,
1104 3421 1164 3474 et
1219 3431 1388 3474 casus
1447 3410 1643 3476 nullus
1702 3423 1810 3476 est.
1888 3414 1991 3474 sed
2038 3417 2121 3476 sic
2167 3423 2305 3475 sunt
2348 3417 2457 3477 ista
2504 3414 2619 3477 duo
2664 3434 2920 3488 conexa,
2970 3423 3215 3494 tempora

649 3525 709 3578 et
761 3532 1078 3596 personae,
1135 3523 1202 3576 ut
1269 3512 1518 3576 alterum
1585 3517 1715 3577 sine
1772 3514 1959 3577 altero
2016 3533 2145 3577 esse
2202 3533 2320 3576 non
2378 3518 2591 3597 possit,
2650 3519 2713 3578 in
2758 3515 2941 3579 verbo
2987 3516 3213 3579 scilicet.

575 3629 626 3671 3⁰
653 3624 918 3678 ceterum
976 3617 1025 3675 si
1078 3633 1332 3696 persona
1376 3614 1499 3677 sola
1544 3618 1644 3687 sit,
1693 3635 2022 3698 pronomen
2067 3619 2361 3698 sequitur;
2409 3620 2456 3678 si
2506 3627 2737 3699 tempus
2780 3617 3005 3690 solum,
3052 3621 3215 3699 parti-

653 3719 889 3798 cipium.
949 3734 1092 3795 ergo
1137 3719 1248 3778 ista
1291 3735 1462 3797 parS,
1507 3718 1567 3779 id
1599 3727 1690 3781 est
1734 3719 2009 3790 verbum,
2058 3719 2354 3781 individua
2398 3719 2576 3780 habet
2618 3721 2765 3782 haec
2810 3719 2927 3781 duo
2974 3721 3218 3801 quidem.

652 3819 808 3901 quod
865 3819 1078 3879 adiecit
1131 3823 1308 3880 ‘casu
1364 3837 1573 3882 carens
1590 3825 1629 3890 ³,
1685 3821 1847 3892 ideo,
1906 3822 2042 3901 quia
2096 3828 2234 3882 sunt
2288 3819 2516 3901 aliquae
2580 3818 2939 3892 locutioneS,
3000 3841 3145 3901 quae
3192 3841 3219 3882 a

649 3920 832 3983 verbo
879 3922 1039 3982 nasci
1083 3919 1353 3982 videntur
1398 3931 1457 3984 et
1500 3928 1699 3982 tamen
1746 3939 1945 3983 casum
1991 3922 2242 3994 habent,
2290 3933 2355 3984 ut
2398 3931 2487 3983 est
2526 3923 2673 3984 illud
2717 3910 2962 3985 Terenti
3008 3925 3225 3984 ‘iussi

651 4025 719 4086 ei
777 4023 951 4084 dare
1007 4020 1331 4088 bibere'.
1407 4029 1466 4083 et
1507 4025 1557 4083 si
1601 4041 1805 4085 verum
1864 4022 2177 4092 adtendas,
2223 4022 2606 4086 soloecismus
2650 4033 2769 4097 est,
2816 4027 2867 4086 si
2913 4025 3075 4087 dicas
3120 4025 3227 4086 ‘da

651 4293 806 4346 qnam
841 4275 988 4328 vidit.
1027 4277 1162 4342 quod
1191 4281 1472 4342 exemplum
1493 4280 1667 4340 posuit
1697 4279 1999 4330 Priscianus
2020 4293 2073 4342 ρ.
2097 4277 2219 4332 960.
2253 4279 2366 4329 hinc
2400 4287 2547 4330 παίω)
2576 4281 2779 4333 videtur
2811 4295 2964 4332 error
2992 4296 3230 4347 mamma-

652 4353 739 4400 tici
775 4363 970 4400 versum
1009 4346 1223 4398 Pacuvii
1263 4343 1438 4412 (Med.
1473 4348 1662 4413 fragm.
1696 4347 1765 4398 20
1794 4349 1873 4398 ed.
1918 4346 2084 4411 Ribb.)
2130 4349 2361 4400 Terentio
2396 4351 2689 4402 tribuentis:
2722 4351 2793 4415 cf.
2835 4351 3013 4412 Pomp.
3052 4368 3108 4417 ρ.
3136 4351 3231 4402 249

819 4419 853 4469 5
887 4418 938 4467 in
973 4417 1146 4483 plauto
1180 4415 1266 4467 FS
1298 4418 1352 4466 in
1387 4416 1590 4484 platone
1631 4416 1678 4465 L
1854 4417 1921 4469 10
1956 4420 2071 4482 quis
2106 4419 2190 4468 uel
2223 4421 2365 4484 (quis
2401 4421 2514 4469 siue
2552 4419 2621 4485 F)
2656 4435 2685 4469 a
2722 4422 2839 4486 quis
2866 4423 3055 4484 quibus
3092 4423 3167 4471 nel
3202 4437 3229 4469 a

657 4490 841 4553 quibus
877 4487 964 4539 FS
998 4487 1113 4552 quis
1147 4487 1331 4552 quibus
1361 4489 1410 4538 L
1551 4487 1615 4538 14
1646 4486 1732 4551 qni
1769 4495 1819 4538 et
1854 4489 1999 4552 quies
2032 4487 2117 4538 FS
2145 4491 2232 4553 qui
2262 4497 2311 4539 et
2336 4491 2451 4554 quis
2484 4490 2533 4538 L
2678 4491 2741 4541 15
2778 4499 2829 4539 et
2866 4505 2997 4554 quos
3025 4501 3074 4541 et
3112 4507 3223 4555 ques

657 4560 750 4611 LS
781 4566 831 4608 et
865 4573 993 4620 quos
1031 4565 1080 4608 et
1109 4558 1256 4622 quies
1288 4556 1339 4606 F
1464 4558 1630 4608 dicere
1667 4571 1793 4620 ques
1822 4559 1865 4609 S
1892 4560 2062 4609 dicere
2099 4561 2213 4623 quis
2246 4560 2321 4610 ΡΖ
2352 4561 2525 4610 dicere
2559 4560 2609 4608 L
2720 4561 2783 4612 17
2825 4575 3067 4626 origenes
3109 4562 3227 4612 LFS

829 4627 1032 4678 inchoat
1061 4628 1109 4676 si
1143 4629 1286 4691 quies
1317 4626 1406 4678 FS
1440 4627 1608 4678 incoat
1643 4627 1690 4679 si
1716 4641 1855 4690 ques
1884 4629 1931 4678 L
2100 4629 2167 4681 19
2196 4629 2423 4680 filocalus
2453 4632 2501 4681 L
2536 4629 2819 4695 philocalus
2852 4631 2902 4679 F
2926 4629 3159 4696 filogalus
3190 4630 3225 4678 S

827 4699 897 4748 20
933 4697 997 4747 sit
1031 4697 1082 4746 F
1107 4698 1208 4747 sint
1245 4699 1338 4750 LS
1469 4699 1533 4748 21
1571 4698 1835 4762 respondit
1868 4700 1957 4751 FS
1998 4700 2240 4764 respondi
2277 4700 2326 4748 L
2464 4699 2532 4750 23
2570 4715 2699 4763 quae
2732 4701 2787 4750 id
2824 4709 2944 4750 sunt
2980 4699 3082 4750 LF
3108 4715 3223 4763 quae

658 4765 778 4815 hinc
803 4780 920 4816 sunt
951 4768 994 4819 S
1105 4768 1173 4818 25
1209 4783 1277 4817 nr.
1315 4781 1476 4818 uzano
1512 4767 1564 4817 Β·
1610 4781 1801 4820 mmm-r
1834 4783 1900 4819 nn
1936 4784 2098 4820 nunno
2135 4771 2178 4822 S
2226 4783 2539 4821 sxrnanmo
2574 4783 2765 4821 merru-
2798 4785 2951 4820 utam
2984 4771 3033 4819 L
3161 4769 3219 4821 33

660 4835 791 4886 illud
826 4835 1030 4886 Terenti
1067 4850 1157 4886 om.
1194 4837 1308 4888 FS:
1353 4836 1553 4887 Terent.
1593 4837 1760 4889 Andr.
1800 4839 1867 4888 111
1904 4841 1956 4902 2,
1994 4841 2028 4889 4
