3434 5442
643 355 768 418 534
1776 353 2085 438 [SERGll]

742 459 776 500 s.
803 460 853 502 aa
877 461 976 501 coa.
1007 459 1107 501 Lu.

640 537 980 610 cuiuslibet,
1026 549 1311 620 punctum
1341 539 1414 602 ad
1445 549 1622 621 caput
1649 541 1883 604 litterae
1925 543 2227 622 ponimus:
2272 539 2373 603 ubi
2418 559 2627 603 sensus
2670 541 2920 604 necdum
2946 539 2977 626 ss
3006 543 3193 622 plenus

641 649 731 702 est
773 649 832 703 et
874 644 1172 722 respirare
1216 651 1481 724 oportet,
1537 644 1611 706 ad
1660 644 1915 706 mediam
1960 643 2218 706 litteram
2264 644 2473 706 damus
2514 653 2833 724 punctum:
2898 644 3001 706 ubi
3042 665 3193 708 suum

639 743 815 804 finem
859 743 1123 825 inplendi
1165 763 1376 808 sensus
1419 748 1496 809 ita
1538 737 1983 826 suspendimus,
2028 755 2095 808 ut
2135 747 2329 809 statim
2372 747 2430 808 id
2462 747 2619 827 quod
2648 749 2917 828 sequitur
2946 747 3195 810 subicere

645 844 981 916 debeamus,
1027 848 1206 908 imam
1249 846 1506 910 litteram
1553 855 1773 928 puncto
1819 855 2108 912 notamus
2168 849 2362 910 omnis
2404 849 2560 910 enim
2606 865 2705 910 res
2744 850 2975 911 initium
3020 849 3195 920 hahet,

591 961 620 1004 a
643 949 1008 1028 sequentiam
1067 957 1127 1010 et
1179 949 1497 1012 clausulam
1555 959 1683 1024 aut,
1740 959 1805 1013 ut
1858 950 2019 1014 dicas
2073 951 2197 1022 hic,
2267 952 2497 1013 initium
2562 958 2941 1030 augmentum
3003 959 3195 1013 statum

649 1048 994 1130 [declinatio
1039 1051 1172 1113 finis
1215 1053 1300 1113 sic
1345 1057 1438 1112 est
1477 1051 1745 1134 positio}
1802 1052 2015 1133 incipis
2056 1054 2471 1133 pronuntiare.
2520 1051 2829 1130 distinguis
2870 1052 3197 1133 particulam

645 1169 854 1214 sensus
897 1155 1012 1223 sic,
1061 1161 1128 1214 ut
1167 1154 1445 1216 ostendas
1488 1173 1801 1235 superesse
1842 1171 1993 1235 quae
2036 1154 2344 1217 inferenda
2386 1163 2552 1226 sunt,
2598 1163 2657 1215 et
2684 1172 2796 1235 per
2822 1155 3040 1235 gradus
3078 1175 3199 1236 pro·

647 1255 972 1317 nuntiando
1027 1253 1348 1317 clausulam
1403 1257 1578 1326 lacls;
1645 1264 1706 1319 et
1758 1256 1899 1319 inde
1942 1255 2098 1318 aliud
2142 1255 2320 1319 simili
2363 1256 2539 1318 modo
2582 1257 2805 1318 faciens
2844 1258 3199 1338 principium,

646 1356 965 1419 adtitulans
1029 1357 1244 1419 seriem
1311 1366 1494 1421 totam
1559 1359 1771 1420 ordine
1834 1357 2175 1421 demonstra
2244 1366 2535 1421 commata
2604 1357 2940 1440 [pluraliter
3010 1360 3201 1420 dicitur

574 1477 625 1519 ιο
653 1478 882 1522 comma
927 1467 987 1521 et
1029 1459 1176 1521 haec
1219 1461 1562 1544 commata}
1609 1460 1783 1522 colon
1815 1462 1969 1523 enim
2002 1461 2353 1533 membrum,
2400 1479 2629 1522 comma
2672 1462 2945 1522 incisum.
2990 1481 3199 1523 comma

643 1564 774 1643 ipsa
817 1569 905 1624 est
946 1565 1376 1642 pentemimere
1419 1563 1480 1626 in
1522 1565 1835 1626 scansione
1876 1565 2055 1626 totius
2097 1581 2319 1625 versus.
2378 1563 2712 1626 membrum
2758 1571 2849 1624 est
2890 1563 3047 1644 quod
3086 1581 3203 1625 cae·

649 1664 840 1726 dimus
880 1682 992 1744 per
1035 1673 1344 1729 commata.

1522 2361 2359 2438 LIBER-II.

1073 2599 1185 2662 DE
1239 2600 1738 2665 MAlORlBVS
1792 2599 2240 2664 PARTIBVS
2294 2599 2805 2664 ORATIONlS.

579 2755 625 2798 ιε
818 2738 1020 2802 Primo
1085 2737 1238 2800 libro
1308 2738 1381 2801 de
1445 2739 1813 2818 expositione
1866 2747 2000 2800 octo
2056 2739 2311 2817 partium
2369 2739 2654 2800 orationis
2708 2737 3069 2818 disputatum
3118 2746 3215 2798 est.

651 2840 767 2902 hoc
813 2858 953 2902 vero
995 2839 1150 2902 libro
1195 2841 1406 2902 artium
1454 2848 1857 2921 opportunum
1904 2840 2176 2903 duximus
2222 2840 2292 2902 ad
2339 2839 2569 2914 locum,
2614 2859 2733 2920 quo
2764 2839 2943 2902 modo
2974 2841 3221 2920 exposita

652 2951 818 3014 sunt,
867 2941 1075 3004 ordine
1119 2959 1452 3004 recurrere.
1543 2951 1744 3022 partes
1789 2943 2071 3004 orationis
2115 2943 2270 3024 apud
2303 2943 2563 3004 Graecos
2604 2941 2848 3003 totide'm
2894 2949 3049 3013 sunt,
3092 2947 3223 3022 quot

653 3052 710 3105 et
753 3043 908 3124 apud
953 3045 1225 3115 LatinoS,
1286 3045 1388 3125 qui
1445 3043 1755 3107 articulum
1814 3063 1934 3106 non
1992 3043 2228 3106 habent.
2320 3044 2531 3106 Graeci
2585 3044 2739 3105 enim
2785 3062 3113 3124 pronomen
3155 3041 3219 3104 ab

653 3145 901 3209 articulo
947 3147 1256 3218 differunt,
1314 3147 1394 3208 ita
1451 3153 1516 3208 ut
1557 3164 1675 3208 una
1716 3165 1857 3227 pars
1900 3147 1975 3208 sit
2021 3164 2380 3226 pronomen,
2438 3143 2551 3207 alia
2596 3143 2911 3214 articulus;
2968 3144 3070 3208 sed
3114 3163 3221 3205 non

585 3261 636 3302 ²0
665 3249 1054 3312 adnumerant
1094 3249 1596 3320 interiectionem,
1643 3267 1765 3309 non
1809 3266 1939 3310 eam
1984 3249 2281 3328 recipiunt
2323 3265 2593 3310 numero.
2665 3247 2740 3309 de
2782 3247 3059 3309 omnibus
3100 3265 3221 3327 par-

653 3351 811 3414 tibus
855 3351 1138 3413 orationis
1183 3347 1564 3412 declinabiles
1607 3358 1747 3412 sunt
1788 3369 1898 3430 per
1941 3368 2112 3412 casus
2153 3358 2305 3422 tres,
2364 3367 2579 3412 nomen
2626 3367 2959 3431 pronomen
3002 3358 3063 3410 et
3103 3367 3223 3428 par·

655 3455 954 3534 ticipium;
1001 3452 1246 3514 verbum
1292 3460 1488 3514 autem
1534 3470 1643 3531 per
1687 3452 1897 3514 modos
1939 3459 2208 3532 tempora
2254 3469 2657 3534 personasque
2701 3450 2984 3514 decurrit.

825 3556 1007 3617 Casus
1052 3555 1194 3616 dicti
1237 3561 1404 3625 sunt,
1433 3552 1619 3636 ‘quod
1675 3571 1786 3635 per
1831 3573 1933 3615 eos
1975 3556 2173 3615 omnia
2217 3556 2276 3614 in
2325 3552 2715 3636 declinatione
2758 3551 2996 3614 cadunt.
3084 3553 3225 3615 unde

655 3655 892 3738 quidam
948 3674 1120 3719 casus
1173 3657 1434 3737 quinque
1491 3673 1618 3717 esse
1673 3663 1911 3737 putant,
1969 3665 2215 3736 excepto
2270 3657 2660 3718 nominativo:
2736 3653 2833 3716 hie
2884 3656 3047 3716 enim
3112 3673 3223 3716 rem

579 3770 631 3810 ²⁵
658 3761 966 3840 proponit,
1013 3775 1134 3819 non
1163 3757 1375 3820 flectit:
1423 3759 1608 3820 ceteri
1638 3775 1796 3828 vero,
1844 3759 1979 3838 quia
2023 3757 2270 3820 flectunt
2314 3747 2619 3840 [cadunt],'
2647 3775 2815 3818 casus
2844 3764 3011 3818 recte
3042 3755 3225 3838 appel·

657 3860 872 3924 lantur.
933 3861 1324 3923 nominativus
1354 3860 1546 3922 dictus
1590 3868 1710 3932 est,
1759 3859 1915 3941 quod
1960 3878 2069 3941 per
2113 3879 2249 3921 eum
2293 3861 2601 3922 nominare
2646 3878 2755 3921 nos
2797 3857 3019 3940 aliquid
3063 3858 3225 3939 signi-

657 3965 932 4032 ficemus,
978 3971 1045 4024 ut
1087 3962 1184 4024 hic
1227 3965 1540 4043 magister;
1587 3964 1876 4042 genitivus
1921 3981 2090 4025 casus
2121 3962 2313 4024 dictus
2357 3970 2474 4033 est,
2520 3962 2679 4042 quod
2723 3980 2832 4042 per
2876 3979 3013 4023 eum
3060 3979 3227 4042 genus

660 4067 944 4146 cuiusque
986 4063 1078 4126 vel
1121 4082 1248 4126 rem
1293 4065 1722 4145 significemus,
1767 4073 1835 4128 ut
1876 4064 2053 4126 huius
2094 4065 2389 4144 magistr-R
2449 4063 2703 4136 dativus,
2748 4061 2907 4144 quod
2954 4081 3065 4143 per
3108 4083 3227 4126 eum

661 4168 802 4229 dare
862 4185 973 4228 nos
1028 4165 1246 4248 aliquid
1292 4165 1465 4229 alicui
1510 4167 1936 4246 significemuS,
1983 4174 2049 4228 ut
2090 4166 2229 4228 huic
2273 4167 2583 4246 magistro;
2641 4166 3038 4238 accusativus,
3085 4164 3227 4248 quod

583 4276 636 4320 ⁸⁰
659 4287 768 4352 per
799 4288 934 4332 eum
963 4287 1244 4332 accusare
1287 4287 1398 4332 nos
1439 4268 1693 4350 aliquem
1723 4269 2147 4349 significemus,
2193 4275 2259 4330 ut
2300 4268 2459 4330 hunc
2501 4270 2877 4347 magistrum:
2928 4270 3227 4334 vocativus.

661 4371 816 4454 quod
862 4389 972 4452 per
1015 4390 1148 4433 eum
1192 4387 1405 4433 vocare
1449 4388 1559 4432 nos
1602 4369 1856 4451 aliquem
1902 4370 2327 4449 significemuS,
2382 4377 2449 4431 ut
2491 4389 2527 4430 o
2572 4371 2881 4449 maginem
2940 4370 3227 4440 ablativus

799 4594 834 4646 ὖ
865 4601 1029 4645 status
1067 4593 1116 4642 L
1283 4590 1320 4642 8
1355 4589 1504 4662 lacis]
1543 4605 1661 4643 snos
1693 4605 1831 4646 corr.
1873 4605 1989 4642 raon
2027 4593 2077 4641 L
2238 4589 2275 4642 9
2308 4591 2527 4642 adtitnla
2559 4605 2700 4646 corr.
2739 4590 3019 4642 adtitulans
3059 4595 3105 4643 L

663 4665 1005 4716 demonstrato
1037 4669 1294 4729 gommata
1329 4664 1380 4713 L
1557 4662 1622 4714 10
1669 4663 1781 4713 colo
1818 4663 1949 4712 enim
1987 4662 2329 4712 membrorum
2369 4663 2418 4712 L
2596 4663 2659 4714 11
2700 4675 2853 4725 quem
2888 4663 3117 4713 cedimus
3148 4675 3229 4729 per

663 4741 938 4784 commutat
974 4751 1046 4782 ω
1078 4733 1152 4783 De
1187 4733 1434 4782 maiorib:
1477 4733 1675 4797 pat-tib:
1722 4732 1966 4782 orationis
2008 4733 2017 4798 Ι
2049 4747 2113 4782 nn
2152 4745 2505 4784 ruvnssnrxavs
2552 4745 2761 4784 rantis:
2802 4730 2814 4797 Ι
2856 4731 3025 4784 Primo
3060 4733 3107 4782 L

671 4803 732 4855 16
767 4811 1070 4869 oportunum
1105 4803 1333 4854 diximus
1372 4803 1420 4852 L
1598 4801 1660 4853 17
1701 4816 1997 4870 percurrere
2034 4803 2081 4852 L
2256 4803 2324 4856 23
2362 4804 2533 4854 omnia
2570 4800 2951 4852 inclinationem
2988 4803 3037 4852 L
3168 4801 3225 4852 25

671 4875 792 4942 quia
829 4872 1100 4922 flectuntur
1135 4872 1324 4922 cadunt
1347 4885 1496 4921 casus
1533 4881 1666 4922 reete
1700 4873 1987 4940 appellatur
2023 4873 2071 4922 L
2208 4872 2279 4926 28
2316 4874 2395 4924 vel
2426 4870 2559 4942 rem]
2589 4873 2827 4937 fortasse
2864 4873 2943 4922 vel
2974 4881 3159 4940 patrem
