<?xml version="1.0" encoding="UTF-8"?>
<!DOCTYPE html PUBLIC "-//W3C//DTD XHTML 1.0 Transitional//EN"
    "http://www.w3.org/TR/xhtml1/DTD/xhtml1-transitional.dtd">
<html xmlns="http://www.w3.org/1999/xhtml" xml:lang="en" lang="en">
 <head>
  <title>
</title>
<meta http-equiv="Content-Type" content="text/html;charset=utf-8" />
  <meta name='ocr-system' content='tesseract 3.04.00' />
  <meta name='ocr-capabilities' content='ocr_page ocr_carea ocr_par ocr_line ocrx_word'/>
</head>
<body>
  <div class='ocr_page' id='page_1' title='image "./grammaticilatin01unkngoog_0235.png"; bbox 0 0 3434 5442; ppageno 0'>
   <div class='ocr_carea' id='block_1_1' title="bbox 694 339 2103 403">
    <p class='ocr_par' dir='ltr' id='par_1_1' title="bbox 694 339 2103 403">
     <span class='ocr_line' id='line_1_1' title="bbox 694 339 2103 403; baseline 0 0"><span class='ocrx_word' id='word_1_1' title='bbox 694 344 715 403; x_wconf 84' lang='grc'>1</span> <span class='ocrx_word' id='word_1_2' title='bbox 734 344 814 403; x_wconf 87' lang='grc'><strong>74</strong></span> <span class='ocrx_word' id='word_1_3' title='bbox 1875 339 2103 403; x_wconf 84' lang='lat' dir='ltr'>PROBI</span> 
     </span>
    </p>
   </div>
   <div class='ocr_carea' id='block_1_2' title="bbox 688 454 3288 606">
    <p class='ocr_par' dir='ltr' id='par_1_2' title="bbox 688 454 3288 606">
     <span class='ocr_line' id='line_1_2' title="bbox 790 454 3186 512; baseline -0.001 -12"><span class='ocrx_word' id='word_1_4' title='bbox 790 470 837 512; x_wconf 81' lang='lat' dir='ltr'><strong>p.</strong></span> <span class='ocrx_word' id='word_1_5' title='bbox 867 457 1003 499; x_wconf 67' lang='lat' dir='ltr'><strong>som</strong></span> <span class='ocrx_word' id='word_1_6' title='bbox 1038 459 1089 504; x_wconf 76' lang='lat' dir='ltr'><strong>n,</strong></span> <span class='ocrx_word' id='word_1_7' title='bbox 2868 470 2914 510; x_wconf 78' lang='grc' dir='ltr'><strong>ρ.</strong></span> <span class='ocrx_word' id='word_1_8' title='bbox 2939 456 3097 498; x_wconf 61' lang='lat' dir='ltr'><strong>min</strong></span> <span class='ocrx_word' id='word_1_9' title='bbox 3131 454 3186 497; x_wconf 87' lang='lat' dir='ltr'><strong>v.</strong></span> 
     </span>
     <span class='ocr_line' id='line_1_3' title="bbox 688 524 3288 606; baseline -0.001 -17"><span class='ocrx_word' id='word_1_10' title='bbox 688 527 1004 606; x_wconf 80' lang='lat' dir='ltr'><strong>singularis</strong></span> <span class='ocrx_word' id='word_1_11' title='bbox 1046 545 1181 588; x_wconf 90' lang='lat' dir='ltr'><strong>cum</strong></span> <span class='ocrx_word' id='word_1_12' title='bbox 1226 524 1317 587; x_wconf 85' lang='lat' dir='ltr'><strong>vel</strong></span> <span class='ocrx_word' id='word_1_13' title='bbox 1362 527 1413 587; x_wconf 92' lang='lat' dir='ltr'><strong>si</strong></span> <span class='ocrx_word' id='word_1_14' title='bbox 1452 534 1659 606; x_wconf 85' lang='lat' dir='ltr'><strong>raptus</strong></span> <span class='ocrx_word' id='word_1_15' title='bbox 1702 526 1950 598; x_wconf 78' lang='lat' dir='ltr'><strong>fuerim,</strong></span> <span class='ocrx_word' id='word_1_16' title='bbox 2011 547 2145 589; x_wconf 90' lang='lat' dir='ltr'><strong>cum</strong></span> <span class='ocrx_word' id='word_1_17' title='bbox 2193 528 2282 590; x_wconf 89' lang='lat' dir='ltr'><strong>vel</strong></span> <span class='ocrx_word' id='word_1_18' title='bbox 2327 530 2380 587; x_wconf 87' lang='lat' dir='ltr'><strong>si</strong></span> <span class='ocrx_word' id='word_1_19' title='bbox 2418 535 2624 606; x_wconf 89' lang='lat' dir='ltr'><strong>raptus</strong></span> <span class='ocrx_word' id='word_1_20' title='bbox 2665 528 2878 597; x_wconf 77' lang='lat' dir='ltr'><strong>fueris,</strong></span> <span class='ocrx_word' id='word_1_21' title='bbox 2929 546 3066 589; x_wconf 88' lang='lat' dir='ltr'><strong>cum</strong></span> <span class='ocrx_word' id='word_1_22' title='bbox 3109 526 3202 587; x_wconf 83' lang='lat' dir='ltr'><strong>vel</strong></span> <span class='ocrx_word' id='word_1_23' title='bbox 3241 529 3288 587; x_wconf 90' lang='lat' dir='ltr'><strong>si</strong></span> 
     </span>
    </p>
   </div>
   <div class='ocr_carea' id='block_1_3' title="bbox 606 626 3294 4586">
    <p class='ocr_par' dir='ltr' id='par_1_3' title="bbox 606 626 3294 4586">
     <span class='ocr_line' id='line_1_4' title="bbox 690 626 3288 710; baseline -0.001 -19"><span class='ocrx_word' id='word_1_24' title='bbox 690 638 895 710; x_wconf 89' lang='lat' dir='ltr'><strong>raptus</strong></span> <span class='ocrx_word' id='word_1_25' title='bbox 935 630 1142 698; x_wconf 80' lang='lat' dir='ltr'><strong>fuerit3</strong></span> <span class='ocrx_word' id='word_1_26' title='bbox 1206 631 1437 690; x_wconf 86' lang='lat' dir='ltr'><strong>numeri</strong></span> <span class='ocrx_word' id='word_1_27' title='bbox 1472 626 1718 708; x_wconf 85' lang='lat' dir='ltr'><strong>pluralis</strong></span> <span class='ocrx_word' id='word_1_28' title='bbox 1763 648 1900 689; x_wconf 89' lang='lat' dir='ltr'><strong>cum</strong></span> <span class='ocrx_word' id='word_1_29' title='bbox 1943 630 2032 691; x_wconf 89' lang='lat' dir='ltr'><strong>vel</strong></span> <span class='ocrx_word' id='word_1_30' title='bbox 2075 631 2124 691; x_wconf 91' lang='lat' dir='ltr'><strong>si</strong></span> <span class='ocrx_word' id='word_1_31' title='bbox 2169 632 2322 710; x_wconf 84' lang='lat' dir='ltr'><strong>rapti</strong></span> <span class='ocrx_word' id='word_1_32' title='bbox 2372 630 2687 699; x_wconf 76' lang='lat' dir='ltr'><strong>fuerimuS,</strong></span> <span class='ocrx_word' id='word_1_33' title='bbox 2725 648 2860 691; x_wconf 89' lang='lat' dir='ltr'><strong>cum</strong></span> <span class='ocrx_word' id='word_1_34' title='bbox 2909 628 3002 690; x_wconf 88' lang='lat' dir='ltr'><strong>vel</strong></span> <span class='ocrx_word' id='word_1_35' title='bbox 3043 631 3095 689; x_wconf 89' lang='lat' dir='ltr'><strong>si</strong></span> <span class='ocrx_word' id='word_1_36' title='bbox 3133 632 3288 707; x_wconf 80' lang='lat' dir='ltr'><strong>rapti</strong></span> 
     </span>
     <span class='ocr_line' id='line_1_5' title="bbox 689 729 3288 811; baseline -0.001 -18"><span class='ocrx_word' id='word_1_37' title='bbox 689 733 946 801; x_wconf 79' lang='lat' dir='ltr'><strong>fueritiS,</strong></span> <span class='ocrx_word' id='word_1_38' title='bbox 1016 749 1153 791; x_wconf 90' lang='lat' dir='ltr'><strong>cum</strong></span> <span class='ocrx_word' id='word_1_39' title='bbox 1196 730 1284 791; x_wconf 86' lang='lat' dir='ltr'><strong>vel</strong></span> <span class='ocrx_word' id='word_1_40' title='bbox 1340 732 1391 790; x_wconf 88' lang='lat' dir='ltr'><strong>si</strong></span> <span class='ocrx_word' id='word_1_41' title='bbox 1447 732 1601 809; x_wconf 88' lang='lat' dir='ltr'><strong>rapti</strong></span> <span class='ocrx_word' id='word_1_42' title='bbox 1657 729 1910 792; x_wconf 83' lang='lat' dir='ltr'><strong>suerint:</strong></span> <span class='ocrx_word' id='word_1_43' title='bbox 1989 731 2192 792; x_wconf 88' lang='lat' dir='ltr'><strong>eodem</strong></span> <span class='ocrx_word' id='word_1_44' title='bbox 2239 732 2418 793; x_wconf 89' lang='lat' dir='ltr'><strong>modo</strong></span> <span class='ocrx_word' id='word_1_45' title='bbox 2487 731 2698 793; x_wconf 90' lang='lat' dir='ltr'><strong>eodem</strong></span> <span class='ocrx_word' id='word_1_46' title='bbox 2757 740 3030 811; x_wconf 88' lang='lat' dir='ltr'><strong>tempore</strong></span> <span class='ocrx_word' id='word_1_47' title='bbox 3087 733 3288 809; x_wconf 86' lang='lat' dir='ltr'><strong>specie</strong></span> 
     </span>
     <span class='ocr_line' id='line_1_6' title="bbox 687 832 3286 915; baseline -0.001 -21"><span class='ocrx_word' id='word_1_48' title='bbox 687 833 1266 915; x_wconf 80' lang='lat' dir='ltr'><strong>plusquamperfecta</strong></span> <span class='ocrx_word' id='word_1_49' title='bbox 1318 835 1438 895; x_wconf 90' lang='lat' dir='ltr'><strong>sive</strong></span> <span class='ocrx_word' id='word_1_50' title='bbox 1480 834 1852 895; x_wconf 82' lang='lat' dir='ltr'><strong>recordativa</strong></span> <span class='ocrx_word' id='word_1_51' title='bbox 1895 832 1985 895; x_wconf 85' lang='lat' dir='ltr'><strong>vel</strong></span> <span class='ocrx_word' id='word_1_52' title='bbox 2024 841 2224 895; x_wconf 86' lang='lat' dir='ltr'><strong>exacta</strong></span> <span class='ocrx_word' id='word_1_53' title='bbox 2281 835 2518 895; x_wconf 88' lang='lat' dir='ltr'><strong>numeri</strong></span> <span class='ocrx_word' id='word_1_54' title='bbox 2561 833 2878 911; x_wconf 82' lang='lat' dir='ltr'><strong>singularis</strong></span> <span class='ocrx_word' id='word_1_55' title='bbox 2923 851 3060 894; x_wconf 87' lang='lat' dir='ltr'><strong>cum</strong></span> <span class='ocrx_word' id='word_1_56' title='bbox 3103 832 3196 894; x_wconf 80' lang='lat' dir='ltr'><strong>vel</strong></span> <span class='ocrx_word' id='word_1_57' title='bbox 3237 834 3286 891; x_wconf 86' lang='lat' dir='ltr'><strong>si</strong></span> 
     </span>
     <span class='ocr_line' id='line_1_7' title="bbox 637 933 3288 1015; baseline -0.002 -14"><span class='ocrx_word' id='word_1_58' title='bbox 637 964 661 1001; x_wconf 84' lang='lat'><strong>5</strong></span> <span class='ocrx_word' id='word_1_59' title='bbox 687 944 892 1015; x_wconf 89' lang='lat' dir='ltr'><strong>raptus</strong></span> <span class='ocrx_word' id='word_1_60' title='bbox 935 954 1156 1005; x_wconf 88' lang='lat' dir='ltr'><strong>essem,</strong></span> <span class='ocrx_word' id='word_1_61' title='bbox 1212 952 1346 995; x_wconf 87' lang='lat' dir='ltr'><strong>cum</strong></span> <span class='ocrx_word' id='word_1_62' title='bbox 1396 933 1482 995; x_wconf 88' lang='lat' dir='ltr'><strong>vel</strong></span> <span class='ocrx_word' id='word_1_63' title='bbox 1524 936 1575 994; x_wconf 89' lang='lat' dir='ltr'><strong>si</strong></span> <span class='ocrx_word' id='word_1_64' title='bbox 1624 942 1831 1013; x_wconf 87' lang='lat' dir='ltr'><strong>raptus</strong></span> <span class='ocrx_word' id='word_1_65' title='bbox 1877 952 2068 1004; x_wconf 83' lang='lat' dir='ltr'><strong>esseS,</strong></span> <span class='ocrx_word' id='word_1_66' title='bbox 2130 954 2264 996; x_wconf 87' lang='lat' dir='ltr'><strong>cum</strong></span> <span class='ocrx_word' id='word_1_67' title='bbox 2306 933 2401 995; x_wconf 79' lang='lat' dir='ltr'><strong>vel</strong></span> <span class='ocrx_word' id='word_1_68' title='bbox 2445 938 2498 995; x_wconf 92' lang='lat' dir='ltr'><strong>si</strong></span> <span class='ocrx_word' id='word_1_69' title='bbox 2541 943 2748 1015; x_wconf 89' lang='lat' dir='ltr'><strong>raptus</strong></span> <span class='ocrx_word' id='word_1_70' title='bbox 2790 943 2973 1005; x_wconf 88' lang='lat' dir='ltr'><strong>esset;</strong></span> <span class='ocrx_word' id='word_1_71' title='bbox 3053 936 3288 995; x_wconf 85' lang='lat' dir='ltr'><strong>numeri</strong></span> 
     </span>
     <span class='ocr_line' id='line_1_8' title="bbox 688 1035 3286 1118; baseline -0.001 -21"><span class='ocrx_word' id='word_1_72' title='bbox 688 1038 931 1118; x_wconf 88' lang='lat' dir='ltr'><strong>pluralis</strong></span> <span class='ocrx_word' id='word_1_73' title='bbox 970 1056 1107 1099; x_wconf 89' lang='lat' dir='ltr'><strong>cum</strong></span> <span class='ocrx_word' id='word_1_74' title='bbox 1146 1037 1239 1098; x_wconf 89' lang='lat' dir='ltr'><strong>vel</strong></span> <span class='ocrx_word' id='word_1_75' title='bbox 1280 1039 1331 1099; x_wconf 90' lang='lat' dir='ltr'><strong>si</strong></span> <span class='ocrx_word' id='word_1_76' title='bbox 1372 1038 1529 1116; x_wconf 90' lang='lat' dir='ltr'><strong>rapti</strong></span> <span class='ocrx_word' id='word_1_77' title='bbox 1569 1054 1854 1108; x_wconf 81' lang='lat' dir='ltr'><strong>essemuS,</strong></span> <span class='ocrx_word' id='word_1_78' title='bbox 1903 1056 2035 1099; x_wconf 90' lang='lat' dir='ltr'><strong>cum</strong></span> <span class='ocrx_word' id='word_1_79' title='bbox 2074 1035 2164 1098; x_wconf 88' lang='lat' dir='ltr'><strong>vel</strong></span> <span class='ocrx_word' id='word_1_80' title='bbox 2193 1038 2244 1097; x_wconf 87' lang='lat' dir='ltr'><strong>si</strong></span> <span class='ocrx_word' id='word_1_81' title='bbox 2285 1038 2438 1116; x_wconf 82' lang='lat' dir='ltr'><strong>rapti</strong></span> <span class='ocrx_word' id='word_1_82' title='bbox 2479 1038 2705 1107; x_wconf 75' lang='lat' dir='ltr'><strong>essetiS,</strong></span> <span class='ocrx_word' id='word_1_83' title='bbox 2747 1054 2884 1098; x_wconf 88' lang='lat' dir='ltr'><strong>cum</strong></span> <span class='ocrx_word' id='word_1_84' title='bbox 2918 1036 3009 1099; x_wconf 89' lang='lat' dir='ltr'><strong>vel</strong></span> <span class='ocrx_word' id='word_1_85' title='bbox 3047 1039 3097 1097; x_wconf 87' lang='lat' dir='ltr'><strong>si</strong></span> <span class='ocrx_word' id='word_1_86' title='bbox 3133 1038 3286 1115; x_wconf 84' lang='lat' dir='ltr'><strong>rapti</strong></span> 
     </span>
     <span class='ocr_line' id='line_1_9' title="bbox 688 1136 3288 1217; baseline -0.001 -16"><span class='ocrx_word' id='word_1_87' title='bbox 688 1150 914 1209; x_wconf 80' lang='lat' dir='ltr'><strong>essent:</strong></span> <span class='ocrx_word' id='word_1_88' title='bbox 986 1146 1047 1201; x_wconf 89' lang='lat' dir='ltr'><strong>et</strong></span> <span class='ocrx_word' id='word_1_89' title='bbox 1088 1139 1372 1201; x_wconf 81' lang='lat' dir='ltr'><strong>ulteriore</strong></span> <span class='ocrx_word' id='word_1_90' title='bbox 1427 1136 2010 1217; x_wconf 78' lang='lat' dir='ltr'><strong>plusquamperfecta</strong></span> <span class='ocrx_word' id='word_1_91' title='bbox 2065 1141 2186 1200; x_wconf 87' lang='lat' dir='ltr'><strong>sive</strong></span> <span class='ocrx_word' id='word_1_92' title='bbox 2237 1139 2602 1201; x_wconf 77' lang='lat' dir='ltr'><strong>recordativa</strong></span> <span class='ocrx_word' id='word_1_93' title='bbox 2651 1138 2742 1201; x_wconf 89' lang='lat' dir='ltr'><strong>vel</strong></span> <span class='ocrx_word' id='word_1_94' title='bbox 2785 1146 2986 1201; x_wconf 84' lang='lat' dir='ltr'><strong>exacta</strong></span> <span class='ocrx_word' id='word_1_95' title='bbox 3051 1139 3288 1199; x_wconf 85' lang='lat' dir='ltr'><strong>numeri</strong></span> 
     </span>
     <span class='ocr_line' id='line_1_10' title="bbox 686 1239 3284 1320; baseline -0.002 -17"><span class='ocrx_word' id='word_1_96' title='bbox 686 1241 1007 1319; x_wconf 88' lang='lat' dir='ltr'><strong>singularis</strong></span> <span class='ocrx_word' id='word_1_97' title='bbox 1067 1260 1205 1303; x_wconf 89' lang='lat' dir='ltr'><strong>cum</strong></span> <span class='ocrx_word' id='word_1_98' title='bbox 1254 1240 1343 1302; x_wconf 89' lang='lat' dir='ltr'><strong>vel</strong></span> <span class='ocrx_word' id='word_1_99' title='bbox 1385 1242 1433 1301; x_wconf 90' lang='lat' dir='ltr'><strong>si</strong></span> <span class='ocrx_word' id='word_1_100' title='bbox 1472 1248 1678 1319; x_wconf 84' lang='lat' dir='ltr'><strong>raptus</strong></span> <span class='ocrx_word' id='word_1_101' title='bbox 1718 1242 1994 1311; x_wconf 79' lang='lat' dir='ltr'><strong>fuissem,</strong></span> <span class='ocrx_word' id='word_1_102' title='bbox 2055 1258 2189 1301; x_wconf 91' lang='lat' dir='ltr'><strong>cum</strong></span> <span class='ocrx_word' id='word_1_103' title='bbox 2235 1239 2326 1302; x_wconf 91' lang='lat' dir='ltr'><strong>vel</strong></span> <span class='ocrx_word' id='word_1_104' title='bbox 2369 1244 2419 1305; x_wconf 88' lang='lat' dir='ltr'><strong>si</strong></span> <span class='ocrx_word' id='word_1_105' title='bbox 2461 1248 2668 1320; x_wconf 83' lang='lat' dir='ltr'><strong>raptus</strong></span> <span class='ocrx_word' id='word_1_106' title='bbox 2711 1241 2952 1309; x_wconf 79' lang='lat' dir='ltr'><strong>fuisses,</strong></span> <span class='ocrx_word' id='word_1_107' title='bbox 3011 1258 3150 1301; x_wconf 85' lang='lat' dir='ltr'><strong>cum</strong></span> <span class='ocrx_word' id='word_1_108' title='bbox 3196 1239 3284 1299; x_wconf 84' lang='lat' dir='ltr'><strong>vel</strong></span> 
     </span>
     <span class='ocr_line' id='line_1_11' title="bbox 688 1341 3286 1424; baseline -0.001 -21"><span class='ocrx_word' id='word_1_109' title='bbox 688 1348 739 1403; x_wconf 89' lang='lat' dir='ltr'><strong>si</strong></span> <span class='ocrx_word' id='word_1_110' title='bbox 782 1352 985 1423; x_wconf 88' lang='lat' dir='ltr'><strong>raptus</strong></span> <span class='ocrx_word' id='word_1_111' title='bbox 1027 1342 1266 1412; x_wconf 74' lang='lat' dir='ltr'><strong>fuisset:</strong></span> <span class='ocrx_word' id='word_1_112' title='bbox 1336 1344 1573 1404; x_wconf 87' lang='lat' dir='ltr'><strong>numeri</strong></span> <span class='ocrx_word' id='word_1_113' title='bbox 1616 1342 1862 1421; x_wconf 87' lang='lat' dir='ltr'><strong>pluralis</strong></span> <span class='ocrx_word' id='word_1_114' title='bbox 1919 1362 2054 1403; x_wconf 87' lang='lat' dir='ltr'><strong>cum</strong></span> <span class='ocrx_word' id='word_1_115' title='bbox 2099 1342 2188 1403; x_wconf 85' lang='lat' dir='ltr'><strong>vel</strong></span> <span class='ocrx_word' id='word_1_116' title='bbox 2235 1344 2284 1403; x_wconf 91' lang='lat' dir='ltr'><strong>si</strong></span> <span class='ocrx_word' id='word_1_117' title='bbox 2324 1345 2480 1424; x_wconf 86' lang='lat' dir='ltr'><strong>rapti</strong></span> <span class='ocrx_word' id='word_1_118' title='bbox 2525 1344 2866 1412; x_wconf 77' lang='lat' dir='ltr'><strong>fuissemuS,</strong></span> <span class='ocrx_word' id='word_1_119' title='bbox 2925 1360 3062 1404; x_wconf 86' lang='lat' dir='ltr'><strong>cum</strong></span> <span class='ocrx_word' id='word_1_120' title='bbox 3103 1341 3198 1403; x_wconf 86' lang='lat' dir='ltr'><strong>vel</strong></span> <span class='ocrx_word' id='word_1_121' title='bbox 3237 1342 3286 1401; x_wconf 88' lang='lat' dir='ltr'><strong>si</strong></span> 
     </span>
     <span class='ocr_line' id='line_1_12' title="bbox 614 1443 3284 1526; baseline -0.002 -15"><span class='ocrx_word' id='word_1_122' title='bbox 614 1468 663 1511; x_wconf 86' lang='grc' dir='ltr'><strong>ιο</strong></span> <span class='ocrx_word' id='word_1_123' title='bbox 691 1448 841 1526; x_wconf 90' lang='lat' dir='ltr'><strong>rapti</strong></span> <span class='ocrx_word' id='word_1_124' title='bbox 888 1446 1164 1515; x_wconf 81' lang='lat' dir='ltr'><strong>suissetiS,</strong></span> <span class='ocrx_word' id='word_1_125' title='bbox 1214 1463 1350 1506; x_wconf 73' lang='lat' dir='ltr'><strong>cuni</strong></span> <span class='ocrx_word' id='word_1_126' title='bbox 1397 1443 1487 1505; x_wconf 90' lang='lat' dir='ltr'><strong>vel</strong></span> <span class='ocrx_word' id='word_1_127' title='bbox 1531 1448 1583 1505; x_wconf 92' lang='lat' dir='ltr'><strong>si</strong></span> <span class='ocrx_word' id='word_1_128' title='bbox 1624 1448 1779 1525; x_wconf 88' lang='lat' dir='ltr'><strong>rapti</strong></span> <span class='ocrx_word' id='word_1_129' title='bbox 1823 1447 2103 1507; x_wconf 83' lang='lat' dir='ltr'><strong>fuissent:</strong></span> <span class='ocrx_word' id='word_1_130' title='bbox 2151 1444 2362 1507; x_wconf 89' lang='lat' dir='ltr'><strong>eodem</strong></span> <span class='ocrx_word' id='word_1_131' title='bbox 2407 1446 2584 1507; x_wconf 89' lang='lat' dir='ltr'><strong>modo</strong></span> <span class='ocrx_word' id='word_1_132' title='bbox 2623 1454 2892 1524; x_wconf 89' lang='lat' dir='ltr'><strong>tempore</strong></span> <span class='ocrx_word' id='word_1_133' title='bbox 2931 1444 3134 1505; x_wconf 81' lang='lat' dir='ltr'><strong>futuro</strong></span> <span class='ocrx_word' id='word_1_134' title='bbox 3177 1462 3284 1505; x_wconf 87' lang='lat' dir='ltr'><strong>nu·</strong></span> 
     </span>
     <span class='ocr_line' id='line_1_13' title="bbox 687 1544 3282 1626; baseline -0.001 -19"><span class='ocrx_word' id='word_1_135' title='bbox 687 1548 839 1609; x_wconf 86' lang='lat' dir='ltr'><strong>meri</strong></span> <span class='ocrx_word' id='word_1_136' title='bbox 874 1545 1187 1625; x_wconf 83' lang='lat' dir='ltr'><strong>singularis</strong></span> <span class='ocrx_word' id='word_1_137' title='bbox 1244 1565 1379 1608; x_wconf 90' lang='lat' dir='ltr'><strong>cum</strong></span> <span class='ocrx_word' id='word_1_138' title='bbox 1427 1545 1513 1608; x_wconf 89' lang='lat' dir='ltr'><strong>vel</strong></span> <span class='ocrx_word' id='word_1_139' title='bbox 1556 1549 1607 1607; x_wconf 89' lang='lat' dir='ltr'><strong>si</strong></span> <span class='ocrx_word' id='word_1_140' title='bbox 1652 1555 1859 1625; x_wconf 87' lang='lat' dir='ltr'><strong>raptus</strong></span> <span class='ocrx_word' id='word_1_141' title='bbox 1902 1566 2026 1617; x_wconf 91' lang='lat' dir='ltr'><strong>ero,</strong></span> <span class='ocrx_word' id='word_1_142' title='bbox 2069 1566 2206 1609; x_wconf 87' lang='lat' dir='ltr'><strong>cum</strong></span> <span class='ocrx_word' id='word_1_143' title='bbox 2247 1547 2337 1608; x_wconf 88' lang='lat' dir='ltr'><strong>vel</strong></span> <span class='ocrx_word' id='word_1_144' title='bbox 2377 1550 2428 1608; x_wconf 89' lang='lat' dir='ltr'><strong>si</strong></span> <span class='ocrx_word' id='word_1_145' title='bbox 2469 1556 2676 1626; x_wconf 87' lang='lat' dir='ltr'><strong>raptus</strong></span> <span class='ocrx_word' id='word_1_146' title='bbox 2719 1548 2864 1617; x_wconf 75' lang='lat' dir='ltr'><strong>eriS,</strong></span> <span class='ocrx_word' id='word_1_147' title='bbox 2921 1566 3058 1608; x_wconf 88' lang='lat' dir='ltr'><strong>cum</strong></span> <span class='ocrx_word' id='word_1_148' title='bbox 3101 1544 3195 1607; x_wconf 87' lang='lat' dir='ltr'><strong>vel</strong></span> <span class='ocrx_word' id='word_1_149' title='bbox 3237 1547 3282 1605; x_wconf 90' lang='lat' dir='ltr'><strong>si</strong></span> 
     </span>
     <span class='ocr_line' id='line_1_14' title="bbox 688 1647 3282 1729; baseline -0.001 -20"><span class='ocrx_word' id='word_1_150' title='bbox 688 1657 897 1729; x_wconf 89' lang='lat' dir='ltr'><strong>raptus</strong></span> <span class='ocrx_word' id='word_1_151' title='bbox 941 1651 1081 1719; x_wconf 77' lang='lat' dir='ltr'><strong>erit:</strong></span> <span class='ocrx_word' id='word_1_152' title='bbox 1128 1651 1359 1711; x_wconf 89' lang='lat' dir='ltr'><strong>numeri</strong></span> <span class='ocrx_word' id='word_1_153' title='bbox 1404 1648 1649 1727; x_wconf 90' lang='lat' dir='ltr'><strong>pluralis</strong></span> <span class='ocrx_word' id='word_1_154' title='bbox 1692 1668 1828 1711; x_wconf 88' lang='lat' dir='ltr'><strong>cum</strong></span> <span class='ocrx_word' id='word_1_155' title='bbox 1859 1648 1946 1711; x_wconf 85' lang='lat' dir='ltr'><strong>vel</strong></span> <span class='ocrx_word' id='word_1_156' title='bbox 1983 1650 2031 1711; x_wconf 86' lang='lat' dir='ltr'><strong>si</strong></span> <span class='ocrx_word' id='word_1_157' title='bbox 2061 1650 2217 1727; x_wconf 87' lang='lat' dir='ltr'><strong>rapti</strong></span> <span class='ocrx_word' id='word_1_158' title='bbox 2248 1650 2486 1720; x_wconf 81' lang='lat' dir='ltr'><strong>erimuS,</strong></span> <span class='ocrx_word' id='word_1_159' title='bbox 2531 1668 2666 1711; x_wconf 89' lang='lat' dir='ltr'><strong>cum</strong></span> <span class='ocrx_word' id='word_1_160' title='bbox 2697 1647 2791 1709; x_wconf 86' lang='lat' dir='ltr'><strong>vel</strong></span> <span class='ocrx_word' id='word_1_161' title='bbox 2823 1649 2872 1708; x_wconf 88' lang='lat' dir='ltr'><strong>si</strong></span> <span class='ocrx_word' id='word_1_162' title='bbox 2909 1650 3066 1727; x_wconf 89' lang='lat' dir='ltr'><strong>rapti</strong></span> <span class='ocrx_word' id='word_1_163' title='bbox 3101 1648 3282 1717; x_wconf 75' lang='lat' dir='ltr'><strong>eritiS,</strong></span> 
     </span>
     <span class='ocr_line' id='line_1_15' title="bbox 690 1749 3286 1829; baseline -0.001 -17"><span class='ocrx_word' id='word_1_164' title='bbox 690 1770 824 1812; x_wconf 81' lang='lat' dir='ltr'><strong>cum</strong></span> <span class='ocrx_word' id='word_1_165' title='bbox 868 1750 958 1813; x_wconf 88' lang='lat' dir='ltr'><strong>vel</strong></span> <span class='ocrx_word' id='word_1_166' title='bbox 1002 1753 1053 1811; x_wconf 85' lang='lat' dir='ltr'><strong>si</strong></span> <span class='ocrx_word' id='word_1_167' title='bbox 1098 1754 1252 1829; x_wconf 83' lang='lat' dir='ltr'><strong>rapti</strong></span> <span class='ocrx_word' id='word_1_168' title='bbox 1298 1752 1482 1821; x_wconf 75' lang='lat' dir='ltr'><strong>erint:</strong></span> <span class='ocrx_word' id='word_1_169' title='bbox 1555 1759 1612 1812; x_wconf 91' lang='lat' dir='ltr'><strong>et</strong></span> <span class='ocrx_word' id='word_1_170' title='bbox 1660 1749 1944 1813; x_wconf 89' lang='lat' dir='ltr'><strong>ulteriore</strong></span> <span class='ocrx_word' id='word_1_171' title='bbox 2000 1750 2200 1812; x_wconf 77' lang='lat' dir='ltr'><strong>futuro</strong></span> <span class='ocrx_word' id='word_1_172' title='bbox 2261 1753 2494 1812; x_wconf 90' lang='lat' dir='ltr'><strong>numeri</strong></span> <span class='ocrx_word' id='word_1_173' title='bbox 2547 1751 2862 1829; x_wconf 87' lang='lat' dir='ltr'><strong>singularis</strong></span> <span class='ocrx_word' id='word_1_174' title='bbox 2919 1768 3056 1813; x_wconf 87' lang='lat' dir='ltr'><strong>cum</strong></span> <span class='ocrx_word' id='word_1_175' title='bbox 3105 1749 3196 1811; x_wconf 82' lang='lat' dir='ltr'><strong>vel</strong></span> <span class='ocrx_word' id='word_1_176' title='bbox 3239 1750 3286 1809; x_wconf 83' lang='lat' dir='ltr'><strong>si</strong></span> 
     </span>
     <span class='ocr_line' id='line_1_16' title="bbox 690 1851 3286 1933; baseline -0 -20"><span class='ocrx_word' id='word_1_177' title='bbox 690 1860 893 1932; x_wconf 91' lang='lat' dir='ltr'><strong>raptus</strong></span> <span class='ocrx_word' id='word_1_178' title='bbox 938 1853 1140 1924; x_wconf 77' lang='lat' dir='ltr'><strong>suero,</strong></span> <span class='ocrx_word' id='word_1_179' title='bbox 1195 1871 1331 1913; x_wconf 88' lang='lat' dir='ltr'><strong>cum</strong></span> <span class='ocrx_word' id='word_1_180' title='bbox 1379 1852 1467 1913; x_wconf 88' lang='lat' dir='ltr'><strong>vel</strong></span> <span class='ocrx_word' id='word_1_181' title='bbox 1512 1854 1559 1913; x_wconf 90' lang='lat' dir='ltr'><strong>si</strong></span> <span class='ocrx_word' id='word_1_182' title='bbox 1605 1860 1812 1933; x_wconf 84' lang='lat' dir='ltr'><strong>raptus</strong></span> <span class='ocrx_word' id='word_1_183' title='bbox 1857 1854 2066 1923; x_wconf 77' lang='lat' dir='ltr'><strong>sueriS,</strong></span> <span class='ocrx_word' id='word_1_184' title='bbox 2125 1872 2260 1913; x_wconf 90' lang='lat' dir='ltr'><strong>cum</strong></span> <span class='ocrx_word' id='word_1_185' title='bbox 2307 1851 2394 1914; x_wconf 90' lang='lat' dir='ltr'><strong>vel</strong></span> <span class='ocrx_word' id='word_1_186' title='bbox 2439 1854 2489 1914; x_wconf 90' lang='lat' dir='ltr'><strong>si</strong></span> <span class='ocrx_word' id='word_1_187' title='bbox 2529 1860 2736 1933; x_wconf 90' lang='lat' dir='ltr'><strong>raptus</strong></span> <span class='ocrx_word' id='word_1_188' title='bbox 2776 1852 2985 1922; x_wconf 78' lang='lat' dir='ltr'><strong>fuerit:</strong></span> <span class='ocrx_word' id='word_1_189' title='bbox 3053 1854 3286 1913; x_wconf 87' lang='lat' dir='ltr'><strong>numeri</strong></span> 
     </span>
     <span class='ocr_line' id='line_1_17' title="bbox 616 1953 3286 2034; baseline -0.002 -15"><span class='ocrx_word' id='word_1_190' title='bbox 616 1978 661 2019; x_wconf 73' lang='grc' dir='ltr'><strong>ιε</strong></span> <span class='ocrx_word' id='word_1_191' title='bbox 690 1955 935 2034; x_wconf 89' lang='lat' dir='ltr'><strong>pluralis</strong></span> <span class='ocrx_word' id='word_1_192' title='bbox 994 1972 1129 2016; x_wconf 90' lang='lat' dir='ltr'><strong>cum</strong></span> <span class='ocrx_word' id='word_1_193' title='bbox 1168 1953 1260 2015; x_wconf 86' lang='lat' dir='ltr'><strong>vel</strong></span> <span class='ocrx_word' id='word_1_194' title='bbox 1304 1956 1353 2015; x_wconf 88' lang='lat' dir='ltr'><strong>si</strong></span> <span class='ocrx_word' id='word_1_195' title='bbox 1398 1956 1553 2032; x_wconf 91' lang='lat' dir='ltr'><strong>rapti</strong></span> <span class='ocrx_word' id='word_1_196' title='bbox 1602 1955 1925 2023; x_wconf 81' lang='lat' dir='ltr'><strong>fuerimus,</strong></span> <span class='ocrx_word' id='word_1_197' title='bbox 1989 1973 2122 2015; x_wconf 89' lang='lat' dir='ltr'><strong>cum</strong></span> <span class='ocrx_word' id='word_1_198' title='bbox 2172 1954 2260 2015; x_wconf 90' lang='lat' dir='ltr'><strong>vel</strong></span> <span class='ocrx_word' id='word_1_199' title='bbox 2305 1956 2354 2016; x_wconf 85' lang='lat' dir='ltr'><strong>si</strong></span> <span class='ocrx_word' id='word_1_200' title='bbox 2395 1956 2550 2034; x_wconf 88' lang='lat' dir='ltr'><strong>rapti</strong></span> <span class='ocrx_word' id='word_1_201' title='bbox 2595 1956 2855 2024; x_wconf 76' lang='lat' dir='ltr'><strong>fueritiS,</strong></span> <span class='ocrx_word' id='word_1_202' title='bbox 2917 1972 3054 2015; x_wconf 88' lang='lat' dir='ltr'><strong>cum</strong></span> <span class='ocrx_word' id='word_1_203' title='bbox 3099 1953 3192 2015; x_wconf 85' lang='lat' dir='ltr'><strong>vel</strong></span> <span class='ocrx_word' id='word_1_204' title='bbox 3238 1955 3286 2013; x_wconf 87' lang='lat' dir='ltr'><strong>si</strong></span> 
     </span>
     <span class='ocr_line' id='line_1_18' title="bbox 688 2056 3286 2137; baseline -0.002 -19"><span class='ocrx_word' id='word_1_205' title='bbox 688 2060 844 2137; x_wconf 86' lang='lat' dir='ltr'><strong>rapti</strong></span> <span class='ocrx_word' id='word_1_206' title='bbox 888 2058 1122 2119; x_wconf 84' lang='lat' dir='ltr'><strong>suerint.</strong></span> <span class='ocrx_word' id='word_1_207' title='bbox 1217 2075 1359 2117; x_wconf 89' lang='lat' dir='ltr'><strong>sane</strong></span> <span class='ocrx_word' id='word_1_208' title='bbox 1400 2057 1516 2119; x_wconf 86' lang='lat' dir='ltr'><strong>hoc</strong></span> <span class='ocrx_word' id='word_1_209' title='bbox 1560 2074 1899 2125; x_wconf 88' lang='lat' dir='ltr'><strong>monemus,</strong></span> <span class='ocrx_word' id='word_1_210' title='bbox 1971 2058 2132 2137; x_wconf 88' lang='lat' dir='ltr'><strong>quod</strong></span> <span class='ocrx_word' id='word_1_211' title='bbox 2179 2058 2414 2135; x_wconf 89' lang='lat' dir='ltr'><strong>generis</strong></span> <span class='ocrx_word' id='word_1_212' title='bbox 2473 2059 2688 2136; x_wconf 85' lang='lat' dir='ltr'><strong>passivi</strong></span> <span class='ocrx_word' id='word_1_213' title='bbox 2747 2058 2872 2119; x_wconf 86' lang='lat' dir='ltr'><strong>sive</strong></span> <span class='ocrx_word' id='word_1_214' title='bbox 2933 2056 3286 2135; x_wconf 85' lang='lat' dir='ltr'><strong>deponentis</strong></span> 
     </span>
     <span class='ocr_line' id='line_1_19' title="bbox 690 2156 3287 2237; baseline -0.001 -19"><span class='ocrx_word' id='word_1_215' title='bbox 690 2158 781 2219; x_wconf 88' lang='lat' dir='ltr'><strong>vel</strong></span> <span class='ocrx_word' id='word_1_216' title='bbox 838 2160 1169 2221; x_wconf 87' lang='lat' dir='ltr'><strong>communis</strong></span> <span class='ocrx_word' id='word_1_217' title='bbox 1233 2158 1413 2220; x_wconf 89' lang='lat' dir='ltr'><strong>verba</strong></span> <span class='ocrx_word' id='word_1_218' title='bbox 1465 2159 1707 2221; x_wconf 90' lang='lat' dir='ltr'><strong>modum</strong></span> <span class='ocrx_word' id='word_1_219' title='bbox 1769 2158 2210 2237; x_wconf 88' lang='lat' dir='ltr'><strong>inpersonalem</strong></span> <span class='ocrx_word' id='word_1_220' title='bbox 2267 2158 2358 2220; x_wconf 86' lang='lat' dir='ltr'><strong>vel</strong></span> <span class='ocrx_word' id='word_1_221' title='bbox 2421 2160 2674 2237; x_wconf 85' lang='lat' dir='ltr'><strong>gerundi</strong></span> <span class='ocrx_word' id='word_1_222' title='bbox 2746 2160 2866 2221; x_wconf 89' lang='lat' dir='ltr'><strong>sive</strong></span> <span class='ocrx_word' id='word_1_223' title='bbox 2930 2176 3150 2220; x_wconf 88' lang='lat' dir='ltr'><strong>nomen</strong></span> <span class='ocrx_word' id='word_1_224' title='bbox 3199 2156 3287 2217; x_wconf 84' lang='lat' dir='ltr'><strong>vel</strong></span> 
     </span>
     <span class='ocr_line' id='line_1_20' title="bbox 686 2258 3290 2340; baseline -0.001 -19"><span class='ocrx_word' id='word_1_225' title='bbox 686 2259 1143 2340; x_wconf 84' lang='lat' dir='ltr'><strong>appellationem</strong></span> <span class='ocrx_word' id='word_1_226' title='bbox 1200 2262 1272 2322; x_wconf 85' lang='lat' dir='ltr'><strong>ad</strong></span> <span class='ocrx_word' id='word_1_227' title='bbox 1323 2262 1574 2323; x_wconf 80' lang='lat' dir='ltr'><strong>sormam</strong></span> <span class='ocrx_word' id='word_1_228' title='bbox 1628 2261 1866 2339; x_wconf 86' lang='lat' dir='ltr'><strong>generis</strong></span> <span class='ocrx_word' id='word_1_229' title='bbox 1917 2262 2088 2321; x_wconf 89' lang='lat' dir='ltr'><strong>activi</strong></span> <span class='ocrx_word' id='word_1_230' title='bbox 2141 2263 2266 2323; x_wconf 88' lang='lat' dir='ltr'><strong>sive</strong></span> <span class='ocrx_word' id='word_1_231' title='bbox 2321 2260 2602 2323; x_wconf 84' lang='lat' dir='ltr'><strong>neutralis</strong></span> <span class='ocrx_word' id='word_1_232' title='bbox 2657 2258 2749 2321; x_wconf 89' lang='lat' dir='ltr'><strong>vel</strong></span> <span class='ocrx_word' id='word_1_233' title='bbox 2804 2260 3124 2322; x_wconf 83' lang='lat' dir='ltr'><strong>inchoativi</strong></span> <span class='ocrx_word' id='word_1_234' title='bbox 3179 2277 3290 2322; x_wconf 90' lang='lat' dir='ltr'><strong>nec</strong></span> 
     </span>
     <span class='ocr_line' id='line_1_21' title="bbox 688 2361 3289 2442; baseline 0 -20"><span class='ocrx_word' id='word_1_235' title='bbox 688 2380 809 2423; x_wconf 90' lang='lat' dir='ltr'><strong>non</strong></span> <span class='ocrx_word' id='word_1_236' title='bbox 854 2369 913 2425; x_wconf 86' lang='lat' dir='ltr'><strong>et</strong></span> <span class='ocrx_word' id='word_1_237' title='bbox 957 2363 1365 2441; x_wconf 76' lang='lat' dir='ltr'><strong>frequentativi</strong></span> <span class='ocrx_word' id='word_1_238' title='bbox 1408 2364 1784 2442; x_wconf 87' lang='lat' dir='ltr'><strong>reperiantur</strong></span> <span class='ocrx_word' id='word_1_239' title='bbox 1829 2362 2144 2424; x_wconf 86' lang='lat' dir='ltr'><strong>declinare.</strong></span> <span class='ocrx_word' id='word_1_240' title='bbox 2233 2371 2504 2442; x_wconf 89' lang='lat' dir='ltr'><strong>tempora</strong></span> <span class='ocrx_word' id='word_1_241' title='bbox 2551 2363 2998 2441; x_wconf 85' lang='lat' dir='ltr'><strong>participiorum</strong></span> <span class='ocrx_word' id='word_1_242' title='bbox 3041 2361 3289 2423; x_wconf 83' lang='lat' dir='ltr'><strong>trahun—</strong></span> 
     </span>
     <span class='ocr_line' id='line_1_22' title="bbox 612 2463 3288 2544; baseline -0.002 -17"><span class='ocrx_word' id='word_1_243' title='bbox 612 2488 665 2529; x_wconf 64' lang='grc' dir='ltr'><strong>πο</strong></span> <span class='ocrx_word' id='word_1_244' title='bbox 692 2472 789 2525; x_wconf 90' lang='lat' dir='ltr'><strong>tur</strong></span> <span class='ocrx_word' id='word_1_245' title='bbox 848 2464 921 2525; x_wconf 91' lang='lat' dir='ltr'><strong>ab</strong></span> <span class='ocrx_word' id='word_1_246' title='bbox 968 2464 1084 2526; x_wconf 89' lang='lat' dir='ltr'><strong>hoc</strong></span> <span class='ocrx_word' id='word_1_247' title='bbox 1140 2464 1323 2527; x_wconf 86' lang='lat' dir='ltr'><strong>verbo</strong></span> <span class='ocrx_word' id='word_1_248' title='bbox 1381 2467 1609 2544; x_wconf 84' lang='lat' dir='ltr'><strong>passivo</strong></span> <span class='ocrx_word' id='word_1_249' title='bbox 1664 2465 1817 2535; x_wconf 88' lang='lat' dir='ltr'><strong>duo,</strong></span> <span class='ocrx_word' id='word_1_250' title='bbox 1885 2466 2268 2544; x_wconf 85' lang='lat' dir='ltr'><strong>praeteritum</strong></span> <span class='ocrx_word' id='word_1_251' title='bbox 2328 2472 2563 2543; x_wconf 75' lang='lat' dir='ltr'><strong>raptuS,</strong></span> <span class='ocrx_word' id='word_1_252' title='bbox 2623 2464 2892 2525; x_wconf 81' lang='lat' dir='ltr'><strong>futurum</strong></span> <span class='ocrx_word' id='word_1_253' title='bbox 2947 2463 3288 2542; x_wconf 68' lang='lat' dir='ltr'><strong>rapiendus</strong></span> 
     </span>
     <span class='ocr_line' id='line_1_23' title="bbox 687 2562 3290 2650; baseline -0 -24"><span class='ocrx_word' id='word_1_254' title='bbox 687 2585 849 2628; x_wconf 84' lang='lat' dir='ltr'><strong>nunc</strong></span> <span class='ocrx_word' id='word_1_255' title='bbox 894 2569 1067 2628; x_wconf 89' lang='lat' dir='ltr'><strong>etiam</strong></span> <span class='ocrx_word' id='word_1_256' title='bbox 1109 2566 1227 2627; x_wconf 83' lang='lat' dir='ltr'><strong>hoc</strong></span> <span class='ocrx_word' id='word_1_257' title='bbox 1270 2586 1611 2637; x_wconf 52' lang='lat' dir='ltr'><strong>moneam&amp;</strong></span> <span class='ocrx_word' id='word_1_258' title='bbox 1680 2566 1839 2647; x_wconf 90' lang='lat' dir='ltr'><strong>quod</strong></span> <span class='ocrx_word' id='word_1_259' title='bbox 1881 2586 1954 2627; x_wconf 84' lang='lat' dir='ltr'><strong>ex</strong></span> <span class='ocrx_word' id='word_1_260' title='bbox 1998 2570 2169 2629; x_wconf 89' lang='lat' dir='ltr'><strong>tertia</strong></span> <span class='ocrx_word' id='word_1_261' title='bbox 2213 2568 2632 2645; x_wconf 86' lang='lat' dir='ltr'><strong>coniugatione</strong></span> <span class='ocrx_word' id='word_1_262' title='bbox 2659 2562 2687 2650; x_wconf 75' lang='grc' dir='ltr'>Η</span> <span class='ocrx_word' id='word_1_263' title='bbox 2719 2574 2996 2645; x_wconf 86' lang='lat' dir='ltr'><strong>correpta</strong></span> <span class='ocrx_word' id='word_1_264' title='bbox 3041 2584 3112 2627; x_wconf 89' lang='lat' dir='ltr'><strong>eo</strong></span> <span class='ocrx_word' id='word_1_265' title='bbox 3157 2564 3290 2644; x_wconf 88' lang='lat' dir='ltr'><strong>plu-</strong></span> 
     </span>
     <span class='ocr_line' id='line_1_24' title="bbox 686 2667 2570 2749; baseline -0.001 -20"><span class='ocrx_word' id='word_1_266' title='bbox 686 2670 826 2729; x_wconf 86' lang='lat' dir='ltr'><strong>rimi</strong></span> <span class='ocrx_word' id='word_1_267' title='bbox 866 2672 1015 2739; x_wconf 90' lang='lat' dir='ltr'><strong>soni,</strong></span> <span class='ocrx_word' id='word_1_268' title='bbox 1054 2670 1171 2731; x_wconf 89' lang='lat' dir='ltr'><strong>hoc</strong></span> <span class='ocrx_word' id='word_1_269' title='bbox 1216 2679 1307 2731; x_wconf 85' lang='lat' dir='ltr'><strong>est</strong></span> <span class='ocrx_word' id='word_1_270' title='bbox 1351 2689 1421 2731; x_wconf 88' lang='lat' dir='ltr'><strong>eo</strong></span> <span class='ocrx_word' id='word_1_271' title='bbox 1468 2669 1722 2749; x_wconf 83' lang='lat' dir='ltr'><strong>plurima</strong></span> <span class='ocrx_word' id='word_1_272' title='bbox 1765 2668 1963 2737; x_wconf 86' lang='lat' dir='ltr'><strong>verba,</strong></span> <span class='ocrx_word' id='word_1_273' title='bbox 2013 2671 2241 2746; x_wconf 87' lang='lat' dir='ltr'><strong>possint</strong></span> <span class='ocrx_word' id='word_1_274' title='bbox 2282 2667 2570 2730; x_wconf 87' lang='lat' dir='ltr'><strong>exhiberi.</strong></span> 
     </span>
     <span class='ocr_line' id='line_1_25' title="bbox 860 2768 3292 2849; baseline -0.002 -16"><span class='ocrx_word' id='word_1_275' title='bbox 860 2770 1183 2833; x_wconf 87' lang='lat' dir='ltr'><strong>Declinatio</strong></span> <span class='ocrx_word' id='word_1_276' title='bbox 1223 2773 1405 2833; x_wconf 90' lang='lat' dir='ltr'><strong>activa</strong></span> <span class='ocrx_word' id='word_1_277' title='bbox 1452 2772 1659 2833; x_wconf 79' lang='lat' dir='ltr'><strong>tertiae</strong></span> <span class='ocrx_word' id='word_1_278' title='bbox 1708 2772 2140 2849; x_wconf 85' lang='lat' dir='ltr'><strong>coniugationis</strong></span> <span class='ocrx_word' id='word_1_279' title='bbox 2181 2771 2528 2849; x_wconf 88' lang='lat' dir='ltr'><strong>productae.</strong></span> <span class='ocrx_word' id='word_1_280' title='bbox 2621 2770 2818 2830; x_wconf 84' lang='lat' dir='ltr'><strong>nutrio</strong></span> <span class='ocrx_word' id='word_1_281' title='bbox 2856 2768 3104 2831; x_wconf 79' lang='lat' dir='ltr'><strong>verbum</strong></span> <span class='ocrx_word' id='word_1_282' title='bbox 3145 2771 3292 2829; x_wconf 88' lang='lat' dir='ltr'><strong>acti-</strong></span> 
     </span>
     <span class='ocr_line' id='line_1_26' title="bbox 692 2871 3294 2957; baseline -0.002 -22"><span class='ocrx_word' id='word_1_283' title='bbox 692 2894 827 2937; x_wconf 88' lang='lat' dir='ltr'><strong>vum</strong></span> <span class='ocrx_word' id='word_1_284' title='bbox 884 2873 1215 2957; x_wconf 63' lang='lat' dir='ltr'><strong>indijcativo</strong></span> <span class='ocrx_word' id='word_1_285' title='bbox 1270 2876 1391 2935; x_wconf 88' lang='lat' dir='ltr'><strong>sive</strong></span> <span class='ocrx_word' id='word_1_286' title='bbox 1448 2875 1886 2952; x_wconf 85' lang='lat' dir='ltr'><strong>pronuntiative</strong></span> <span class='ocrx_word' id='word_1_287' title='bbox 1941 2874 2116 2933; x_wconf 91' lang='lat' dir='ltr'><strong>modo</strong></span> <span class='ocrx_word' id='word_1_288' title='bbox 2171 2874 2396 2934; x_wconf 89' lang='lat' dir='ltr'><strong>dictum</strong></span> <span class='ocrx_word' id='word_1_289' title='bbox 2456 2873 2741 2951; x_wconf 84' lang='lat' dir='ltr'><strong>temporis</strong></span> <span class='ocrx_word' id='word_1_290' title='bbox 2782 2871 3116 2950; x_wconf 86' lang='lat' dir='ltr'><strong>praesentis</strong></span> <span class='ocrx_word' id='word_1_291' title='bbox 3167 2872 3294 2931; x_wconf 83' lang='lat' dir='ltr'><strong>sive</strong></span> 
     </span>
     <span class='ocr_line' id='line_1_27' title="bbox 614 2974 3293 3055; baseline -0.002 -17"><span class='ocrx_word' id='word_1_292' title='bbox 614 2997 665 3038; x_wconf 79' lang='lat'><strong>25</strong></span> <span class='ocrx_word' id='word_1_293' title='bbox 690 2978 965 3037; x_wconf 87' lang='lat' dir='ltr'><strong>instantis</strong></span> <span class='ocrx_word' id='word_1_294' title='bbox 1008 2978 1239 3037; x_wconf 87' lang='lat' dir='ltr'><strong>numeri</strong></span> <span class='ocrx_word' id='word_1_295' title='bbox 1276 2976 1589 3055; x_wconf 86' lang='lat' dir='ltr'><strong>singularis</strong></span> <span class='ocrx_word' id='word_1_296' title='bbox 1644 2976 1868 3053; x_wconf 85' lang='lat' dir='ltr'><strong>figurae</strong></span> <span class='ocrx_word' id='word_1_297' title='bbox 1913 2977 2274 3053; x_wconf 90' lang='lat' dir='ltr'><strong>compositae</strong></span> <span class='ocrx_word' id='word_1_298' title='bbox 2319 2992 2610 3054; x_wconf 87' lang='lat' dir='ltr'><strong>personae</strong></span> <span class='ocrx_word' id='word_1_299' title='bbox 2653 2976 2882 3053; x_wconf 88' lang='lat' dir='ltr'><strong>primae</strong></span> <span class='ocrx_word' id='word_1_300' title='bbox 2924 2974 3293 3051; x_wconf 82' lang='lat' dir='ltr'><strong>coniugatio-</strong></span> 
     </span>
     <span class='ocr_line' id='line_1_28' title="bbox 688 3074 3291 3159; baseline -0.002 -20"><span class='ocrx_word' id='word_1_301' title='bbox 688 3080 781 3140; x_wconf 87' lang='lat' dir='ltr'><strong>nis</strong></span> <span class='ocrx_word' id='word_1_302' title='bbox 817 3080 1031 3141; x_wconf 86' lang='lat' dir='ltr'><strong>tertiae</strong></span> <span class='ocrx_word' id='word_1_303' title='bbox 1071 3078 1415 3158; x_wconf 88' lang='lat' dir='ltr'><strong>productae,</strong></span> <span class='ocrx_word' id='word_1_304' title='bbox 1464 3078 1622 3159; x_wconf 90' lang='lat' dir='ltr'><strong>quod</strong></span> <span class='ocrx_word' id='word_1_305' title='bbox 1664 3074 2058 3138; x_wconf 86' lang='lat' dir='ltr'><strong>declinabitur</strong></span> <span class='ocrx_word' id='word_1_306' title='bbox 2096 3078 2198 3137; x_wconf 88' lang='lat' dir='ltr'><strong>sic.</strong></span> <span class='ocrx_word' id='word_1_307' title='bbox 2289 3078 2466 3138; x_wconf 91' lang='lat' dir='ltr'><strong>modo</strong></span> <span class='ocrx_word' id='word_1_308' title='bbox 2504 3077 2816 3138; x_wconf 82' lang='lat' dir='ltr'><strong>indicativo</strong></span> <span class='ocrx_word' id='word_1_309' title='bbox 2861 3077 2984 3137; x_wconf 80' lang='lat' dir='ltr'><strong>sive</strong></span> <span class='ocrx_word' id='word_1_310' title='bbox 3022 3092 3291 3153; x_wconf 86' lang='lat' dir='ltr'><strong>pronun-</strong></span> 
     </span>
     <span class='ocr_line' id='line_1_29' title="bbox 689 3165 3290 3261; baseline -0.001 -21"><span class='ocrx_word' id='word_1_311' title='bbox 689 3183 885 3243; x_wconf 86' lang='lat' dir='ltr'><strong>tiativo</strong></span> <span class='ocrx_word' id='word_1_312' title='bbox 930 3190 1200 3261; x_wconf 88' lang='lat' dir='ltr'><strong>tempore</strong></span> <span class='ocrx_word' id='word_1_313' title='bbox 1230 3182 1531 3260; x_wconf 88' lang='lat' dir='ltr'><strong>praesenti</strong></span> <span class='ocrx_word' id='word_1_314' title='bbox 1564 3181 1685 3239; x_wconf 86' lang='lat' dir='ltr'><strong>sive</strong></span> <span class='ocrx_word' id='word_1_315' title='bbox 1713 3180 1953 3240; x_wconf 87' lang='lat' dir='ltr'><strong>instanti</strong></span> <span class='ocrx_word' id='word_1_316' title='bbox 2000 3165 2233 3240; x_wconf 78' lang='lat' dir='ltr'><strong>numeri</strong></span> <span class='ocrx_word' id='word_1_317' title='bbox 2265 3177 2578 3258; x_wconf 84' lang='lat' dir='ltr'><strong>singularis</strong></span> <span class='ocrx_word' id='word_1_318' title='bbox 2622 3180 2823 3239; x_wconf 88' lang='lat' dir='ltr'><strong>nutrio</strong></span> <span class='ocrx_word' id='word_1_319' title='bbox 2861 3178 3054 3239; x_wconf 87' lang='lat' dir='ltr'><strong>nutris</strong></span> <span class='ocrx_word' id='word_1_320' title='bbox 3083 3178 3290 3244; x_wconf 83' lang='lat' dir='ltr'><strong>nutrit,</strong></span> 
     </span>
     <span class='ocr_line' id='line_1_30' title="bbox 690 3281 3292 3363; baseline -0.002 -20"><span class='ocrx_word' id='word_1_321' title='bbox 690 3286 921 3346; x_wconf 87' lang='lat' dir='ltr'><strong>numeri</strong></span> <span class='ocrx_word' id='word_1_322' title='bbox 964 3282 1211 3363; x_wconf 89' lang='lat' dir='ltr'><strong>pluralis</strong></span> <span class='ocrx_word' id='word_1_323' title='bbox 1268 3284 1565 3345; x_wconf 84' lang='lat' dir='ltr'><strong>nutrimus</strong></span> <span class='ocrx_word' id='word_1_324' title='bbox 1608 3282 1847 3342; x_wconf 88' lang='lat' dir='ltr'><strong>nutritis</strong></span> <span class='ocrx_word' id='word_1_325' title='bbox 1893 3283 2190 3341; x_wconf 86' lang='lat' dir='ltr'><strong>nutriunt:</strong></span> <span class='ocrx_word' id='word_1_326' title='bbox 2258 3281 2466 3343; x_wconf 87' lang='lat' dir='ltr'><strong>eodem</strong></span> <span class='ocrx_word' id='word_1_327' title='bbox 2511 3281 2689 3342; x_wconf 89' lang='lat' dir='ltr'><strong>modo</strong></span> <span class='ocrx_word' id='word_1_328' title='bbox 2745 3288 3016 3358; x_wconf 89' lang='lat' dir='ltr'><strong>tempore</strong></span> <span class='ocrx_word' id='word_1_329' title='bbox 3054 3286 3292 3358; x_wconf 88' lang='lat' dir='ltr'><strong>praete·</strong></span> 
     </span>
     <span class='ocr_line' id='line_1_31' title="bbox 690 3382 3292 3464; baseline -0.002 -20"><span class='ocrx_word' id='word_1_330' title='bbox 690 3386 803 3446; x_wconf 91' lang='lat' dir='ltr'><strong>rito</strong></span> <span class='ocrx_word' id='word_1_331' title='bbox 864 3386 1063 3464; x_wconf 89' lang='lat' dir='ltr'><strong>specie</strong></span> <span class='ocrx_word' id='word_1_332' title='bbox 1128 3385 1473 3463; x_wconf 83' lang='lat' dir='ltr'><strong>imperfecta</strong></span> <span class='ocrx_word' id='word_1_333' title='bbox 1538 3384 1659 3444; x_wconf 88' lang='lat' dir='ltr'><strong>sive</strong></span> <span class='ocrx_word' id='word_1_334' title='bbox 1722 3382 1918 3443; x_wconf 87' lang='lat' dir='ltr'><strong>minus</strong></span> <span class='ocrx_word' id='word_1_335' title='bbox 1965 3400 2140 3461; x_wconf 90' lang='lat' dir='ltr'><strong>quam</strong></span> <span class='ocrx_word' id='word_1_336' title='bbox 2200 3384 2458 3462; x_wconf 78' lang='lat' dir='ltr'><strong>perfecta</strong></span> <span class='ocrx_word' id='word_1_337' title='bbox 2509 3383 2596 3443; x_wconf 88' lang='lat' dir='ltr'><strong>vel</strong></span> <span class='ocrx_word' id='word_1_338' title='bbox 2656 3382 2984 3443; x_wconf 85' lang='lat' dir='ltr'><strong>inchoativa</strong></span> <span class='ocrx_word' id='word_1_339' title='bbox 3053 3384 3292 3442; x_wconf 86' lang='lat' dir='ltr'><strong>numeri</strong></span> 
     </span>
     <span class='ocr_line' id='line_1_32' title="bbox 615 3483 3292 3563; baseline -0.001 -16"><span class='ocrx_word' id='word_1_340' title='bbox 615 3506 667 3547; x_wconf 77' lang='lat'><strong>30</strong></span> <span class='ocrx_word' id='word_1_341' title='bbox 690 3485 1005 3563; x_wconf 85' lang='lat' dir='ltr'><strong>singularis</strong></span> <span class='ocrx_word' id='word_1_342' title='bbox 1050 3485 1384 3548; x_wconf 86' lang='lat' dir='ltr'><strong>nutriebam</strong></span> <span class='ocrx_word' id='word_1_343' title='bbox 1427 3485 1731 3547; x_wconf 89' lang='lat' dir='ltr'><strong>nutriebas</strong></span> <span class='ocrx_word' id='word_1_344' title='bbox 1777 3485 2102 3554; x_wconf 84' lang='lat' dir='ltr'><strong>nutriebat,</strong></span> <span class='ocrx_word' id='word_1_345' title='bbox 2161 3486 2397 3545; x_wconf 87' lang='lat' dir='ltr'><strong>numeri</strong></span> <span class='ocrx_word' id='word_1_346' title='bbox 2439 3484 2682 3562; x_wconf 88' lang='lat' dir='ltr'><strong>pluralis</strong></span> <span class='ocrx_word' id='word_1_347' title='bbox 2725 3483 3138 3544; x_wconf 83' lang='lat' dir='ltr'><strong>nutriebamus</strong></span> <span class='ocrx_word' id='word_1_348' title='bbox 3183 3502 3292 3545; x_wconf 89' lang='lat' dir='ltr'><strong>nu-</strong></span> 
     </span>
     <span class='ocr_line' id='line_1_33' title="bbox 606 3574 3294 3665; baseline -0 -18"><span class='ocrx_word' id='word_1_349' title='bbox 606 3574 625 3581; x_wconf 46' lang='lat'><strong>·</strong></span> <span class='ocrx_word' id='word_1_350' title='bbox 691 3587 957 3648; x_wconf 87' lang='lat' dir='ltr'><strong>triebatis</strong></span> <span class='ocrx_word' id='word_1_351' title='bbox 1012 3587 1378 3649; x_wconf 84' lang='lat' dir='ltr'><strong>nutriebant:</strong></span> <span class='ocrx_word' id='word_1_352' title='bbox 1454 3587 1661 3649; x_wconf 89' lang='lat' dir='ltr'><strong>eodem</strong></span> <span class='ocrx_word' id='word_1_353' title='bbox 1725 3588 1902 3647; x_wconf 88' lang='lat' dir='ltr'><strong>modo</strong></span> <span class='ocrx_word' id='word_1_354' title='bbox 1963 3588 2170 3649; x_wconf 90' lang='lat' dir='ltr'><strong>eodem</strong></span> <span class='ocrx_word' id='word_1_355' title='bbox 2238 3594 2508 3665; x_wconf 89' lang='lat' dir='ltr'><strong>tempore</strong></span> <span class='ocrx_word' id='word_1_356' title='bbox 2571 3587 2771 3665; x_wconf 89' lang='lat' dir='ltr'><strong>specie</strong></span> <span class='ocrx_word' id='word_1_357' title='bbox 2836 3586 3102 3664; x_wconf 83' lang='lat' dir='ltr'><strong>perfecta</strong></span> <span class='ocrx_word' id='word_1_358' title='bbox 3169 3587 3294 3646; x_wconf 74' lang='lat' dir='ltr'><strong>sive</strong></span> 
     </span>
     <span class='ocr_line' id='line_1_34' title="bbox 691 3686 3294 3767; baseline -0.001 -18"><span class='ocrx_word' id='word_1_359' title='bbox 691 3688 963 3751; x_wconf 85' lang='lat' dir='ltr'><strong>absoluta</strong></span> <span class='ocrx_word' id='word_1_360' title='bbox 1004 3691 1239 3751; x_wconf 88' lang='lat' dir='ltr'><strong>numeri</strong></span> <span class='ocrx_word' id='word_1_361' title='bbox 1278 3687 1593 3767; x_wconf 82' lang='lat' dir='ltr'><strong>singularis</strong></span> <span class='ocrx_word' id='word_1_362' title='bbox 1634 3692 1817 3750; x_wconf 88' lang='lat' dir='ltr'><strong>nutrii</strong></span> <span class='ocrx_word' id='word_1_363' title='bbox 1860 3690 2097 3749; x_wconf 89' lang='lat' dir='ltr'><strong>nutristi</strong></span> <span class='ocrx_word' id='word_1_364' title='bbox 2141 3689 2375 3756; x_wconf 88' lang='lat' dir='ltr'><strong>nutriit,</strong></span> <span class='ocrx_word' id='word_1_365' title='bbox 2423 3689 2658 3749; x_wconf 88' lang='lat' dir='ltr'><strong>numeri</strong></span> <span class='ocrx_word' id='word_1_366' title='bbox 2701 3686 2950 3766; x_wconf 88' lang='lat' dir='ltr'><strong>pluralis</strong></span> <span class='ocrx_word' id='word_1_367' title='bbox 2991 3688 3294 3748; x_wconf 87' lang='lat' dir='ltr'><strong>nutrimus</strong></span> 
     </span>
     <span class='ocr_line' id='line_1_35' title="bbox 692 3778 3292 3869; baseline -0 -19"><span class='ocrx_word' id='word_1_368' title='bbox 692 3792 959 3853; x_wconf 88' lang='lat' dir='ltr'><strong>nutristis</strong></span> <span class='ocrx_word' id='word_1_369' title='bbox 994 3793 1331 3854; x_wconf 86' lang='lat' dir='ltr'><strong>nutrierunt</strong></span> <span class='ocrx_word' id='word_1_370' title='bbox 1372 3778 1463 3852; x_wconf 80' lang='lat' dir='ltr'><strong>vel</strong></span> <span class='ocrx_word' id='word_1_371' title='bbox 1504 3792 1797 3853; x_wconf 88' lang='lat' dir='ltr'><strong>nutriere:</strong></span> <span class='ocrx_word' id='word_1_372' title='bbox 1845 3790 2054 3851; x_wconf 89' lang='lat' dir='ltr'><strong>eodem</strong></span> <span class='ocrx_word' id='word_1_373' title='bbox 2099 3791 2277 3851; x_wconf 89' lang='lat' dir='ltr'><strong>modo</strong></span> <span class='ocrx_word' id='word_1_374' title='bbox 2323 3790 2532 3851; x_wconf 88' lang='lat' dir='ltr'><strong>eodem</strong></span> <span class='ocrx_word' id='word_1_375' title='bbox 2574 3797 2843 3867; x_wconf 87' lang='lat' dir='ltr'><strong>tempore</strong></span> <span class='ocrx_word' id='word_1_376' title='bbox 2890 3792 3092 3869; x_wconf 83' lang='lat' dir='ltr'><strong>specie</strong></span> <span class='ocrx_word' id='word_1_377' title='bbox 3129 3788 3292 3869; x_wconf 89' lang='lat' dir='ltr'><strong>plus-</strong></span> 
     </span>
     <span class='ocr_line' id='line_1_36' title="bbox 696 3890 3292 3973; baseline -0.001 -19"><span class='ocrx_word' id='word_1_378' title='bbox 696 3894 1141 3973; x_wconf 78' lang='lat' dir='ltr'><strong>quamperfecta</strong></span> <span class='ocrx_word' id='word_1_379' title='bbox 1185 3896 1305 3955; x_wconf 86' lang='lat' dir='ltr'><strong>sive</strong></span> <span class='ocrx_word' id='word_1_380' title='bbox 1346 3894 1708 3955; x_wconf 82' lang='lat' dir='ltr'><strong>recordativa</strong></span> <span class='ocrx_word' id='word_1_381' title='bbox 1755 3893 1846 3954; x_wconf 90' lang='lat' dir='ltr'><strong>vel</strong></span> <span class='ocrx_word' id='word_1_382' title='bbox 1891 3900 2092 3955; x_wconf 84' lang='lat' dir='ltr'><strong>exacta</strong></span> <span class='ocrx_word' id='word_1_383' title='bbox 2151 3894 2384 3953; x_wconf 88' lang='lat' dir='ltr'><strong>numeri</strong></span> <span class='ocrx_word' id='word_1_384' title='bbox 2431 3890 2748 3970; x_wconf 85' lang='lat' dir='ltr'><strong>singularis</strong></span> <span class='ocrx_word' id='word_1_385' title='bbox 2793 3894 3120 3953; x_wconf 83' lang='lat' dir='ltr'><strong>nutrieram</strong></span> <span class='ocrx_word' id='word_1_386' title='bbox 3179 3909 3292 3951; x_wconf 90' lang='lat' dir='ltr'><strong>nu-</strong></span> 
     </span>
     <span class='ocr_line' id='line_1_37' title="bbox 616 3994 3292 4074; baseline -0.001 -19"><span class='ocrx_word' id='word_1_387' title='bbox 616 4012 667 4055; x_wconf 74' lang='lat'><strong>³5</strong></span> <span class='ocrx_word' id='word_1_388' title='bbox 694 3997 909 4057; x_wconf 71' lang='lat' dir='ltr'><strong>trieres</strong></span> <span class='ocrx_word' id='word_1_389' title='bbox 946 3998 1255 4066; x_wconf 88' lang='lat' dir='ltr'><strong>nutrierat,</strong></span> <span class='ocrx_word' id='word_1_390' title='bbox 1298 3998 1532 4057; x_wconf 89' lang='lat' dir='ltr'><strong>numeri</strong></span> <span class='ocrx_word' id='word_1_391' title='bbox 1570 3994 1814 4074; x_wconf 89' lang='lat' dir='ltr'><strong>pluralis</strong></span> <span class='ocrx_word' id='word_1_392' title='bbox 1855 3996 2252 4056; x_wconf 77' lang='lat' dir='ltr'><strong>nutrieramus</strong></span> <span class='ocrx_word' id='word_1_393' title='bbox 2289 3995 2632 4055; x_wconf 88' lang='lat' dir='ltr'><strong>nutrieratis</strong></span> <span class='ocrx_word' id='word_1_394' title='bbox 2663 3994 3028 4055; x_wconf 85' lang='lat' dir='ltr'><strong>nutrierant:</strong></span> <span class='ocrx_word' id='word_1_395' title='bbox 3075 3994 3292 4055; x_wconf 85' lang='lat' dir='ltr'><strong>eodem</strong></span> 
     </span>
     <span class='ocr_line' id='line_1_38' title="bbox 690 4094 3294 4178; baseline -0.002 -20"><span class='ocrx_word' id='word_1_396' title='bbox 690 4098 869 4159; x_wconf 88' lang='lat' dir='ltr'><strong>modo</strong></span> <span class='ocrx_word' id='word_1_397' title='bbox 914 4106 1183 4178; x_wconf 88' lang='lat' dir='ltr'><strong>tempore</strong></span> <span class='ocrx_word' id='word_1_398' title='bbox 1239 4098 1440 4160; x_wconf 81' lang='lat' dir='ltr'><strong>futuro</strong></span> <span class='ocrx_word' id='word_1_399' title='bbox 1498 4100 1617 4159; x_wconf 87' lang='lat' dir='ltr'><strong>sive</strong></span> <span class='ocrx_word' id='word_1_400' title='bbox 1660 4097 2008 4176; x_wconf 85' lang='lat' dir='ltr'><strong>promissivo</strong></span> <span class='ocrx_word' id='word_1_401' title='bbox 2053 4096 2230 4157; x_wconf 85' lang='lat' dir='ltr'><strong>modo</strong></span> <span class='ocrx_word' id='word_1_402' title='bbox 2285 4097 2519 4158; x_wconf 88' lang='lat' dir='ltr'><strong>numeri</strong></span> <span class='ocrx_word' id='word_1_403' title='bbox 2553 4094 2868 4173; x_wconf 84' lang='lat' dir='ltr'><strong>singularis</strong></span> <span class='ocrx_word' id='word_1_404' title='bbox 2923 4096 3188 4155; x_wconf 87' lang='lat' dir='ltr'><strong>nutriam</strong></span> <span class='ocrx_word' id='word_1_405' title='bbox 3235 4104 3294 4156; x_wconf 89' lang='lat' dir='ltr'><strong>et</strong></span> 
     </span>
     <span class='ocr_line' id='line_1_39' title="bbox 690 4196 3294 4277; baseline -0.002 -17"><span class='ocrx_word' id='word_1_406' title='bbox 690 4200 950 4269; x_wconf 88' lang='lat' dir='ltr'><strong>nutribo,</strong></span> <span class='ocrx_word' id='word_1_407' title='bbox 992 4203 1219 4263; x_wconf 89' lang='lat' dir='ltr'><strong>nutries</strong></span> <span class='ocrx_word' id='word_1_408' title='bbox 1264 4208 1323 4262; x_wconf 86' lang='lat' dir='ltr'><strong>et</strong></span> <span class='ocrx_word' id='word_1_409' title='bbox 1363 4199 1648 4269; x_wconf 87' lang='lat' dir='ltr'><strong>nutribis,</strong></span> <span class='ocrx_word' id='word_1_410' title='bbox 1698 4201 1918 4259; x_wconf 88' lang='lat' dir='ltr'><strong>nutriet</strong></span> <span class='ocrx_word' id='word_1_411' title='bbox 1961 4206 2019 4259; x_wconf 87' lang='lat' dir='ltr'><strong>et</strong></span> <span class='ocrx_word' id='word_1_412' title='bbox 2063 4197 2336 4266; x_wconf 88' lang='lat' dir='ltr'><strong>nutribit;</strong></span> <span class='ocrx_word' id='word_1_413' title='bbox 2387 4199 2620 4259; x_wconf 89' lang='lat' dir='ltr'><strong>numeri</strong></span> <span class='ocrx_word' id='word_1_414' title='bbox 2665 4196 2912 4277; x_wconf 88' lang='lat' dir='ltr'><strong>pluralis</strong></span> <span class='ocrx_word' id='word_1_415' title='bbox 2953 4198 3294 4258; x_wconf 85' lang='lat' dir='ltr'><strong>nutriemus</strong></span> 
     </span>
     <span class='ocr_line' id='line_1_40' title="bbox 692 4298 3292 4378; baseline -0.002 -14"><span class='ocrx_word' id='word_1_416' title='bbox 692 4310 753 4364; x_wconf 92' lang='lat' dir='ltr'><strong>et</strong></span> <span class='ocrx_word' id='word_1_417' title='bbox 791 4302 1163 4371; x_wconf 88' lang='lat' dir='ltr'><strong>nutrihimus,</strong></span> <span class='ocrx_word' id='word_1_418' title='bbox 1212 4304 1485 4364; x_wconf 88' lang='lat' dir='ltr'><strong>nutrietis</strong></span> <span class='ocrx_word' id='word_1_419' title='bbox 1530 4310 1589 4362; x_wconf 89' lang='lat' dir='ltr'><strong>et</strong></span> <span class='ocrx_word' id='word_1_420' title='bbox 1634 4300 1949 4371; x_wconf 81' lang='lat' dir='ltr'><strong>nutribitiS,</strong></span> <span class='ocrx_word' id='word_1_421' title='bbox 1998 4303 2264 4362; x_wconf 88' lang='lat' dir='ltr'><strong>nutrient</strong></span> <span class='ocrx_word' id='word_1_422' title='bbox 2307 4307 2364 4361; x_wconf 89' lang='lat' dir='ltr'><strong>et</strong></span> <span class='ocrx_word' id='word_1_423' title='bbox 2395 4299 2724 4361; x_wconf 86' lang='lat' dir='ltr'><strong>nutribunt.</strong></span> <span class='ocrx_word' id='word_1_424' title='bbox 2815 4298 2994 4360; x_wconf 88' lang='lat' dir='ltr'><strong>modo</strong></span> <span class='ocrx_word' id='word_1_425' title='bbox 3031 4299 3292 4378; x_wconf 88' lang='lat' dir='ltr'><strong>impera-</strong></span> 
     </span>
     <span class='ocr_line' id='line_1_41' title="bbox 692 4402 3292 4485; baseline -0.001 -22"><span class='ocrx_word' id='word_1_426' title='bbox 692 4406 807 4465; x_wconf 86' lang='lat' dir='ltr'><strong>tivo</strong></span> <span class='ocrx_word' id='word_1_427' title='bbox 850 4412 1121 4484; x_wconf 90' lang='lat' dir='ltr'><strong>tempore</strong></span> <span class='ocrx_word' id='word_1_428' title='bbox 1160 4406 1456 4485; x_wconf 87' lang='lat' dir='ltr'><strong>praesenti</strong></span> <span class='ocrx_word' id='word_1_429' title='bbox 1500 4404 1620 4465; x_wconf 86' lang='lat' dir='ltr'><strong>sive</strong></span> <span class='ocrx_word' id='word_1_430' title='bbox 1660 4404 1901 4464; x_wconf 87' lang='lat' dir='ltr'><strong>instanti</strong></span> <span class='ocrx_word' id='word_1_431' title='bbox 1943 4402 2015 4463; x_wconf 88' lang='lat' dir='ltr'><strong>ad</strong></span> <span class='ocrx_word' id='word_1_432' title='bbox 2059 4404 2378 4465; x_wconf 88' lang='lat' dir='ltr'><strong>secundam</strong></span> <span class='ocrx_word' id='word_1_433' title='bbox 2416 4410 2476 4462; x_wconf 90' lang='lat' dir='ltr'><strong>et</strong></span> <span class='ocrx_word' id='word_1_434' title='bbox 2519 4404 2752 4463; x_wconf 83' lang='lat' dir='ltr'><strong>tertiam</strong></span> <span class='ocrx_word' id='word_1_435' title='bbox 2795 4418 3118 4481; x_wconf 86' lang='lat' dir='ltr'><strong>personam</strong></span> <span class='ocrx_word' id='word_1_436' title='bbox 3165 4409 3292 4462; x_wconf 89' lang='lat' dir='ltr'><strong>tan·</strong></span> 
     </span>
     <span class='ocr_line' id='line_1_42' title="bbox 616 4504 3291 4586; baseline -0.001 -21"><span class='ocrx_word' id='word_1_437' title='bbox 616 4518 669 4559; x_wconf 76' lang='lat'><strong>⁴⁰</strong></span> <span class='ocrx_word' id='word_1_438' title='bbox 692 4514 819 4567; x_wconf 86' lang='lat' dir='ltr'><strong>tum</strong></span> <span class='ocrx_word' id='word_1_439' title='bbox 880 4510 1118 4569; x_wconf 87' lang='lat' dir='ltr'><strong>numeri</strong></span> <span class='ocrx_word' id='word_1_440' title='bbox 1174 4506 1487 4586; x_wconf 81' lang='lat' dir='ltr'><strong>singularis</strong></span> <span class='ocrx_word' id='word_1_441' title='bbox 1546 4508 1706 4567; x_wconf 88' lang='lat' dir='ltr'><strong>nutri</strong></span> <span class='ocrx_word' id='word_1_442' title='bbox 1773 4507 2025 4576; x_wconf 87' lang='lat' dir='ltr'><strong>nutriat,</strong></span> <span class='ocrx_word' id='word_1_443' title='bbox 2097 4506 2330 4566; x_wconf 87' lang='lat' dir='ltr'><strong>numeri</strong></span> <span class='ocrx_word' id='word_1_444' title='bbox 2395 4504 2640 4583; x_wconf 86' lang='lat' dir='ltr'><strong>pluralis</strong></span> <span class='ocrx_word' id='word_1_445' title='bbox 2703 4506 2928 4565; x_wconf 89' lang='lat' dir='ltr'><strong>nutrite</strong></span> <span class='ocrx_word' id='word_1_446' title='bbox 2991 4504 3291 4565; x_wconf 84' lang='lat' dir='ltr'><strong>nutriant:</strong></span> 
     </span>
    </p>
   </div>
   <div class='ocr_carea' id='block_1_4' title="bbox 696 4682 3292 4877">
    <p class='ocr_par' dir='ltr' id='par_1_4' title="bbox 696 4682 3292 4877">
     <span class='ocr_line' id='line_1_43' title="bbox 833 4682 3288 4753; baseline -0.002 -18"><span class='ocrx_word' id='word_1_447' title='bbox 833 4686 901 4736; x_wconf 84' lang='lat'><strong>25</strong></span> <span class='ocrx_word' id='word_1_448' title='bbox 930 4685 1127 4753; x_wconf 81' lang='lat' dir='ltr'><strong>figurae</strong></span> <span class='ocrx_word' id='word_1_449' title='bbox 1158 4684 1411 4750; x_wconf 88' lang='lat' dir='ltr'><strong>simplicis</strong></span> <span class='ocrx_word' id='word_1_450' title='bbox 1448 4686 1613 4735; x_wconf 82' lang='lat' dir='ltr'><strong>editor</strong></span> <span class='ocrx_word' id='word_1_451' title='bbox 1652 4685 2058 4736; x_wconf 73' lang='lat' dir='ltr'><strong>Vindobonensis</strong></span> <span class='ocrx_word' id='word_1_452' title='bbox 2223 4684 2291 4734; x_wconf 82' lang='lat'><strong>32</strong></span> <span class='ocrx_word' id='word_1_453' title='bbox 2321 4684 2482 4733; x_wconf 73' lang='lat' dir='ltr'><strong>unu-‘ui</strong></span> <span class='ocrx_word' id='word_1_454' title='bbox 2521 4684 2722 4734; x_wconf 84' lang='lat' dir='ltr'><strong>nutristi</strong></span> <span class='ocrx_word' id='word_1_455' title='bbox 2759 4684 2936 4733; x_wconf 87' lang='lat' dir='ltr'><strong>nutriit</strong></span> <span class='ocrx_word' id='word_1_456' title='bbox 2975 4698 3114 4734; x_wconf 88' lang='lat' dir='ltr'><strong>num.</strong></span> <span class='ocrx_word' id='word_1_457' title='bbox 3153 4682 3288 4748; x_wconf 84' lang='lat' dir='ltr'><strong>plur.</strong></span> 
     </span>
     <span class='ocr_line' id='line_1_44' title="bbox 696 4754 3292 4875; baseline -0.001 -71"><span class='ocrx_word' id='word_1_458' title='bbox 696 4756 946 4875; x_wconf 47' lang='lat' dir='ltr'><strong>{iutrimque</strong></span> <span class='ocrx_word' id='word_1_459' title='bbox 984 4758 1213 4806; x_wconf 81' lang='lat' dir='ltr'><strong>nutristis</strong></span> <span class='ocrx_word' id='word_1_460' title='bbox 1261 4756 1535 4819; x_wconf 80' lang='lat' dir='ltr'><strong>(nutriistis</strong></span> <span class='ocrx_word' id='word_1_461' title='bbox 1570 4756 1625 4820; x_wconf 86' lang='lat' dir='ltr'><strong>r)</strong></span> <span class='ocrx_word' id='word_1_462' title='bbox 1660 4756 1707 4805; x_wconf 82' lang='lat' dir='ltr'><em>R</em></span> <span class='ocrx_word' id='word_1_463' title='bbox 1769 4757 1924 4805; x_wconf 88' lang='lat' dir='ltr'><strong>nutrii</strong></span> <span class='ocrx_word' id='word_1_464' title='bbox 1961 4754 2182 4805; x_wconf 86' lang='lat' dir='ltr'><strong>nutriisti</strong></span> <span class='ocrx_word' id='word_1_465' title='bbox 2221 4755 2394 4803; x_wconf 85' lang='lat' dir='ltr'><strong>nutriit</strong></span> <span class='ocrx_word' id='word_1_466' title='bbox 2446 4769 2585 4805; x_wconf 86' lang='lat' dir='ltr'><strong>num.</strong></span> <span class='ocrx_word' id='word_1_467' title='bbox 2625 4754 2759 4820; x_wconf 88' lang='lat' dir='ltr'><strong>plur.</strong></span> <span class='ocrx_word' id='word_1_468' title='bbox 2816 4754 3095 4804; x_wconf 75' lang='lat' dir='ltr'><strong>nou-timus</strong></span> <span class='ocrx_word' id='word_1_469' title='bbox 3131 4754 3292 4802; x_wconf 85' lang='lat' dir='ltr'><strong>nutri-</strong></span> 
     </span>
     <span class='ocr_line' id='line_1_45' title="bbox 696 4834 810 4877; baseline 0.009 -1"><span class='ocrx_word' id='word_1_470' title='bbox 696 4834 810 4877; x_wconf 75' lang='lat' dir='ltr'><strong>istis</strong></span> 
     </span>
    </p>
   </div>
  </div>
 </body>
</html>
