3434 5442
1286 332 1706 395 PRAEFATm
1874 309 1887 330 ⁴
2548 343 2779 391 xxxm

381 515 596 581 Codex
648 516 983 582 Parisinus
1028 516 1607 601 Sangermanensis
1656 523 1819 585 1180
1880 519 1947 579 ‘e
1992 516 2175 581 libris
2221 520 2289 583 S.
2336 518 2514 582 Petri
2558 514 2778 579 Corbi-

229 620 478 683 niensis'
521 620 588 683 in
629 619 1022 684 membranis
1066 617 1276 683 forma
1319 618 1602 702 oblonga
1643 640 1811 683 nono
1859 619 2116 684 saeculo
2163 622 2461 705 scriptus,
2506 621 2573 683 in
2608 619 2780 703 prin—

226 721 378 807 cipio
417 721 744 785 mutilatus
788 720 836 784 f.
886 731 919 790 1
967 726 1086 785 DE
1123 723 1638 785 PRONOMINE.
1691 725 1849 795 Quia
1888 734 1975 786 est
2008 742 2343 803 pronomen
2391 722 2563 806 (357,
2614 720 2681 806 1)
2708 758 2777 766 —

227 822 266 885 f.
307 832 341 890 5
381 829 594 887 similia
635 826 961 887 INCIPIT
984 826 1277 887 EDITIO
1303 826 1680 897 SECUNDA
1712 828 1827 887 DE
1852 826 2269 889 PARTIBUS
2312 824 2778 887 ORATIONIS.

225 928 422 988 Partes
485 932 774 989 orationis
835 936 975 989 sunt
1039 936 1172 990 octo
1230 960 1307 971 -
1354 924 1403 989 f.
1462 933 1541 995 12
1607 931 1951 990 inconditas
2014 932 2369 991 inuenimus.
2448 928 2784 1004 emplicitmt

217 1028 466 1101 feliciter
509 1028 681 1111 (392,
728 1027 818 1113 3).
906 1030 1159 1093 Seruius
1199 1032 1474 1106 aquilino
1515 1033 1767 1091 salutem
1804 1066 1873 1074 —
1906 1027 1956 1093 f.
2005 1036 2083 1099 13
2126 1035 2221 1092 vel
2260 1033 2585 1109 dyptonqis
2627 1046 2785 1105 quae

219 1149 318 1207 per
354 1150 415 1191 se
453 1135 795 1193 ammodum
829 1139 1046 1210 patent
1089 1136 1388 1210 «explicit.-
1409 1128 1751 1215 (excerpta
1793 1129 2005 1195 Servii
2050 1130 2130 1194 de
2174 1128 2479 1194 finalibus
2520 1152 2585 1216 Ρ.
2622 1135 2784 1199 1799

229 1230 500 1315 -1810).
546 1238 762 1313 incipit
803 1237 880 1295 de
923 1242 1057 1297 octo
1090 1237 1378 1312 partibus
1422 1238 1735 1296 orationis.
1785 1238 1863 1296 de
1918 1240 2171 1297 nominc.
2232 1237 2448 1296 Partes
2493 1236 2787 1295 orationis

213 1338 424 1411 primus
476 1340 814 1399 aristoteles
862 1372 932 1381 —
981 1332 1030 1397 f.
1082 1342 1161 1402 16
1221 1354 1334 1397 nec
1387 1340 1452 1397 in
1505 1341 1696 1398 aliam
1747 1340 2023 1414 linquam
2068 1338 2268 1411 facile
2326 1336 2786 1410 transferuntur

219 1440 364 1513 expl.
401 1437 674 1511 feliciter
720 1434 1040 1521 (Isidorus
1087 1434 1169 1499 de
1210 1434 1523 1521 nomine).
1569 1442 1632 1500 in
1665 1440 1893 1501 Christi
1932 1443 2175 1501 nomine
2204 1442 2421 1515 incipit
2464 1456 2571 1499 ars
2612 1442 2790 1515 aspri

223 1589 338 1648 Quid
361 1592 575 1654 primum
609 1592 662 1641 in
695 1590 990 1642 hebreorum
1021 1592 1207 1642 litteris
1241 1597 1317 1641 est
1347 1592 1704 1657 requirendum
1744 1620 1800 1628 —
1840 1609 1895 1659 p.
1922 1594 2018 1643 122
2054 1607 2183 1658 quae
2218 1598 2422 1642 ceterae
2457 1594 2659 1643 uocales
2684 1608 2784 1641 non

223 1674 414 1725 tmbenc:
451 1692 517 1725 ex
553 1676 764 1728 Isidoro
800 1675 868 1726 de
903 1676 1127 1727 litteris,
1161 1672 1186 1743 l}
1219 1692 1272 1741 p.
1303 1676 1400 1725 122
1435 1677 1514 1725 De
1548 1677 1813 1741 speciebus
1836 1678 2103 1728 locutionis
2125 1677 2339 1743 Species
2371 1678 2636 1727 locutionis
2662 1682 2783 1741 quot

219 1768 331 1809 sunt.
379 1760 592 1811 XVIII
631 1762 990 1827 protenclzesis
1030 1761 1336 1826 paraebasis
1385 1788 1448 1797 —-
1485 1776 1537 1827 p.
1566 1764 1664 1811 124
1700 1778 1808 1811 cum
1839 1762 1938 1811 sibi
1975 1766 2091 1827 ipsa
2127 1766 2468 1827 praeponitur
2516 1768 2569 1811 ut
2602 1778 2785 1812 seruus

219 1847 393 1909 uulqus.
440 1852 751 1911 sequnntur
784 1848 842 1896 in
875 1843 1088 1897 ultimis
1126 1847 1510 1911 quaternionis
1543 1846 1875 1897 membranis
1899 1849 2059 1899 varia
2085 1847 2358 1911 quaedam
2394 1846 2613 1897 diverso
2652 1851 2785 1897 tem-

219 1945 332 1993 pore
367 1930 593 1995 scripta.
617 1926 644 1997 ss
667 1948 720 1997 p.
758 1933 854 1981 129
893 1930 1086 1982 eadem
1120 1947 1286 1981 manu
1323 1947 1467 1997 quae
1505 1931 1613 1982 fuit
1648 1935 1779 1982 ante
1815 1948 1867 1997 p.
1906 1932 1973 1982 68
2008 1934 2255 1997 incipiunt
2282 1938 2467 1997 partes
2503 1933 2682 1981 donati
2714 1960 2781 1966 —

223 2029 266 2076 p.
295 2016 379 2063 171
405 2018 548 2065 uexit
573 2018 647 2065 ad
667 2015 836 2066 urbeS.
859 2012 885 2082 ΙΙ
907 2032 959 2083 Ρ.
979 2018 1085 2066 ’171
1114 2018 1191 2066 De
1216 2016 1530 2067 barbarismo
1565 2018 1713 2067 iuaeta
1746 2019 2025 2081 pompeium
2050 2016 2411 2067 Barbarismus
2434 2023 2511 2065 est
2536 2023 2584 2065 et
2610 2018 2785 2079 definit

223 2124 277 2132 —
309 2114 356 2163 p.
380 2100 478 2149 216
512 2117 546 2149 a
581 2099 735 2150 rebus
763 2100 976 2165 paribus
1001 2103 1240 2166 eaeplicil:
1275 2102 1572 2168 Pompeius
1606 2117 1656 2166 p.
1683 2102 1954 2152 417-480
1980 2102 2062 2152 ed.
2088 2102 2254 2151 Lind.
2279 2098 2304 2170 ΙΙ
2328 2118 2379 2167 Ρ.
2404 2103 2502 2151 217
2528 2102 2611 2151 De
2640 2104 2783 2165 regi-

219 2181 308 2231 bus
339 2182 591 2249 Albanis,
627 2186 786 2236 Picus
807 2189 1042 2251 regnauit
1065 2212 1128 2221 --
1153 2202 1280 2237 acca
1302 2202 1468 2238 uaeore
1498 2188 1721 2251 fuissent
1744 2188 1937 2237 nutriti.
1963 2180 1987 2251 ΙΙ
2010 2202 2060 2251 p.
2088 2187 2205 2249 218,
2232 2188 2331 2235 219
2366 2186 2577 2236 indices
2614 2186 2784 2236 libro—

219 2280 320 2317 mm
351 2284 494 2321 nono
529 2269 761 2321 saeculo
795 2272 1008 2336 scripti,
1045 2272 1122 2322 M.
1148 2274 1336 2321 annaei
1365 2274 1534 2322 lucani
1565 2272 1683 2321 belli
1712 2272 1875 2322 ciuilis
1909 2271 2028 2321 libri
2058 2272 2275 2337 quinque
2299 2272 2375 2321 cie
2398 2272 2573 2335 incipit
2612 2298 2673 2306 —
2712 2272 2785 2320 in-

220 2354 326 2415 cipit
346 2358 493 2405 messi
513 2357 744 2407 oratoris
769 2357 832 2406 de
856 2357 1216 2408 elocutionibus
1240 2357 1436 2421 olybrio
1461 2366 1512 2407 et
1530 2356 1754 2421 probino
1778 2358 1999 2408 messiae.
2026 2351 2049 2422 ΙΙ
2072 2372 2126 2423 p.
2155 2359 2255 2407 220
2292 2356 2409 2407 alia
2431 2370 2599 2406 manu
2632 2371 2781 2405 saec.

219 2436 361 2487 vnn
393 2439 726 2505 Angelberti
764 2441 1036 2504 carmina,
1076 2442 1312 2492 Carmina
1353 2444 1492 2493 mitto
1528 2450 1684 2507 petro
1720 2443 1858 2491 dulci
1894 2443 2141 2507 doctoque
2179 2448 2420 2505 magistro
2462 2440 2784 2506 angelbertus

219 2537 296 2585 epo
329 2550 394 2558 —
426 2541 478 2590 p.
504 2527 610 2574 222
657 2526 881 2589 depellat
925 2528 1096 2577 tristia
1143 2529 1320 2577 corda.
1353 2522 1378 2593 ΙΙ
1424 2543 1476 2592 Ρ.
1503 2529 1602 2577 223
1638 2529 1816 2591 incipit
1861 2533 2068 2577 metrum
2114 2528 2455 2577 centimetrum
2498 2553 2568 2561 —-
2602 2542 2653 2591 p.
2684 2528 2780 2576 231

220 2606 446 2658 laborem:
484 2608 718 2660 Servius
753 2608 820 2659 de
857 2616 1077 2660 centum
1109 2612 1303 2662 metris
1338 2626 1389 2677 p.
1425 2604 1713 2675 456-464,
1755 2613 1835 2663 11.
1869 2608 1893 2677 ll
1926 2628 1979 2677 p.
2016 2611 2115 2661 231
2152 2613 2329 2676 incipit
2352 2614 2417 2661 de
2439 2612 2613 2661 metris
2652 2612 2789 2659 malli

219 2691 447 2743 theodori.
497 2694 726 2743 Metrum
749 2696 1032 2745 dactilicum
1055 2722 1122 2733 -
1145 2713 1198 2763 p.
1225 2697 1326 2746 234
1344 2697 1618 2758 fraternas
1639 2698 1841 2761 qratias
1864 2698 2009 2745 malis
2035 2696 2277 2761 empticit:
2314 2700 2580 2761 excerpta
2602 2694 2787 2745 Malui

220 2774 468 2827 Theodori
501 2796 557 2845 p.
587 2782 652 2831 19
688 2792 807 2844 sqq.
845 2780 929 2831 ed.
965 2780 1142 2833 Heus.
1164 2776 1188 2847 ΙΙ
1212 2796 1264 2845 p.
1289 2782 1391 2831 235
1427 2782 1492 2831 de
1515 2780 1672 2831 heroo
1697 2786 1749 2832 et
1774 2784 2053 2831 trimetro·
2102 2782 2197 2832 hoc
2220 2782 2451 2831 creditur
2474 2780 2538 2831 ab
2564 2783 2786 2845 apolline

220 2861 442 2913 inventum
474 2867 560 2915 uel
597 2864 659 2915 ab
695 2866 802 2915 eius
835 2866 1106 2917 sacerdote
1137 2866 1386 2931 phemone
1429 2892 1498 2902 —
1531 2882 1582 2931 p.
1622 2868 1723 2917 239
1757 2868 1973 2933 uinaque
2006 2866 2253 2932 sulphura
2288 2867 2521 2931 explicit.
2591 2866 2787 2931 Incipit

221 2948 274 2997 de
303 2949 469 3001 lter-uo.
532 2948 840 3016 Quamquam
876 2952 941 3001 de
973 2952 1184 3015 sinpulis
1216 2952 1570 3018 uniuersisque
1612 2958 1882 3002 metrorum
1920 2950 2191 3017 penei-ibus
2224 2951 2574 3021 superioribus
2608 2951 2789 3001 libellis

220 3058 276 3067 -
305 3034 364 3097 p.'
379 3037 478 3085 243
514 3036 620 3085 erit
651 3036 861 3085 uitiosus
895 3043 946 3085 et
982 3037 1298 3100 turpissimus
1332 3038 1561 3102 explicit.
1587 3033 1611 3104 ΙΙ
1634 3052 1686 3101 p.
1712 3039 1812 3087 243
1838 3035 1969 3097 Quid
2000 3026 2211 3100 primum
2234 3037 2313 3085 leis
2348 3038 2435 3101 qui
2466 3044 2626 3085 artem
2662 3038 2786 3084 alio—

221 3134 312 3165 rum
344 3120 542 3170 discere
577 3122 754 3169 uolunt
785 3122 1200 3187 interrogandum
1234 3128 1310 3171 est
1344 3149 1411 3155 —
1446 3137 1497 3187 p.
1523 3122 1624 3173 276
1668 3120 1736 3171 de
1788 3121 2198 3185 pentasyllabis
2244 3120 2477 3186 pedibus
2516 3128 2789 3184 temporum

221 3210 340 3253 octo.
385 3203 514 3265 Quot
549 3210 671 3255 sunt
705 3206 912 3255 diuersa
945 3206 998 3254 in
1032 3205 1227 3256 homine
1263 3205 1422 3259 IIII.
1456 3222 1563 3257 uox
1596 3210 1763 3256 uultus
1796 3208 1959 3256 uirtus
1995 3212 2047 3255 et
2078 3208 2329 3255 uoluntas,
2389 3222 2497 3257 uox
2531 3207 2650 3270 quia
2685 3207 2789 3255 dis-

219 3289 376 3339 sinitis
409 3297 484 3340 est
518 3290 576 3339 in
612 3288 838 3341 numnis
871 3290 1077 3341 uocibus
1111 3293 1276 3341 uultus
1311 3294 1430 3357 quia
1463 3308 1564 3343 non
1599 3307 1767 3343 omnes
1802 3293 2007 3356 equales
2048 3296 2165 3341 sunt
2206 3292 2283 3341 sic
2326 3297 2378 3340 et
2420 3291 2582 3340 uirtus
2616 3296 2667 3339 et
2700 3304 2789 3339 uo-

223 3372 368 3423 luntas
397 3389 452 3438 p.
489 3374 594 3425 277
629 3388 1051 3426 taurensi-rma
1088 3390 1236 3426 nara.
1273 3392 1518 3429 cnrmon
1555 3391 1775 3427 manmit:
1822 3375 2248 3427 commentarius
2293 3374 2361 3425 de
2398 3378 2519 3425 arte
2556 3375 2788 3425 metrica

227 3457 286 3507 ab
320 3460 663 3525 expositione
701 3458 880 3511 Servii
916 3459 982 3511 de
1022 3466 1242 3512 centum
1277 3462 1470 3512 metris
1506 3462 1797 3529 incipiens,
1839 3462 1933 3525 qui
1956 3462 2266 3513 recentiore
2289 3474 2455 3511 manu
2480 3474 2631 3511 saec.
2657 3459 2787 3509 XIV

224 3542 299 3591 vel
321 3542 416 3593 XV
443 3552 766 3596 commentum
799 3562 957 3611 super
991 3551 1282 3598 centimetro
1317 3550 1477 3597 seruii
1511 3548 1582 3597 ad
1614 3547 1831 3597 albinum
1865 3549 2045 3613 incipit
2080 3546 2382 3612 inscriptus
2419 3549 2522 3596 est.
2546 3542 2571 3612 ss
2598 3545 2788 3595 Colum-

227 3625 362 3679 bauus
387 3632 568 3691 fidolio
600 3630 769 3694 fratri
799 3646 890 3681 cuo
926 3632 1124 3697 Accipe
1161 3648 1349 3698 quaeso
1397 3648 1526 3683 nunc
1560 3613 1774 3682 bibidali
1806 3633 2011 3683 condita
2045 3647 2211 3681 uersu.
2248 3658 2317 3666 —
2351 3647 2404 3698 p.
2442 3632 2542 3682 279
2579 3638 2791 3696 quartus

227 3718 270 3759 ul
307 3729 366 3764 ne
407 3718 612 3781 quintus
655 3722 710 3765 ut
753 3731 881 3767 non:
940 3721 1067 3783 post
1109 3716 1438 3769 columbani
1482 3732 1676 3769 versus
1722 3732 1906 3783 pauca
1949 3714 2015 3766 de
2054 3718 2383 3767 accentibus
2420 3720 2477 3765 et
2512 3714 2579 3766 de
2615 3714 2789 3765 modis

229 3797 544 3859 syllabarum
580 3798 969 3865 producturum
1005 3802 1214 3867 scripta
1249 3806 1390 3853 sunt.
1419 3799 1444 3868 ΙΙ
1476 3819 1530 3868 p.
1550 3804 1651 3853 280
1683 3804 1865 3868 incipit
1898 3802 2156 3867 expositio
2178 3803 2412 3867 mapistri
2441 3802 2602 3851 seruii
2632 3816 2791 3865 super

229 3889 384 3943 partes
425 3890 648 3936 nzinores
685 3884 863 3937 Oratio
908 3888 1094 3937 dicitur
1129 3890 1343 3939 elocutio
1376 3912 1444 3923 -—
1479 3902 1531 3953 Ρ.
1569 3889 1668 3937 326
1703 3888 1989 3937 interiectio
2024 3887 2243 3936 dicenda
2286 3892 2396 3935 est.-
2442 3885 2792 3951 explanatio-

231 3979 314 4017 nes
343 3970 396 4019 in
421 3970 701 4021 Donatum
735 3972 852 4033 487,
879 3972 1162 4036 22-518,
1187 3974 1270 4023 29.
1296 3968 1320 4039 ΙΙ
1343 3989 1395 4038 Ρ.
1423 3974 1522 4023 327
1547 3972 1737 4022 Partes
1773 3973 2023 4023 orationis
2056 3978 2172 4021 sunt
2196 3978 2309 4022 octo
2346 3997 2413 4006 —
2448 3986 2499 4035 p.
2525 3972 2624 4020 336
2647 3972 2793 4021 uides

233 4066 336 4115 eruo
363 4055 645 4119 yenetiuum
677 4057 833 4107 solum
866 4071 1008 4106 esse:
1054 4061 1319 4122 excerpts.
1353 4057 1602 4122 Pompeii
1645 4056 1712 4107 de
1750 4057 1967 4107 nomine
2005 4059 2061 4106 et
2094 4057 2431 4122 pronomine.
2455 4050 2481 4123 Η
2504 4072 2555 4121 p.
2591 4055 2691 4107 336
2727 4056 2791 4105 de

233 4140 414 4191 musica.
460 4140 666 4191 Musica
699 4147 776 4190 est
804 4142 1001 4205 peritia
1035 4168 1099 4177 -—
1135 4158 1187 4207 p.
1211 4143 1313 4193 343
1345 4143 1668 4192 suauissimus
1704 4149 1881 4193 cantus
1916 4142 2160 4206 explicit:
2194 4138 2439 4192 Isidorus
2465 4140 2533 4191 de
2558 4144 2789 4193 musica.

241 4214 262 4280 h
291 4237 337 4285 p.
369 4226 466 4277 343
499 4226 582 4275 De
617 4240 758 4278 uoce.
791 4226 914 4277 Voae
949 4228 1074 4293 quid
1107 4234 1200 4279 est.
1238 4228 1301 4277 R.
1337 4244 1433 4277 aer
1455 4230 1584 4278 ictus
1621 4254 1682 4263 —-
1721 4243 1776 4293 p.
1813 4228 1909 4278 347
1946 4228 2044 4277 sed
2076 4228 2363 4292 ubicumque
2400 4228 2690 4291 adspiratio
2714 4232 2794 4275 est

239 4309 402 4359 uocatis
433 4312 644 4375 explicit
683 4312 746 4361 de
781 4314 972 4362 littera.
1007 4307 1030 4378 ΙΙ
1063 4328 1114 4377 p.
1151 4312 1251 4363 347
1285 4312 1490 4363 uerbum
1527 4314 1721 4376 finitum
1769 4313 1984 4361 actiuum
2016 4318 2146 4363 meto
2180 4338 2250 4347 -
2283 4327 2334 4378 p.
2372 4312 2473 4362 348
2506 4311 2792 4361 metendus:

242 4386 507 4444 declinatio
543 4395 701 4445 verbi
736 4400 898 4448 meto.
931 4392 956 4463 ΙΙ
989 4413 1042 4462 p.
1067 4398 1168 4449 348
1205 4398 1396 4448 Nomen
1431 4398 1576 4447 unius
1610 4396 1821 4447 hominis
1856 4404 1933 4446 est
1966 4398 2245 4462 appellatio
2282 4400 2543 4446 multorum
2574 4394 2793 4447 uocabu-

245 4474 320 4523 lm
355 4494 516 4529 rerum
558 4486 652 4533 est.
711 4496 888 4531 nomen
934 4483 1080 4531 unius
1125 4481 1338 4531 hominis
1385 4484 1532 4547 quasi
1575 4482 1835 4532 diceretur
1886 4482 2131 4547 quomodo
2186 4482 2469 4531 nominatur
2520 4483 2617 4531 iste
2651 4482 2793 4531 lzomo

247 4564 489 4624 appellatio
521 4568 782 4615 multorum
818 4567 966 4631 quasi
999 4568 1259 4617 diceretur
1293 4568 1539 4632 quomodo
1575 4568 1895 4616 nominantur
1929 4567 2018 4617 isti
2050 4566 2272 4616 homines
2306 4582 2363 4633 p.
2398 4567 2499 4617 349
2536 4566 2796 4617 Grmnma-

250 4644 353 4695 ficae
397 4652 522 4700 artis
565 4653 764 4701 nomina
803 4666 992 4716 ,qraece
1037 4659 1088 4701 et
1131 4654 1287 4702 latine
1329 4658 1640 4717 praenotata
1674 4651 1841 4702 Poeta
1884 4656 2031 4701 uates
2076 4678 2143 4687 —-
2189 4652 2494 4714 anfibraclzis
2528 4652 2643 4701 ltine
2676 4652 2796 4700 inde

251 4724 412 4783 bmds:
447 4736 520 4789 ef.
555 4736 747 4801 script.
785 4734 883 4788 let.
920 4735 1002 4785 rei
1037 4740 1194 4787 metr.
1233 4736 1314 4787 ed.
1355 4736 1534 4789 Gaisf.
1571 4752 1624 4801 p.
1663 4737 1781 4789 574.
1818 4737 1878 4786 in
1913 4736 2123 4788 ultimis
2158 4737 2493 4789 membranis
2530 4752 2581 4802 p.
2618 4740 2796 4787 350-—

251 4812 330 4865 363
358 4818 622 4881 quaedem
657 4835 801 4884 quae
839 4820 910 4871 ad
945 4836 1032 4873 res
1069 4836 1261 4873 sacras
1297 4822 1580 4887 pertinent
1615 4822 1827 4887 scripta
1862 4826 2009 4872 sunt.

331 4905 612 4953 GRAMMAT.
639 4910 761 4953 LAT.
789 4910 880 4952 1111.
2356 4928 2394 4969 0
