3434 5442
675 337 797 402 532
1804 331 2111 415 [seusu]

777 438 808 481 s.
837 441 904 482 58.
939 438 1016 480 58*
1045 441 1142 482 cod.
1172 440 1276 482 Lav.
2824 455 2869 496 p·
2897 443 2995 486 5³3.
3024 443 3077 486 34
3098 443 3155 484 V.

671 538 744 580 eo
787 518 1023 592 exilior,
1085 528 1144 582 et
1201 520 1341 581 tibia
1387 525 1546 582 tanto
1591 528 1683 582 est
1726 538 1867 582 voce
1911 521 2192 594 acutiore,
2240 529 2459 600 quanto
2498 539 2639 582 cavo
2681 524 3027 601 angustiore
3044 571 3062 594 ,
3108 522 3249 584 adeo

669 629 736 682 ut
779 620 1078 683 corniculo
1133 630 1235 684 aut
1277 621 1584 684 bamborio
1630 621 1827 684 addito
1883 623 2119 700 gravior
2160 621 2477 696 reddatur,
2531 623 2688 704 quod
2732 625 2993 686 crassior
3036 626 3159 686 exit
3192 627 3249 688 in

670 740 825 784 aera.
913 723 1260 786 brevitatem
1324 742 1556 805 quoque
1619 731 1822 786 acutae
1878 725 2039 787 vocis
2092 725 2153 785 in
2210 723 2397 786 isdem
2466 727 2705 805 organis
2766 726 3247 808 animladvertere

667 823 895 897 licebit,
957 827 1246 907 siquidem
1303 825 1476 906 pulsu
1538 825 1893 890 chordarum
1952 827 2122 888 citius
2176 833 2348 888 acuta
2402 827 2755 898 transvolat,
2816 829 3012 907 gravis
3056 836 3243 891 autem

615 942 640 981 5
671 927 890 989 diutius
935 927 1178 990 auribus
1221 931 1569 990 inmoratur.
1643 930 1818 990 etiam
1861 932 2025 1008 ipsae
2070 927 2331 991 chordae
2374 947 2525 1008 quae
2570 930 2823 990 crassius
2864 939 3083 992 sonant
3123 929 3242 992 lon·

664 1031 860 1105 giores
920 1011 1219 1102 videntur,
1279 1033 1415 1110 quia
1473 1029 1659 1092 laxius
1718 1030 2071 1093 tenduntur:
2104 1025 2135 1114 ΙΙ
2172 1032 2313 1092 item
2358 1032 2419 1091 in
2462 1030 2653 1093 fistula
2694 1031 2815 1093 duo
2860 1031 3072 1094 calami
3114 1031 3242 1094 bre-

663 1132 880 1193 vissimi
937 1135 1036 1212 qui
1091 1134 1462 1196 acutissimae
1520 1134 1704 1195 vocis:
1780 1132 1961 1194 tibiae
2006 1150 2242 1213 quoque
2284 1133 2577 1194 acutiores
2618 1151 2771 1214 quae
2815 1133 3147 1206 brevioreS,
3192 1145 3244 1197 et

661 1232 753 1294 his
809 1234 1099 1296 foramina
1155 1254 1331 1316 quam
1388 1245 1526 1296 sunt
1581 1237 1671 1296 ori
1724 1237 1994 1314 proxima
2062 1243 2123 1296 et
2174 1233 2463 1298 brevioris
2516 1235 2670 1298 aeris
2722 1243 2947 1298 motum
3006 1255 3241 1317 persen-

663 1337 905 1407 tiscunt,
979 1344 1099 1398 tam
1167 1356 1367 1400 vocem
1435 1335 1691 1398 reddunt
1764 1347 2015 1398 acutam.
2102 1338 2189 1398 sic
2252 1339 2315 1398 in
2379 1336 2742 1418 loquentium
2806 1335 3241 1419 legentiumque

593 1447 640 1491 ro
671 1455 843 1509 voce,
892 1438 993 1522 ubi
1035 1447 1174 1500 sunt
1216 1438 1534 1520 prosodiae
1575 1437 1735 1499 velut
1777 1437 2067 1519 quaedam
2112 1441 2389 1510 stamina,
2446 1447 2616 1501 acuta
2660 1440 2897 1501 tenuior
2940 1448 3030 1500 est
3072 1458 3239 1519 quam

658 1542 852 1618 gravis
919 1549 978 1602 et
1046 1541 1242 1603 brevis
1308 1541 1487 1612 adeo,
1557 1548 1622 1602 ut
1673 1559 1794 1601 non
1848 1539 2082 1620 longius
2138 1560 2311 1622 quam
2370 1559 2478 1622 per
2524 1559 2697 1602 unam
2744 1540 3057 1621 syllabam,
3103 1545 3239 1622 quin

657 1643 841 1703 immo
886 1661 994 1724 per
1043 1662 1222 1705 unum
1272 1654 1504 1731 tempus
1547 1642 1957 1723 protrahatur;
2018 1661 2149 1704 cum
2208 1645 2423 1722 gravis,
2470 1662 2589 1724 quo
2634 1642 2874 1704 uberior
2918 1652 2980 1704 et
3024 1643 3240 1705 tardior

657 1752 775 1815 est,
825 1745 1042 1808 diutius
1083 1747 1146 1807 in
1191 1745 1374 1807 verbo
1433 1753 1700 1806 moretur
1758 1754 1817 1806 et
1870 1747 2115 1807 iunctim
2162 1747 2425 1826 quamvis
2468 1746 2529 1805 in
2576 1744 2773 1807 multis
2814 1743 3056 1825 syllabis
3098 1747 3237 1808 resi·

654 1846 776 1908 dat.
865 1850 1141 1929 quocirca
1197 1865 1404 1928 graves
1461 1865 1708 1909 numero
1766 1856 1905 1910 sunt
1955 1846 2184 1928 plureS,
2252 1849 2559 1927 pauciores
2614 1855 2848 1920 acutae,
2904 1847 3095 1910 flexae
3148 1866 3235 1912 ra-

577 1959 626 2002 ¹5
653 1949 938 2011 rissimae.

819 2052 1038 2113 Acutae
1084 2057 1221 2115 nota
1246 2048 1357 2115 'est
1402 2050 1625 2132 virgula
1670 2070 1703 2113 a
1750 2053 1987 2114 sinistra
2018 2058 2189 2131 parte
2218 2051 2595 2113 dextrorsum
2640 2049 2893 2114 sublime
2938 2051 3229 2132 fastigata;

649 2154 842 2231 gravis
903 2161 1098 2216 autem
1175 2162 1414 2217 notatur
1477 2152 1654 2216 simili
1717 2151 1943 2234 virgula
2014 2152 2087 2215 ab
2144 2154 2349 2215 eadem
2406 2162 2577 2234 parte
2634 2153 2917 2234 depresso
2986 2153 3229 2233 fastigio.

646 2273 797 2335 quae
855 2263 1028 2318 notae
1083 2256 1491 2319 demonstrant
1555 2273 1795 2317 omnem
1850 2263 2079 2318 acutam
2137 2273 2341 2317 vocem
2397 2273 2631 2316 sursum
2692 2273 2822 2317 esse
2880 2263 2942 2317 et
2998 2274 3227 2336 gravem

645 2357 948 2420 deorsum.
1037 2360 1230 2440 ipsum
1278 2360 1455 2421 etiam
1501 2359 1863 2420 musicorum
1908 2356 2155 2420 docetur
2183 2358 2635 2437 diagrammate,
2680 2359 2745 2419 in
2790 2377 2907 2438 quo
2941 2361 3096 2439 tropi
3124 2377 3227 2439 pro

567 2469 620 2510 ²⁰
646 2461 916 2521 acumine
963 2480 1168 2522 vocum
1213 2463 1556 2542 superiores
1599 2460 1974 2530 scribuntur;
2034 2460 2287 2540 denique
2333 2478 2597 2522 summus
2640 2459 3052 2540 hyperlydius,
3098 2462 3225 2541 quia

644 2563 1041 2633 acutissimus;
1089 2563 1326 2625 iniimus
1370 2562 1758 2643 hypodoriuS,
1806 2581 1923 2642 quo
1968 2558 2161 2622 nullus
2206 2570 2297 2623 est
2341 2564 2595 2641 gravior.
2654 2561 2807 2624 flexa
2851 2569 3047 2624 autem
3092 2580 3223 2641 pno-

641 2663 833 2734 sodia,
895 2664 1051 2745 quod
1109 2664 1324 2745 duplex
1381 2673 1470 2725 est
1533 2672 1593 2726 et
1647 2684 1721 2727 ex
1778 2672 1949 2727 acuta
2002 2665 2283 2744 gravique
2326 2663 2491 2734 ficta,
2539 2673 2737 2725 notam
2784 2663 2966 2725 habet
3007 2665 3223 2726 nomini

639 2767 1030 2847 potestatique
1073 2767 1562 2846 respondentem:
1632 2785 1768 2828 nam
1814 2785 1847 2828 a
1890 2766 2131 2827 sinistro
2178 2785 2313 2828 cum
2373 2783 2625 2845 surgens
2668 2765 2855 2828 arduo
2897 2766 3126 2846 fastigio
3166 2776 3224 2827 et

638 2885 874 2930 sursum
928 2867 1094 2930 molli
1148 2876 1456 2932 curvatura
1513 2869 1961 2931 dextroversum
2019 2868 2171 2930 flexa
2225 2870 2535 2950 praecipiti
2579 2867 2727 2929 clivo
2772 2869 3124 2947 deprimitur
3162 2878 3223 2930 et

562 2980 614 3022 25
639 2971 897 3050 speciem
952 2988 1175 3052 pronae
1233 2970 1466 3032 litterae
1511 2971 1560 3032 C
1601 2971 1809 3042 efficit,
1866 2973 2128 3049 priorem
2174 2979 2404 3034 acutam
2450 2979 2511 3042 et
2550 2970 2943 3051 posteriorem
2989 2989 3217 3051 gravem

636 3069 750 3132 sibi
804 3073 998 3134 inesse
1067 3074 1373 3151 significat.
1462 3074 1692 3136 mediae
1748 3091 1914 3145 vero,
1973 3074 2141 3135 cuius
2199 3090 2357 3134 nunc
2416 3091 2555 3134 usus
2615 3090 2735 3134 non
2789 3071 3071 3144 habetur,
3116 3091 3215 3134 no-

634 3181 752 3236 tam
820 3191 939 3236 non
1003 3177 1305 3256 ponimuS,
1373 3177 1511 3256 quia
1577 3194 1772 3257 neque
1838 3194 1872 3238 a
1934 3173 2261 3237 maioribus
2327 3163 2661 3256 accepimus
2734 3191 2927 3255 neque
2998 3175 3215 3254 fingere

631 3294 962 3357 possumus.

803 3377 963 3440 Ordo
1006 3379 1069 3440 in
1115 3378 1456 3442 accentibus
1496 3377 1622 3440 'non
1665 3379 2033 3454 adtenditur,
2091 3397 2293 3468 verum
2342 3379 2499 3441 varie
2554 3396 2715 3440 nunc
2758 3395 3017 3456 gravem,
3066 3398 3213 3442 nunc

555 3489 607 3531 ³⁰
633 3489 886 3552 acutum,
934 3500 1054 3543 non
1097 3498 1418 3562 numquam
1472 3481 1686 3544 flexum
1746 3483 1941 3561 primo
1994 3481 2127 3544 loco
2171 3483 2315 3562 poni
2359 3481 2603 3544 dubium
2646 3498 2768 3542 non
2810 3483 3057 3562 recipit;
3102 3499 3211 3542 non

631 3587 827 3645 tamen
872 3585 1054 3646 setius
1087 3592 1187 3646 ⁴est
1231 3583 1442 3666 aliquis
1483 3585 1649 3666 prior
1692 3591 1902 3646 natura
1947 3603 2123 3666 quam
2170 3583 2337 3647 alius.

769 3891 792 3943 1
833 3891 958 3944 tibia
990 3908 1019 3944 v
1055 3891 1164 3942 uita
1197 3907 1334 3946 corr.
1371 3891 1496 3941 tiuia
1534 3889 1581 3940 L
1617 3892 1739 3955 quia
1774 3890 1817 3942 0
1976 3898 2114 3944 tanto
2149 3889 2211 3940 10
2240 3897 2381 3942 tanta
2419 3888 2468 3938 L
2642 3889 2675 3940 2
2712 3889 2977 3940 bomborio
3012 3893 3215 3943 coniecit

625 3981 792 4032 editor
825 3980 1224 4032 Vindobonensis
1397 3978 1568 4030 addito
1605 3980 1626 4028 l
1657 3978 1832 4030 addita
1865 3978 1914 4027 L
1956 3978 2134 4028 additu
2179 3975 2222 4026 Ο
2390 3979 2424 4027 4
2462 3976 2741 4027 transuolat
2781 3993 2809 4025 υ
2856 3979 3141 4029 transuolai
3169 3979 3213 4027 L

625 4050 931 4102 transuolari
964 4049 1007 4100 Ο
1115 4050 1150 4101 6
1187 4049 1459 4100 tenduntur
1487 4047 1560 4100 On
1591 4049 1861 4100 tendentur
1886 4064 2027 4102 corr.
2064 4055 2332 4098 tenuentur
2357 4048 2406 4097 L
2510 4047 2543 4098 J
2582 4047 2739 4096 tiuiae
2774 4045 2996 4111 (tibitiae
3020 4047 3093 4111 Ο)
3117 4063 3211 4112 quo

623 4122 881 4172 acutiores
912 4136 1042 4184 quae
1067 4119 1161 4170 LO
1191 4121 1344 4171 tibiae
1378 4135 1478 4183 quo
1506 4120 1765 4170 acutiores
1800 4134 1862 4168 eo
1896 4136 1926 4170 υ
2028 4117 2063 4168 8
2097 4117 2345 4168 foramina
2382 4132 2413 4166 a
2450 4131 2599 4181 quam
2634 4114 2680 4172 ,0
2786 4127 2903 4166 sunt
2936 4121 2957 4168 1
2996 4121 3101 4170 sint
3124 4115 3213 4166 LO

731 4191 796 4243 10
825 4191 1062 4242 istamlua
1086 4190 1186 4243 LO
1289 4189 1352 4242 ll
1381 4204 1481 4239 non
1517 4205 1608 4242 om.
1637 4187 1678 4239 O
1791 4187 1852 4238 17
1884 4190 1935 4238 in
1972 4188 2153 4238 eadem
2187 4195 2331 4254 parte
2368 4187 2615 4253 depressa
2636 4185 2731 4236 Lo
2833 4185 2896 4236 18
2926 4202 3140 4253 grauem
3166 4197 3213 4238 et

623 4262 860 4314 deorsum
899 4261 941 4312 0
1047 4262 1113 4314 19
1146 4263 1374 4319 sortasse
1395 4260 1534 4324 quod
1565 4259 1735 4324 ipsum
1848 4259 2247 4325 diagrammatae
2286 4255 2378 4307 Lo
2490 4256 2558 4309 20
2596 4271 2773 4306 sumus
2808 4255 2893 4306 hic
2928 4273 3023 4324 per
3058 4257 3213 4308 lidius

624 4330 716 4382 Lo
855 4333 918 4383 21
953 4348 1054 4395 quo
1091 4331 1156 4383 ΖΟ
1191 4347 1291 4396 qua
1329 4331 1377 4380 L
1516 4330 1584 4381 22
1626 4328 1818 4379 nomini
1854 4345 1883 4378 υ
1922 4330 2141 4378 nominis
2186 4328 2272 4380 LO
2410 4325 2479 4378 23
2512 4342 2543 4376 a
2578 4326 2789 4378 sinistro
2828 4341 3155 4393 consurgens
3182 4345 3211 4378 w

757 4404 828 4454 24
861 4411 1134 4454 curvatura
1163 4403 1552 4452 dextroversum
1587 4417 1616 4450 υ
1653 4408 1897 4451 curuatur
1930 4399 2145 4449 adextro
2186 4413 2339 4450 uersu
2382 4397 2470 4448 Lo
2585 4397 2655 4450 25
2689 4395 2883 4446 litterae
2918 4395 3081 4446 efficit
3118 4395 3207 4447 Lo

619 4470 816 4523 litterae
852 4474 899 4522 V
939 4472 1096 4523 efficit
1127 4489 1188 4525 v.-
1219 4473 1288 4536 cs.
1329 4471 1488 4524 Dium.
1520 4487 1577 4536 p.
1616 4469 1722 4521 429
1893 4469 1961 4520 26
1998 4483 2132 4519 nunc
2167 4483 2293 4520 usus
2324 4484 2420 4520 om,
2461 4466 2502 4517 0
2696 4468 2762 4517 27
2800 4467 3081 4534 accipimus
3115 4465 3206 4516 LO

755 4543 818 4596 31
861 4551 1028 4593 tamen
1083 4557 1274 4608 aequus
1325 4539 1516 4606 (setius
1549 4539 1592 4602 l)
1645 4548 1723 4590 est
1782 4539 1979 4603 aliquid
2024 4539 2168 4606 prius
2216 4539 2383 4606 (prior
2418 4538 2460 4598 l)
2509 4546 2690 4588 natura
2738 4551 2888 4600 quam
2942 4538 3076 4616 alius
3110 4550 3205 4586 non

619 4642 768 4681 secus
803 4638 954 4693 atque
985 4629 995 4692 Ι
1026 4631 1076 4680 iu
1113 4631 1291 4681 litteris
1325 4643 1382 4678 oe
1419 4627 1747 4678 uenit-nobis
1798 4627 1863 4676 de
1898 4634 2105 4677 accentu
2146 4625 2288 4692 longi
2318 4623 2326 4689 Ι
2357 4624 2469 4674 ridii
2521 4623 2841 4674 tractandum
2876 4621 2950 4685 ‹5›
2984 4623 3051 4674 u‘e
3092 4623 3202 4672 alti-

619 4699 740 4748 tudo
778 4715 869 4762 qz.
907 4707 1074 4750 tamen
1127 4698 1137 4766 Ι
1196 4699 1389 4764 liquido
1427 4699 1476 4748 1,
1527 4709 1698 4750 tamen
1747 4712 1894 4748 secus
1948 4705 2026 4747 eat
2078 4696 2271 4761 aliquid
2327 4695 2467 4760 prior
2500 4703 2681 4744 natura
2722 4707 2879 4757 quam
2933 4693 3067 4746 alius
3104 4707 3199 4742 nou

617 4782 764 4818 secus
801 4778 951 4833 atque
989 4771 1041 4819 in
1078 4769 1258 4821 litteris
1286 4785 1342 4819 se
1382 4771 1536 4821 uenit.
1596 4769 1744 4818 nobis
1780 4768 1844 4818 de
1882 4776 2091 4818 accentu
2125 4767 2267 4833 longi
2304 4767 2403 4815 ritu
2436 4763 2753 4814 tractandum
2792 4770 2888 4813 est.
2946 4764 3046 4815 llae
3066 4763 3197 4813 aliti·

615 4837 738 4889 tudo
771 4854 902 4901 quae
931 4848 1102 4890 tamen
1134 4838 1326 4904 liquido
1366 4838 1438 4890 0.·
1468 4843 1599 4890 sicut
1626 4841 1680 4888 in
1715 4840 1904 4890 litteris
1934 4839 2009 4888 ita
2040 4839 2093 4888 in
2130 4844 2340 4889 accentu
2374 4834 2645 4886 tractando
2685 4843 2737 4885 et
2771 4834 3123 4900 loneitudinm
3152 4841 3197 4884 ει
