3434 5442
669 345 794 409 556
1798 339 2104 422 [SERGH]

775 449 809 489 s.
835 449 886 490 68
912 449 1006 490 cod.
1035 449 1138 490 Lav.

669 530 931 609 perativo
976 529 1152 590 modo
1199 536 1464 609 tempore
1511 528 1711 588 futuro
1756 525 1929 588 liceat
1972 526 2094 608 [vel
2134 526 2359 609 licuit]:
2388 523 2417 611 ss
2450 530 2707 608 optativo
2750 529 2931 592 modo
2976 537 3229 610 tempore

671 632 970 712 praesenti
1013 633 1234 692 utinam
1280 628 1510 701 liceret,
1559 629 1765 690 eodem
1812 628 1988 690 modo
2030 638 2299 710 tempore
2342 631 2663 710 praeterito
2710 652 2747 684 a
2792 631 3228 712 plusquamper-

673 733 826 794 fecto
878 733 1098 794 utinam
1151 730 1437 803 licuisset,
1495 730 1700 793 eodem
1758 730 1933 792 modo
1988 738 2256 812 tempore
2311 731 2509 796 futuro
2559 735 2785 796 utinam
2840 733 3045 796 liceat:
3100 753 3229 795 con·

671 835 926 895 iunctivo
971 833 1146 896 modo
1193 841 1458 914 tempore
1500 834 1799 914 praesenti
1842 851 1975 894 cum
2018 833 2217 905 liceat,
2272 832 2481 896 eodem
2536 835 2715 897 modo
2758 843 3031 916 tempore
3073 855 3229 916 prae·

619 953 644 994 s
671 937 844 998 terito
885 936 1214 1016 inperfecto
1257 955 1390 1002 cum
1431 935 1668 1006 liceret,
1724 937 2043 1016 praeterito
2098 935 2361 1015 perfecto
2418 953 2553 996 cum
2598 935 2861 1007 licuerit,
2916 940 3230 1017 praeterito

669 1037 1242 1118 plusquamperfecto
1288 1056 1422 1098 cum
1467 1036 1755 1108 licuisset,
1813 1037 2011 1099 futuro
2056 1055 2190 1098 cum
2248 1035 2449 1098 licebit
2490 1036 2581 1098 vel
2624 1057 2759 1100 cum
2804 1037 3069 1102 licuerit:
3112 1041 3230 1102 infi-

669 1141 792 1202 nito
837 1139 1012 1202 modo
1057 1141 1320 1201 numeris
1349 1147 1408 1200 et
1435 1141 1702 1220 personis
1734 1138 1947 1210 licere,
1994 1141 2313 1219 praeterito
2352 1137 2604 1211 licuisse,
2651 1140 2849 1203 futuro
2878 1140 3105 1203 licitum
3134 1143 3229 1203 ire.

837 1242 982 1304 ltem
1015 1240 1192 1303 verba
1222 1259 1374 1322 quae
1419 1243 1672 1320 genitivo
1717 1242 1878 1304 casui
1920 1243 2291 1310 conveniunt,
2340 1239 2651 1304 obliviscor
2694 1244 2965 1314 iniuriae,
3016 1261 3229 1304 memor

667 1363 796 1406 sum
845 1341 1168 1412 bonorum,
1225 1345 1514 1405 misereor
1563 1362 1917 1424 puerorum,
1976 1342 2159 1422 pudet
2200 1341 2368 1414 facti,
2424 1345 2687 1424 paenitet
2730 1343 2991 1414 laboris,
3050 1345 3231 1408 taedet

595 1461 644 1504 ιο
669 1447 895 1525 operis,
949 1446 1112 1525 piget
1164 1446 1415 1524 gratiae,
1475 1447 1717 1507 memini
1761 1463 1992 1516 rerum,
2048 1445 2398 1506 reminiscor
2454 1444 2702 1517 doloris,
2760 1449 3005 1526 ignarus
3060 1447 3228 1508 malo·

669 1566 828 1618 rum,
875 1565 1087 1627 expers
1129 1545 1430 1610 laborum:
1477 1565 1690 1628 expers
1730 1548 1887 1608 enim
1932 1545 2146 1608 dicitur
2189 1553 2353 1608 extra
2398 1555 2645 1628 partem,
2690 1567 2725 1610 a
2769 1556 2938 1628 parte
2980 1549 3230 1612 alienus:

669 1651 894 1730 peritus
936 1667 1166 1722 rerum,
1223 1667 1468 1712 securus
1520 1647 1795 1730 periculi:
1854 1647 2143 1728 Vergilius
2188 1654 2536 1712 ‘securus
2578 1667 2907 1712 amorum
2952 1669 3231 1730 germa-

671 1755 857 1821 nae’,
904 1751 1018 1813 hoc
1061 1757 1152 1814 est
1193 1753 1320 1812 sine
1365 1769 1508 1814 cura
1537 1753 1787 1820 amoris,
1834 1767 1951 1812 non
1982 1767 2187 1812 amans
2214 1767 2589 1830 germanam3
2636 1769 2883 1815 securus
2926 1771 3073 1831 ergo
3114 1756 3231 1814 sine

669 1869 838 1914 cura:
895 1852 1109 1918 dubius
1161 1854 1420 1922 itineris,
1477 1853 1797 1933 neglegens
1852 1853 2209 1922 amicorum,
2252 1852 2548 1915 studiosus
2608 1854 2901 1933 picturae,
2970 1857 3231 1917 conscius

595 1954 838 2016 stracti:
905 1954 1208 2040 Vergilius¹
1249 1957 1642 2018 ‘conscius
1695 1954 2005 2016 audacis
2061 1953 2299 2016 facti’.
2390 1955 2581 2017 dativo
2630 1955 2797 2018 casui
2838 1955 2989 2018 haec
3032 1975 3230 2018 conve-

671 2057 864 2128 niunt,
921 2057 1211 2120 maledico
1265 2058 1450 2128 hosti,
1507 2055 1727 2119 suadeo
1778 2054 1915 2127 tibi,
1973 2055 2188 2119 maudo
2246 2055 2379 2127 tibi,
2446 2057 2594 2118 cedo
2647 2059 2903 2137 potenti,
2971 2061 3231 2120 ministro

671 2161 928 2240 parenti,
985 2159 1205 2239 largior
1261 2161 1480 2230 amico,
1537 2159 1692 2221 dono
1738 2160 2098 2240 propinquo,
2156 2156 2453 2238 obsequor
2496 2158 2759 2230 domino,
2804 2159 3087 2222 adversor
3127 2163 3228 2222 ini·

671 2253 878 2333 mico,=
900 2262 1197 2342 gratificor
1241 2259 1354 2334 illi,
1399 2260 1670 2325 suscribo
1701 2259 1991 2340 epistolis,
2039 2259 2243 2323 adsum
2288 2258 2514 2331 clienti,
2558 2277 2739 2342 pareo
2782 2259 3035 2341 legibus.
3099 2265 3230 2325 item

671 2363 862 2427 dativo
907 2365 1066 2426 casui
1110 2365 1257 2426 baec
1312 2364 1685 2436 conveniunt,
1745 2363 2007 2424 intentus
2062 2362 2298 2433 studiis,
2353 2362 2629 2424 inimicus
2674 2364 2903 2436 virtuti,
2958 2363 3233 2426 obediens

595 2481 646 2522 πο
673 2469 855 2547 patri,
911 2465 1141 2528 invidus
1192 2465 1380 2534 bono,
1449 2463 1756 2528 malivolus
1820 2463 2107 2533 studenti,
2174 2465 2479 2543 proximus
2532 2466 2686 2536 viae,
2754 2464 2967 2528 habilis
3022 2468 3230 2538 virtuti,

673 2568 830 2630 utilis
893 2587 1134 2638 scenae,
1201 2575 1372 2648 aptus
1434 2567 1777 2629 industriae.
1863 2567 2003 2628 item
2060 2567 2388 2628 accusativo
2445 2568 2607 2630 casui
2662 2567 2809 2630 haec
2864 2571 3231 2640 conveniunt,

671 2670 842 2734 decet
895 2670 1228 2741 dominum,
1297 2671 1556 2750 paenitet
1609 2667 1803 2731 illum:
1878 2665 2169 2747 Vergil-ius
2221 2669 2284 2730 in
2338 2666 2623 2731 bucolicis
2678 2673 2847 2731 ‘nec
2900 2673 3237 2750 paenitet

669 2772 913 2834 illos':
959 2774 1124 2852 piget
1163 2773 1448 2841 inertem,
1494 2771 1672 2833 iubeo
1720 2771 1991 2834 fratrem:
2040 2787 2219 2850 saepe
2249 2771 2405 2832 enim
2436 2769 2612 2833 iubeo
2654 2773 2899 2852 ponitur
2940 2790 3051 2853 pro
3092 2773 3232 2844 volo,

671 2884 736 2937 ut
786 2874 1098 2937 Terentius
1153 2873 1408 2936 ‘iubeo
1476 2872 2003 2936 Chremetem':
2074 2871 2403 2934 calumnior
2460 2870 2657 2944 illum,
2704 2873 2979 2946 ‚concedo
3033 2874 3234 2944 locum.

595 2993 644 3034 25
671 2977 804 3057 lego
849 2974 1194 3055 Vergilium,
1254 2975 1450 3038 scribo
1507 2975 1841 3044 historiam,
1899 2974 2071 3036 traho
2126 2973 2455 3046 addictum,
2512 2974 2663 3037 duco
2718 2984 2975 3049 sortem,
3032 2996 3234 3040 moneo

671 3079 888 3149 filium,
941 3077 1214 3140 consolor
1266 3077 1462 3148 illum,
1523 3079 1808 3140 criminor
1851 3076 2099 3147 malum,
2161 3075 2261 3139 odi
2303 3085 2536 3157 turpes,
2600 3079 2737 3140 novi
2780 3096 2979 3141 novos
3068 3080 3231 3141 verba

673 3178 920 3244 ablativo
975 3181 1134 3241 casui
1191 3179 1336 3242 haec
1394 3181 1750 3241 conveniunt
1802 3181 1929 3242 sine
1983 3180 2449 3259 praepositione,
2508 3181 2705 3260 potior
2758 3181 3041 3260 pecunia,
3112 3189 3235 3244 utor

671 3291 838 3362 toga,
884 3282 1084 3363 privor
1127 3289 1416 3362 potestate
1438 3329 1454 3352 ,
1502 3299 1648 3361 egeo
1692 3279 1899 3352 laude,
1943 3298 2118 3342 careo
2166 3278 2461 3352 molestia,
2510 3281 2778 3344 abstineo
2823 3282 2987 3354 cibo,
3032 3285 3233 3364 fungor

673 3385 892 3455 officio,
951 3385 1216 3446 sacrifico
1272 3385 1534 3453 victima,
1591 3383 1780 3445 donor
1833 3391 2073 3463 torque,
2130 3381 2355 3460 glorior
2407 3383 2657 3454 viribus,
2724 3384 2935 3463 dignor
2990 3386 3231 3448 bonore:

595 3503 648 3544 ao
673 3489 812 3549 item
859 3504 992 3548 cnm
1037 3487 1472 3567 praepositione
1531 3485 1773 3548 trabunt
1822 3483 2137 3546 ablativum
2194 3503 2393 3548 casum
2449 3486 2623 3557 haec,
2670 3485 2966 3548 abhorreo
3010 3486 3085 3549 ab
3126 3487 3231 3556 illo,

673 3588 912 3650 discedo
969 3607 998 3648 a
1056 3587 1356 3667 petulante
1380 3635 1394 3658 ,
1464 3586 1735 3668 discrepo
1791 3586 1864 3648 ab
1920 3588 2160 3664 ignavo,
2218 3585 2423 3649 absum
2482 3607 2517 3650 a
2572 3587 2776 3659 stulto,
2840 3585 3121 3650 dissentio
3172 3589 3234 3650 ab

673 3691 984 3771 aequitate.

842 3790 1032 3853 Verba
1076 3810 1225 3872 quae
1271 3793 1331 3852 in
1377 3800 1436 3854 et
1480 3799 1723 3862 exeunt,
1770 3797 1835 3852 ut
1861 3790 2001 3852 licet
2028 3792 2315 3872 paenitet,
2362 3790 2731 3854 declinantur
2774 3793 2891 3866 sic,
2938 3790 3080 3854 licet
3104 3792 3233 3854 mibi

675 3893 781 3955 tibi
823 3892 938 3964 illi,
987 3896 1248 3975 paenitet
1289 3911 1387 3955 me
1431 3901 1488 3956 te
1531 3891 1728 3961 illum;
1786 3896 1925 3955 item
1967 3911 2117 3973 quae
2162 3895 2221 3953 in
2266 3895 2343 3963 it,
2404 3900 2469 3956 ut
2510 3901 2600 3955 est
2642 3895 2917 3956 convenit
2958 3895 3105 3958 mihi
3145 3894 3235 3956 tibi

597 4011 650 4052 35
675 3995 778 4056 illi.
842 4014 992 4077 qnae
1037 3996 1096 4055 in
1142 4013 1174 4056 r
1217 4001 1432 4056 exeunt
1475 3995 1632 4057 casui
1675 3995 1938 4056 serviunt
1979 3982 2263 4073 genitivo,
2309 4001 2375 4056 ut
2404 3997 2693 4058 misereor
2738 3997 2853 4068 tui,
2899 3997 3235 4059 reminiscor

675 4099 924 4176 negotii;
985 4095 1096 4158 alia
1142 4096 1332 4158 dativo
1378 4097 1570 4168 casui,
1626 4104 1694 4156 ut
1734 4095 1951 4158 suadeo
1998 4095 2105 4158 tibi
2146 4095 2259 4169 illi,
2318 4098 2403 4158 sic
2446 4105 2507 4160 et
2550 4116 2857 4177 comparo:
2914 4097 3027 4162 alia
3072 4098 3233 4160 verba

675 4201 1066 4262 accusativum
1125 4205 1432 4269 secuntur,
1491 4207 1556 4260 ut
1608 4215 1865 4277 provoco
1917 4205 1977 4258 te
2029 4197 2222 4270 illum,
2268 4217 2483 4261 accuso
2526 4207 2586 4260 te
2627 4198 2823 4272 illum,
2868 4203 3078 4264 invoco
3120 4201 3235 4264 loco

676 4309 736 4364 et
777 4309 993 4364 cetera.

814 4507 846 4556 7
876 4505 1014 4556 licitu
1049 4508 1123 4557 ire
1161 4507 1210 4556 L
1347 4504 1382 4556 8
1424 4505 1546 4556 Item
1583 4503 1755 4572 verba]
1796 4505 1954 4557 Dioni.
1990 4521 2043 4570 p.
2084 4504 2191 4556 290
2224 4521 2335 4571 sqq.
2476 4504 2513 4556 9
2552 4521 2667 4557 sum
2708 4521 2800 4560 ω.
2842 4507 2893 4557 L
3036 4507 3094 4559 ll
3134 4523 3234 4574 pnr-

677 4574 798 4643 tem]
841 4584 984 4640 parte
1029 4577 1071 4627 L
1213 4574 1280 4626 12
1303 4574 1586 4644 Vergilius]
1621 4575 1752 4627 Aen.
1790 4577 1813 4624 1
1847 4573 1952 4627 350
2098 4575 2159 4626 15
2194 4576 2447 4642 uel-gilius
2488 4576 2755 4628 consciens
2790 4577 2879 4628 L:
2921 4579 3083 4644 γει-ρ.
3116 4579 3229 4629 Aen.

677 4644 748 4694 Xl
783 4647 886 4696 812
1033 4647 1091 4696 16
1125 4645 1310 4696 mando
1347 4661 1438 4696 eru
1478 4647 1637 4697 caedo
1675 4647 1875 4710 parenti
1898 4648 2059 4702 (eor-r.
2093 4646 2287 4710 potenti
2322 4647 2365 4711 l)
2405 4646 2454 4696 L
2604 4646 2664 4696 19
2702 4648 2941 4696 inuentus
2978 4648 3160 4698 studiis
3192 4647 3233 4696 L

815 4717 884 4765 22
919 4715 972 4764 in
1009 4713 1273 4782 bucolicis]
1315 4714 1396 4774 10,
1427 4716 1492 4768 16
1629 4717 1698 4767 23
1732 4715 1875 4766 illum
1910 4730 2048 4768 corr.
2088 4714 2205 4764 illos
2230 4715 2279 4765 L
2416 4715 2487 4767 24
2518 4713 2805 4783 Terentius]
2846 4716 3015 4768 Andr.
3042 4718 3107 4768 m
3138 4716 3232 4778 &1

815 4793 1082 4834 cremetem
1123 4785 1170 4833 L
1309 4783 1376 4835 26
1409 4786 1646 4838 consulor
1673 4787 1723 4836 L
1898 4785 1965 4836 33
2004 4785 2177 4835 Verba
2208 4799 2339 4848 qnae
2374 4785 2429 4834 in
2464 4793 2516 4835 et
2546 4783 2751 4853 exeunt]
2797 4787 2985 4839 Donat.
3015 4801 3069 4851 ρ.
3113 4785 3230 4837 1758

817 4853 886 4904 34
921 4855 1040 4902 item
1075 4868 1167 4906 om.
1197 4854 1245 4902 L
1385 4855 1452 4905 36
1487 4857 1563 4904 sio
1588 4865 1638 4906 et
1667 4870 1907 4920 comparo
1925 4865 2045 4920 post
2078 4854 2149 4906 38
2174 4863 2343 4906 cetera
2375 4855 2527 4906 habet
2559 4857 2609 4906 L
