3434 5442
979 1125 1098 1218 llll
1141 1125 1751 1274 cunabulis
1806 1128 2143 1220 Pillllll.

367 1455 412 1494 p.
439 1442 640 1484 uso-⁴1
673 1443 724 1484 P.
2452 1459 2492 1499 ρ.
2526 1447 2660 1488 nom
2694 1447 2743 1488 ι..

433 1511 724 1583 Quoniam
770 1516 1032 1577 instituta
1073 1518 1287 1579 artium
1335 1517 1696 1580 sufficienter
1752 1520 2161 1589 tractavimus,
2219 1535 2376 1580 nunc
2430 1519 2504 1580 de
2548 1518 2853 1580 catholicis

273 1617 564 1677 nominum
594 1613 626 1700 ss
655 1616 1094 1698 verborumque
1137 1619 1464 1682 rationibus
1505 1620 1841 1683 doceamus,
2716 1695 2723 1706 .

437 1717 690 1790 Quidam
745 1721 834 1782 sic
889 1739 1020 1784 esse
1077 1721 1382 1784 nominum
1447 1721 1864 1784 declinationes
1915 1741 2167 1786 numero
2214 1722 2474 1801 quinque
2517 1722 2852 1794 voluerunt,

265 1824 416 1884 sicut
446 1821 772 1884 verborum
809 1824 1248 1902 coniugationes
1285 1831 1422 1894 tres,
1475 1833 1533 1886 et
1561 1842 1797 1888 omnem
1830 1825 2277 1886 declinationem
2312 1843 2383 1886 ex
2412 1827 2681 1903 genetivo
2714 1843 2853 1888 casu
2906 1847 2931 1886 5

263 1926 497 1986 numeri
538 1923 858 2002 singularis
883 1942 1060 2004 posse
1097 1928 1394 2004 cognosci.
1455 1932 1516 1988 et
1544 1928 1775 2007 primae
1806 1927 2041 2008 quidem
2070 1926 2477 1989 declinationis
2520 1929 2856 2006 genetivum

259 2025 628 2104 singularem
669 2043 739 2088 ae
786 2027 1150 2108 diphthongo
1193 2031 1515 2091 terminant
1566 2029 1803 2106 generis
1832 2028 2149 2114 ⁶masculini
2202 2035 2263 2092 et
2306 2028 2607 2100 seminini,
2661 2035 2727 2092 ut
2760 2029 2858 2090 hic

259 2137 438 2208 poeta
475 2127 654 2190 huius
690 2137 918 2208 poetae,
955 2129 1102 2192 haec
1131 2131 1296 2192 Musa
1333 2131 1508 2194 huius
1535 2132 1755 2194 Musae.
1820 2149 1957 2192 nam
2002 2132 2191 2210 prima
2236 2129 2550 2193 declinatio
2577 2138 2854 2193 neutrum

257 2249 480 2293 nomeu
536 2249 660 2292 non
719 2229 926 2302 habet,
981 2232 1041 2292 id
1099 2239 1188 2293 est
1240 2251 1310 2294 ae
1365 2233 1729 2312 diphthongo
1789 2234 2093 2311 genetivus
2142 2231 2454 2312 singularis
2504 2234 2855 2306 terminatus

253 2334 500 2410 generis
543 2335 744 2395 neutri
786 2351 908 2394 non
951 2334 1262 2408 invenitur,
1308 2337 1568 2414 exceptis
1611 2335 1961 2414 quibusdam
2006 2336 2244 2412 generis
2286 2335 2505 2404 omnis,
2549 2340 2616 2396 ut
2654 2334 2751 2396 hic
2797 2340 2856 2394 et
2883 2358 2933 2398 ιο

253 2435 408 2496 haec
435 2431 466 2518 Η
497 2444 560 2496 et
603 2435 718 2496 hoc
755 2453 956 2506 verna,
999 2435 1092 2498 hic
1136 2445 1194 2498 et
1236 2437 1384 2498 haec
1428 2446 1486 2498 et
1525 2436 1639 2500 hoc
1683 2437 1925 2500 advena.
1985 2438 2234 2499 dicimus
2276 2437 2431 2498 enim
2464 2455 2639 2499 verna
2687 2455 2856 2515 puer.

252 2555 438 2598 verna
505 2536 734 2617 puella,
807 2555 986 2598 verna
1045 2541 1420 2618 mancipium.
1508 2538 1727 2601 lectum
1782 2546 1871 2600 est
1919 2546 1979 2601 et
2028 2559 2213 2602 unum
2286 2540 2399 2600 hac
2464 2537 2855 2600 declinatione

253 2657 480 2702 nomen
535 2641 774 2718 generis
823 2641 1014 2702 neutri
1071 2640 1227 2719 apud
1275 2640 1644 2712 Sallustium,
1699 2647 1809 2704 ‘et
1861 2642 2194 2705 dextrum
2254 2642 2524 2704 flumen
2577 2641 2854 2709 Turia’,

255 2741 434 2802 huius
476 2743 715 2804 Turiae.
783 2759 916 2803 nam
941 2762 981 2820 e
1009 2740 1132 2802 sola
1177 2743 1296 2828 sive
1339 2743 1609 2823 correpta
1649 2746 1769 2805 sive
1810 2744 2097 2823 producta
2139 2743 2359 2806 nullius
2400 2744 2635 2824 generis
2680 2760 2854 2804 casus

257 2844 566 2921 genetivus
611 2846 910 2923 reperitur
947 2845 1312 2916 terminatuS,
1361 2847 1474 2908 nisi
1515 2847 1771 2926 antique,
1814 2853 1881 2906 ut
1916 2846 2203 2924 Vergilius
2880 2871 2927 2909 ιτ»

663 2944 854 3008 libra
899 2945 1012 3008 die
1058 2949 1434 3026 somnique
1477 2965 1690 3026 pares
1740 2947 1855 3009 ubi
1902 2948 2162 3009 fecerit
2204 2949 2459 3018 horaS,

260 3053 320 3108 et
361 3046 676 3110 Sallustius
737 3046 1132 3110 ‘dubitavit
1197 3051 1353 3111 acie
1415 3053 1638 3129 pars'.
1726 3050 2019 3112 secundae
2080 3049 2484 3112 declinationis
2548 3049 2852 3128 genetivus

262 3149 582 3230 singularis
623 3153 642 3210 i
683 3148 876 3212 littera
922 3153 1274 3213 terminatur
1315 3153 1378 3213 in
1417 3153 1576 3212 omni
1611 3167 1848 3230 genere,
1898 3159 1963 3211 ut
2002 3153 2097 3212 hic
2141 3150 2383 3214 Plautus
2430 3150 2607 3212 huius
2641 3149 2851 3218 Plauti,

261 3251 408 3315 haec
449 3253 718 3316 fraxinus
770 3253 944 3314 huius
989 3253 1236 3323 fraxini,
1287 3253 1402 3315 hoc
1453 3252 1672 3314 bellum
1730 3254 1905 3316 huius
1950 3251 2106 3315 belli.
2148 3251 2158 3336 Ι
2194 3254 2401 3314 tertiae
2448 3250 2853 3314 declinationis

265 3357 564 3434 genetivus
607 3354 920 3434 singularis
953 3357 1004 3416 is
1043 3353 1260 3436 syllaba
1297 3357 1646 3418 terminatur
1689 3357 1751 3416 in
1790 3357 1951 3416 omni
1990 3352 2249 3439 genessre,
2294 3355 2390 3416 hic
2431 3360 2634 3416 orator
2675 3354 2851 3415 huius
2876 3377 2931 3418 πο

267 3459 542 3526 oratoris,
601 3457 749 3518 haec
803 3459 965 3536 virgo
1020 3457 1195 3519 huius
1245 3458 1522 3536 virginis,
1581 3458 1696 3518 hoc
1734 3475 1973 3520 carmen
2035 3457 2206 3520 huius
2258 3458 2551 3518 carminis
2644 3463 2850 3536 quarta

271 3559 572 3624 declinatio
628 3560 962 3638 genetivum
1015 3557 1372 3637 singularem
1425 3577 1494 3620 us
1519 3559 1761 3640 ‚syllaba
1820 3561 2097 3622 terminat
2150 3561 2207 3621 in
2248 3577 2469 3636 genere
2526 3557 2851 3620 masculino

273 3669 326 3722 et
361 3662 676 3732 feminino,
731 3667 796 3720 ut
835 3660 934 3721 hic
973 3661 1185 3724 fluctus
1223 3661 1402 3722 huius
1447 3660 1680 3734 fluctus,
1728 3662 1879 3723 haec
1922 3680 2130 3724 manus
2180 3661 2355 3723 huius
2396 3679 2623 3722 manus.
2656 3711 2663 3716 .
2712 3677 2851 3722 nam

272 3765 494 3842 generis
539 3764 744 3825 neutri
787 3765 1092 3842 genetivus
1131 3763 1444 3842 singularis
1489 3771 1735 3844 quartae
1780 3763 2184 3825 declinationis
2230 3783 2267 3824 u
2312 3763 2601 3843 producta
2648 3762 2851 3824 termi-

275 3873 458 3936 natur,
504 3873 572 3928 ut
613 3865 730 3926 hoc
773 3881 966 3926 cornu
1007 3864 1179 3927 huius
1221 3883 1439 3938 cornu,
1497 3868 1775 3946 quoniam
1816 3869 2118 3953 genetivus
2160 3865 2473 3946 singularis
2518 3882 2588 3926 us
2628 3862 2845 3944 syllaba
2876 3879 2927 3919 25

277 3969 608 4030 tenninatus
673 3969 730 4028 in
797 3985 1015 4046 genere
1079 3973 1288 4028 neutro
1355 3985 1678 4048 numquam
1742 3971 2065 4048 reperitur.
2150 3969 2389 4047 quintae
2440 3965 2889 4042 declinationis,

277 4073 558 4148 genetivus
617 4069 940 4148 singularis
999 4071 1049 4130 ei
1111 4073 1394 4148 separatis
1446 4072 1797 4132 terminatur
1856 4079 1914 4132 et
1966 4073 2119 4149 regit
2161 4087 2349 4150 genus
2406 4075 2631 4132 tantum
2672 4067 2847 4128 modo

277 4173 636 4243 femininum,
695 4180 766 4233 ut
807 4171 956 4232 haec
998 4173 1226 4250 species
1286 4171 1461 4233 liuius
1505 4164 1755 4252 speciei,
1824 4179 2071 4252 excepto
2129 4189 2249 4234 uno
2308 4170 2605 4232 communi
2666 4167 2847 4230 duum

381 4380 404 4430 1
443 4395 510 4432 ns
551 4391 864 4432 carnoucis
902 4391 1049 4426 raoni
1085 4375 1136 4426 B
1171 4391 1318 4427 raom
1359 4375 1686 4426 Grammatici
1715 4375 1973 4426 Catliolica
2006 4391 2041 4432 ς·
2068 4393 2139 4427 ἰ.
2180 4391 2382 4428 vunnu
2422 4389 2569 4426 raom
2609 4389 2847 4426 unauna-

273 4465 456 4504 ncnwn
501 4463 920 4502 ησετιτντιοκνιι
961 4461 1106 4497 zinza
1139 4462 1191 4496 u.
1247 4445 1342 4504 Qui
1374 4455 1450 4496 cst
1485 4449 1552 4496 de
1588 4445 1863 4497 Catho!icis
1900 4449 2159 4498 nominum
2194 4456 2245 4496 et
2276 4448 2543 4496 verborum
2582 4445 2848 4496 Pam-laius

375 4523 406 4572 2
447 4519 801 4571 tractauimus
833 4531 869 4574 ς
917 4517 1244 4566 tractabimus
1286 4517 1332 4566 B
1475 4515 1537 4566 10
1581 4525 1636 4570 ut
1669 4533 1763 4567 om.
1802 4518 1867 4576 B,
1905 4517 2026 4568 add.
2062 4531 2097 4578 p
2242 4515 2306 4566 13
2352 4517 2489 4580 apud
2520 4513 2843 4579 Sallustium]
2920 4541 2929 4550 =

271 4589 304 4638 iu
327 4593 362 4642 ll
405 4593 758 4642 historiarum
805 4589 1106 4638 Priscianus
1155 4603 1208 4650 p.
1237 4586 1358 4638 6⁴1.
1397 4585 1539 4636 680:
1579 4587 1649 4648 cf.
1687 4589 1830 4650 infra
1862 4601 1917 4648 p.
1958 4587 2092 4636 1445
2292 4587 2422 4636 turia
2478 4585 2630 4636 liuius
2686 4587 2847 4636 turine

267 4675 292 4721 p
328 4662 502 4712 Thurin
543 4661 712 4710 huius
751 4657 976 4706 Thuriae
1013 4671 1046 4713 ς
1092 4667 1171 4720 et,
1219 4665 1271 4706 ut
1312 4657 1534 4718 videtur,
1577 4657 1624 4706 B
1800 4655 1863 4706 15
1908 4651 2189 4722 Vergilius]
2236 4671 2412 4720 yeory.
2445 4656 2463 4704 Ι
2501 4657 2605 4706 ‘208
2784 4656 2845 4706 17

269 4729 526 4798 Sallustius]
575 4733 632 4780 in
681 4727 918 4778 historiis
955 4727 1082 4776 libro
1119 4729 1138 4777 1
1179 4717 1472 4777 Priscianbs
1499 4741 1556 4788 p.
1601 4725 1694 4776 781
1734 4733 1783 4776 et
1817 4725 2020 4776 Servius
2057 4729 2105 4775 in
2152 4727 2310 4792 Verq.
2342 4741 2518 4792 year-9.
2558 4730 2593 4780 l.
2630 4743 2677 4780 c.

265 4807 362 4854 aciae
393 4805 447 4854 B
605 4801 684 4850 24
721 4797 980 4864 producta
1017 4811 1152 4846 corr.
1193 4797 1438 4862 producto
1467 4795 1518 4846 B

2356 4877 2443 4942 1*
