3434 5442
1273 340 1695 404 PRAEFATIO
2600 357 2695 402 xx
2706 313 2773 402 xi

220 529 436 592 fontem
487 527 792 612 quamvis
851 527 1143 611 graviter
1199 536 1266 590 et
1319 526 1887 612 grammaticorum
1946 526 2207 591 licentia
2260 537 2455 612 atque
2510 527 2777 591 consilio

219 641 272 694 et
310 639 662 714 temporum
708 628 1177 714 depravatione
1221 640 1598 715 corruptum
1640 627 2113 693 referebantur.

361 731 586 795 Restat
627 730 798 794 liber
841 729 936 794 de
979 730 1298 795 ultimis
1343 730 1696 816 syllabis
1744 729 1842 794 ad
1886 729 2441 795 Caelestinum
2474 733 2774 817 scriptus.

217 855 382 919 quem
423 831 662 897 librum
708 832 860 897 olim
891 832 1106 898 Probo
1138 831 1453 897 tributum
1498 841 1563 896 et
1605 855 1755 897 cum
1798 831 2131 898 catholicis
2176 835 2589 898 coniunctum
2636 855 2777 897 esse

215 959 320 1000 non
383 936 766 1000 auctoritate
831 932 982 998 libri
1040 957 1238 998 manu
1293 934 1550 1020 scripti,
1619 934 1736 998 sed
1790 937 2164 999 coniectura
2205 934 2535 1000 Parrhasii
2579 957 2779 1020 supra

213 1038 430 1101 dictum
477 1045 597 1101 est.
653 1058 852 1122 quam
894 1035 1334 1102 coniecturam
1388 1059 1536 1102 cum
1580 1037 1919 1101 novissimi
1965 1037 2243 1102 editores
2288 1038 2495 1102 secuti
2540 1046 2775 1118 essent,

217 1137 560 1204 Guilelmus
603 1137 992 1203 Freundius.
1041 1139 1254 1202 annal.
1301 1137 1524 1224 philol.
1570 1147 1618 1202 t.
1663 1138 1725 1202 V
1773 1137 1860 1222 (a.
1912 1139 2102 1224 1832)
2150 1162 2215 1223 p.
2261 1147 2337 1210 91
2388 1161 2527 1226 sqq.
2574 1140 2777 1224 longi-

213 1261 304 1304 ore
342 1234 802 1325 disputatione
839 1241 1146 1328 probavit
1196 1239 1370 1304 hunc
1425 1240 1665 1304 librum
1722 1261 1931 1327 neque
1986 1262 2104 1326 pro
2157 1243 2475 1307 institutis
2521 1243 2776 1322 artium,

211 1363 354 1428 quae
393 1342 552 1407 olim
597 1352 750 1407 ante
793 1340 1114 1408 catholica
1155 1343 1372 1428 posita
1414 1351 1616 1424 erant,
1661 1341 1889 1408 haberi
1934 1363 2124 1428 posse
2168 1364 2377 1430 neque
2420 1341 2506 1406 ab
2551 1343 2777 1408 eodem

213 1453 448 1508 auctore
517 1451 717 1530 atque
783 1444 966 1509 illum
1037 1445 1350 1531 scriptum
1409 1467 1570 1508 esse.
1639 1465 1913 1531 quorum
1970 1455 2315 1532 utrumque
2368 1442 2563 1509 facile
2605 1467 2778 1510 nunc

211 1568 406 1610 omnes
447 1545 807 1610 concedere
833 1556 1013 1633 puto·
1069 1546 1320 1611 scilicet
1346 1545 1508 1611 illud
1538 1549 1756 1632 potius
1787 1547 2357 1612 demonstrandum
2386 1546 2532 1628 fuit,
2578 1547 2776 1612 Probi

211 1669 413 1712 nomen
468 1647 558 1712 ad
613 1647 790 1713 hunc
847 1670 1103 1736 quoque
1158 1647 1398 1714 librum
1451 1650 1809 1734 pertinere,
1878 1650 2080 1735 siquis
2135 1651 2231 1714 ita
2284 1649 2774 1730 existimaverit,

209 1773 318 1814 non
357 1751 420 1814 id
465 1749 645 1837 quod
687 1749 870 1815 nullo
913 1760 1209 1815 veterum
1253 1751 1623 1816 testimonio
1679 1750 1993 1816 traditum
2048 1759 2177 1833 est,
2236 1773 2277 1815 a
2319 1751 2532 1816 Probo
2579 1751 2778 1835 scrip-

209 1863 327 1915 tum
353 1874 478 1916 non
509 1871 690 1935 esse,
736 1853 951 1918 doceri
996 1874 1160 1938 opus
1204 1852 1351 1918 fuit.
1365 1851 1430 1940 ³⁸)
1477 1875 1677 1939 quare
1722 1853 1980 1936 librum,
2027 1854 2107 1919 de
2151 1855 2335 1919 cuius
2380 1862 2640 1918 auctore
2682 1855 2775 1917 ni-

209 1954 287 2018 hil
325 1954 582 2018 omnino
625 1963 900 2035 constat,
947 1956 1257 2040 quoniam
1301 1977 1342 2018 a
1385 1955 1710 2041 prioribus
1756 1955 2115 2021 editoribus
2160 1979 2309 2021 cum
2352 1955 2549 2020 Probi
2590 1955 2777 2020 libris

209 2058 568 2121 coniunctus
613 2067 773 2139 crat,
819 2079 989 2122 nunc
1033 2079 1290 2143 quoque
1319 2080 1468 2122 cum
1496 2057 1598 2122 his
1644 2057 1983 2140 edendum,
2030 2058 2147 2123 sed
2190 2081 2231 2123 a
2268 2059 2535 2144 reliquis
2563 2058 2773 2122 seiun-

208 2159 464 2242 gendum
508 2161 764 2245 putavi.

652 2347 762 2413 111
832 2347 958 2412 DE
1003 2347 1354 2414 DONATI
1397 2347 1641 2413 ARTE
1688 2347 2299 2414 GRAMMATICA

352 2483 598 2548 Donati
655 2505 762 2547 ars
821 2485 1118 2569 quamvis
1176 2483 1398 2549 multis
1454 2483 1638 2549 libris
1695 2479 1892 2548 manu
1949 2486 2205 2570 scriptis
2263 2493 2626 2571 propagata
2669 2486 2772 2564 sit,

207 2595 398 2648 tamen
437 2586 506 2649 in
555 2585 785 2670 paucis
831 2585 936 2648 vel
982 2587 1256 2671 integra,
1305 2588 1472 2651 sicut
1513 2587 1690 2650 edita
1721 2595 1837 2668 est,
1883 2587 1988 2651 vel
2017 2586 2243 2652 eodem
2275 2587 2500 2652 ordine
2531 2588 2777 2672 scripta

209 2687 527 2751 invenitur.
603 2708 756 2750 nam
808 2708 956 2751 cum
1010 2691 1318 2752 universa
1371 2711 1477 2753 ars
1532 2689 1600 2753 in
1658 2699 1878 2775 partes
1943 2688 2260 2775 quasdam
2317 2690 2529 2754 divisa
2584 2695 2773 2772 esset,

209 2809 318 2852 non
357 2787 570 2853 solum
611 2798 832 2874 partes
876 2788 1028 2855 libri
1073 2789 1258 2854 aliter
1300 2792 1364 2854 in
1413 2790 1557 2856 aliis
1601 2791 1935 2856 codicibus
1978 2790 2328 2877 dispositae
2374 2799 2439 2856 et
2479 2791 2772 2856 interiec-

207 2894 275 2954 tis
333 2889 652 2956 similibus
717 2893 1193 2957 commentariis
1260 2892 1642 2975 distractae,
1691 2893 1807 2958 scd
1840 2893 2039 2957 eiiam
2083 2892 2376 2978 singulae
2430 2892 2536 2958 vel
2579 2893 2773 2958 binae

209 3001 416 3076 ραι-108,
449 2995 623 3058 sicut
665 3016 826 3058 usus
859 2994 1184 3079 exigebat,
1226 3004 1526 3081 receptae
1557 3005 1622 3060 et
1666 2996 1924 3061 diverso
1968 2996 2160 3061 modo
2205 2996 2553 3082 inscriptae
2598 3004 2768 3060 sunt.

209 3095 400 3179 itaque
443 3105 518 3159 ut
560 3095 1013 3180 intellegatur,
1080 3117 1247 3181 quae
1305 3099 1388 3161 sit
1438 3096 1752 3162 librorum
1794 3119 1994 3163 manu
2037 3099 2425 3184 scriptorum
2468 3098 2769 3175 varietaS,

211 3195 462 3260 indicem
506 3199 832 3278 codicum,
879 3199 990 3284 qui
1037 3198 1118 3262 ad
1163 3221 1306 3262 eam
1349 3221 1485 3262 rem
1528 3200 2045 3285 cognoscendam
2088 3201 2371 3264 maxime
2414 3200 2633 3264 idonei
2676 3199 2770 3264 vi—

209 3297 444 3379 dentur,
492 3299 846 3364 subiciam.
883 3299 1120 3385 inquo
1154 3321 1262 3364 eos
1294 3301 1530 3387 quibus
1575 3303 1640 3366 in
1683 3301 1852 3367 libro
1883 3303 2130 3367 Donati
2171 3299 2567 3367 recensendo
2612 3321 2767 3364 usus

211 3421 330 3461 sum
369 3403 738 3466 accuratius
783 3399 1116 3482 indicabo,
1177 3403 1259 3466 de
1303 3402 1450 3467 aliis
1495 3404 1885 3488 quibusdam
1940 3405 2207 3469 brevius
2263 3403 2495 3469 dicam.
2561 3405 2769 3489 primo

213 3501 326 3566 loco
385 3514 602 3568 autem
649 3525 886 3590 ponam
933 3525 1041 3567 cos
1097 3503 1332 3582 libros,
1395 3506 1506 3590 qui
1564 3507 1780 3569 omnia
1835 3529 2001 3593 quae
2056 3506 2305 3570 Donati
2360 3507 2618 3571 nomine
2674 3504 2769 3568 in-

216 3589 422 3689 scripta
463 3604 771 3670 feruntur
813 3607 1162 3687 continent,
1208 3606 1441 3671 deinde
1488 3629 1597 3670 cos
1643 3607 1755 3694 qui
1783 3620 2035 3694 partem
2066 3610 2370 3695 aliquam.
2424 3609 2769 3674 universae

215 3707 380 3788 igitur
417 3711 578 3771 artis
625 3708 882 3772 codices
928 3717 1080 3772 sunt
1123 3708 1222 3773 hi:

353 3807 576 3874 Codex
622 3809 962 3874 Leidensis
1009 3809 1166 3876 bibl.
1215 3810 1394 3896 publ.
1445 3820 1566 3880 122
1621 3814 1687 3876 in
1745 3814 2137 3879 membranis
2189 3814 2401 3878 forma
2452 3812 2769 3898 quadrata

221 3909 436 3974 saeculo
495 3912 751 3977 decimo
807 3911 1108 3996 scriptus.
1168 3913 1214 3976 f.
1277 3923 1305 3981 1
1371 3919 1634 3978 Nomina
1697 3937 1904 3980 novem
1962 3921 2361 3980 Musarum—
2412 3919 2503 3977 De
2550 3920 2770 3992 fiquris

217 4017 400 4087 pedum
439 4053 524 4064 -—
565 4015 618 4079 f.
668 4025 706 4083 4
753 4017 915 4078 ARS
953 4017 1270 4078 DONATJ
1328 4019 1868 4082 GRAMMATICI
1926 4021 2179 4083 URBJS
2220 4020 2519 4080 ROMAE
2556 4019 2769 4079 Partes

223 4121 468 4180 orationis
521 4128 670 4197 quot
721 4127 862 4181 sunt
917 4115 1100 4200 (355,
1160 4122 1229 4202 2)
1277 4155 1360 4164 —
1402 4117 1452 4181 f.
1501 4127 1579 4188 12
1637 4130 1694 4184 et
1743 4127 1919 4200 siqua
1961 4130 2102 4186 sunt
2142 4127 2365 4184 similia
2411 4117 2583 4203 (366,
2632 4119 2765 4202 17).

327 4320 370 4386 ⁸)
403 4323 610 4374 Tamen
649 4323 910 4374 Osannus
947 4323 1176 4387 symbol.
1213 4323 1324 4377 litt.
1359 4325 1470 4378 vol.
1510 4325 1564 4375 ΙΙ
1610 4341 1661 4390 p.
1704 4328 1801 4375 194
1838 4341 1989 4391 sqq.,
2037 4329 2197 4390 quasi
2238 4326 2581 4392 exploratum
2618 4329 2767 4375 esset

231 4399 357 4456 Probi
389 4407 528 4458 hunc
565 4408 769 4458 librum
807 4423 948 4470 esse,
984 4409 1154 4474 longa
1189 4408 1566 4475 disputatione
1604 4411 1981 4462 demonstrare
2020 4417 2252 4463 conatus
2290 4415 2376 4462 cst
2412 4415 2468 4461 et
2502 4411 2648 4460 hunc
2684 4412 2765 4460 in·

233 4489 498 4542 stitutorum
523 4505 668 4555 quae
694 4493 840 4542 dixit
874 4497 930 4543 et
965 4493 1360 4544 catholicorum
1395 4495 1596 4546 librum
1633 4512 1698 4545 ex
1736 4497 1991 4547 uberiore
2017 4497 2185 4547 Probi
2221 4498 2453 4548 iunioris
2478 4513 2645 4562 opere
2673 4513 2765 4547 ex-

237 4579 432 4638 eerptum
467 4592 606 4628 esse.
677 4579 736 4627 in
781 4592 889 4641 quo
934 4582 995 4628 ut
1029 4578 1172 4628 illud
1207 4577 1272 4630 de
1313 4579 1452 4629 libro
1491 4579 1562 4628 ad
1600 4578 1979 4631 Caelestinum
2016 4582 2161 4632 omni
2198 4583 2413 4632 ratione
2465 4587 2645 4644 caret,
2682 4582 2765 4630 ita

239 4657 488 4710 uberiorem
515 4662 916 4712 catholicorum
953 4663 1248 4714 editionem
1287 4681 1320 4714 a
1355 4665 1735 4730 grammaticis
1758 4671 2078 4732 usurpatam
2118 4683 2239 4717 esse
2262 4667 2415 4718 nullo
2442 4672 2764 4732 argumento

239 4741 462 4799 probatur.
543 4761 726 4810 neque
773 4747 1070 4823 quidquam
1107 4750 1192 4798 his
1240 4750 1492 4799 omnibus
1541 4749 1829 4814 proficitur
1874 4751 1945 4800 ad
1990 4753 2153 4801 istam
2200 4751 2265 4802 de
2313 4754 2525 4802 iuniore
2574 4753 2762 4816 aliquo

241 4821 372 4878 Probo
403 4831 724 4896 opinionem,
762 4837 984 4898 propter
1019 4849 1180 4897 quam
1218 4833 1501 4899 disputata
1539 4839 1686 4899 sunt,
1728 4835 2169 4889 confirmandam.
