3434 5442
598 317 680 380 os
1476 297 1485 304 ’
1783 317 2012 381 PROBI

664 423 673 431 '
699 446 743 488 p.
771 435 861 477 m.
882 432 932 475 τε
960 432 1015 474 R.
1582 402 1589 410 ¹
1799 479 1804 484 ,
2769 447 2814 489 Ι».
2841 433 2932 477 25³.
2951 434 3004 475 5⁴
3029 433 3089 474 v.

598 505 767 574 ritur,
814 507 863 567 si
906 506 1053 566 haec
1080 499 1277 584 'supra
1308 505 1460 566 dicta
1498 504 1750 587 [forma]
1797 507 2128 568 communis
2171 507 2406 586 generis
2451 506 2688 566 nomina
2735 523 2806 566 ex
2838 523 2942 565 sua
2991 505 3194 584 specie

598 609 659 667 in
698 624 916 684 genera
964 615 1171 668 neutra
1214 613 1539 678 transeant,
1589 609 1647 668 in
1686 609 1896 670 eodem
1939 626 2158 686 genere
2203 613 2414 669 neutro
2457 610 2516 668 in
2559 607 2808 686 positivo
2845 607 3035 685 gradu
3085 623 3190 679 no-

596 709 873 770 minativo
919 727 1061 770 casu
1102 709 1336 770 numeri
1380 708 1694 787 singularis
1753 729 1869 790 qua
1911 709 2103 772 littera
2165 708 2420 772 debeant
2473 709 2802 770 terminari.
2889 711 3095 788 utique
3136 728 3188 776 e,

596 809 820 871 scilicet
863 812 1171 888 quoniam,
1230 829 1639 891 quaecumque
1684 814 1918 894 generis
1961 812 2292 873 communis
2331 810 2570 872 nomina
2597 811 2676 870 'in
2713 811 2962 889 positivo
3001 810 3188 888 gradu

542 937 566 975 5
594 913 950 972 nominativo
990 931 1130 974 casu
1180 915 1415 975 numeri
1458 912 1776 990 singularis
1829 915 1878 974 is
1919 913 2130 974 litteris
2175 912 2564 982 definiuntur,
2627 913 2676 973 si
2718 931 2791 973 ex
2839 929 2950 973 sua
2991 913 3189 992 specie

589 1015 649 1073 in
692 1031 909 1092 genera
958 1021 1171 1076 neutra
1223 1020 1560 1082 transeunt,
1616 1013 1764 1075 haec
1807 1014 2014 1076 eadem
2065 1032 2283 1093 genera
2337 1022 2545 1076 neutra
2605 1017 2664 1075 in
2703 1015 2955 1093 positivo
2999 1013 3186 1090 gradu

591 1116 949 1178 nominativo
995 1133 1136 1178 casu
1179 1117 1412 1180 numeri
1456 1115 1776 1195 singularis
1821 1136 1854 1178 e
1903 1116 2097 1178 littera
2143 1117 2555 1178 terminantur.
2646 1123 2708 1178 at
2749 1134 2890 1176 vero
2938 1114 3188 1194 pluralia

590 1218 647 1278 ia
690 1215 901 1279 litteris
946 1218 1337 1290 definiuntur,
1392 1224 1458 1279 ut
1502 1225 1640 1296 puta
1698 1216 1798 1278 hic
1845 1214 2087 1280 et'haec
2129 1218 2296 1280 fortis
2349 1218 2478 1280 hoc
2507 1217 2672 1302 forte·
2719 1223 2779 1279 et
2817 1217 2968 1279 haec
3011 1217 3184 1278 fortia

588 1319 789 1381 facere
832 1319 1062 1382 debeat.
1097 1316 1125 1404 ΙΙ
3117 1329 3124 1335 ’

514 1439 565 1482 ιο
763 1421 910 1484 Item
947 1423 1007 1482 in
1049 1421 1162 1482 hac
1204 1440 1381 1501 supra
1416 1423 1569 1484 dicta
1607 1423 1798 1483 forma
1843 1424 2166 1504 quaeri-tur,
2213 1441 2326 1502 qua
2369 1423 2444 1484 de
2485 1439 2660 1483 causa
2705 1419 3182 1482 facillimus‘non

587 1522 977 1602 superlativus
1038 1523 1257 1602 gradus
1318 1523 1745 1606 [sacilissimus]
1813 1543 1944 1586 esse
2002 1525 2249 1586 dicatur.
2337 1523 2448 1584 hac
2503 1524 2578 1584 de
2629 1541 2833 1592 causa,
2903 1523 3182 1600 quoniam

588 1643 1000 1706 quaecumque
1051 1628 1287 1704 generis
1333 1627 1663 1688 communis
1706 1628 1946 1688 nomina
2002 1629 2062 1687 in
2106 1628 2356 1706 positivo
2403 1625 2592 1704 gradu
2632 1624 2994 1686 nominativo
3041 1641 3183 1684 casu

590 1729 826 1789 numeri
868 1725 1181 1808 singularis
1218 1730 1271 1790 is
1312 1727 1522 1790 litteris
1566 1729 1945 1796 definiuntur,
1989 1729 2037 1788 si
2083 1727 2470 1806 superlativos
2514 1727 2732 1804 gradus
2779 1744 2848 1787 ex
2882 1745 2950 1786 se
2985 1725 3184 1786 facere

588 1835 866 1907 possunt,
917 1829 1067 1891 haec
1108 1831 1169 1890 in
1220 1830 1427 1892 eodem
1474 1831 1830 1891 nominativo
1879 1849 2018 1892 casu
2062 1831 2297 1890 numeri
2337 1826 2649 1906 singularis
2703 1829 2890 1888 simus
2929 1823 3186 1906 syllabas

513 1949 563 1989 ιε
590 1933 883 2008 accipiunt
936 1937 995 1992 et
1044 1931 1461 2010 superlativum
1531 1932 1778 2010 gradum
1841 1932 2078 2010 generis
2131 1929 2440 1992 masculini
2499 1930 2833 1992 ostendunt.
2921 1945 3083 1988 nunc
3135 1930 3186 1988 si

588 2031 775 2094 facilis
818 2033 1003 2094 simus
1060 2032 1311 2114 syllabas
1363 2035 1639 2113 accipiat,
1692 2033 2116 2113 numquidnam
2171 2031 2482 2093 facillimus
2539 2038 2598 2093 et
2639 2049 2756 2091 non
2815 2027 3186 2092 sacilissimus

588 2133 805 2213 facelre
846 2135 1153 2197 ostendat?
1222 2143 1279 2197 et
1320 2136 1455 2196 ideo
1500 2135 1844 2198 facillimum
1889 2153 2007 2195 non
2055 2133 2301 2213 gradum
2359 2151 2532 2196 suum
2583 2132 3004 2210 superlativum
3051 2150 3186 2192 esse

588 2235 1004 2298 demonstrat·
1059 2243 1367 2315 praeterea
1411 2238 1585 2300 etiam
1631 2235 1748 2297 hoc
1789 2255 2117 2306 monemuS,
2161 2236 2321 2314 quod
2367 2242 2613 2314 propter
2651 2253 2828 2296 sonos
2871 2235 3050 2295 metri
3093 2232 3186 2292 vel

587 2347 921 2399 structurae
962 2356 1083 2399 non
1120 2339 1347 2418 possint
1384 2337 1724 2416 superlativi
1758 2339 1986 2417 gradus·
2015 2345 2150 2400 ante
2187 2337 2450 2398 ultimam
2495 2335 2776 2417 syllabam
2810 2336 2850 2396 li
2894 2334 3186 2416 syllabam

512 2455 565 2496 πο
591 2437 814 2500 habere
876 2442 1273 2502 constitutam.
1360 2439 1462 2500 sed
1522 2458 1637 2520 qua
1693 2441 1768 2501 de
1825 2459 1999 2502 causa
2055 2437 2394 2518 superlativi
2449 2438 2669 2518 gradus
2727 2446 2864 2500 ante
2913 2435 3185 2498 ultimam

589 2539 868 2620 syllabam
926 2559 1045 2622 non
1103 2543 1331 2620 possint
1396 2550 1639 2620 propter
1692 2544 1997 2604 metricam
2049 2543 2336 2602 rationem
2391 2539 2490 2624 yel
2543 2523 2902 2600 structuram
2959 2537 3188 2600 habere

583 2640 628 2702 li
672 2641 953 2720 syllabam
1000 2645 1393 2712 constitutam,
1441 2625 1617 2705 etiam
1662 2644 1777 2704 hoc
1815 2642 1876 2704 in
1921 2621 2124 2705 metris
2167 2647 2551 2722 conpetenter
2593 2640 2994 2702 tractabimus.

760 2735 907 2805 Item
949 2746 1011 2806 in
1048 2745 1160 2806 hac
1204 2743 1411 2816 forma,
1458 2764 1575 2826 qua
1612 2745 1866 2806 diximus
1909 2747 2142 2824 generis
2186 2745 2517 2805 communis
2561 2743 2798 2804 nomina
2840 2744 2898 2802 in
2931 2743 3188 2821 positivo

589 2845 779 2922 gradu
823 2847 1183 2936 nominativo
1228 2865 1369 2909 casu
1414 2848 1643 2908 numeri
1684 2846 2002 2924 singularis
2040 2849 2086 2909 is
2131 2845 2339 2907 litteris
2387 2844 2635 2912 definiri,
2683 2845 3018 2922 quaeritur,
3062 2861 3188 2924 qua

512 2962 563 3004 τε
590 2947 665 3008 de
696 2965 873 3010 causa
916 2947 1065 3010 haec
1106 2949 1331 3010 iuvenis
1374 2947 1522 3010 dure
1566 2950 1904 3029 accipiatur,
1952 2968 2086 3010 cum
2137 2949 2365 3010 iuvenis
2403 2946 2732 3008 communis
2776 2947 3016 3024 generis
3051 2965 3188 3008 ωδε

588 3047 891 3110 doceatur.
982 3069 1165 3128 quare
1210 3050 1326 3112 hoc
1376 3069 1716 3122 monemus,
1779 3051 1936 3131 quod
1997 3053 2422 3128 cuiuscumque
2475 3049 2708 3126 generis
2761 3049 3000 3109 nomina
3049 3050 3186 3110 iun-

589 3157 810 3228 guntur
860 3170 995 3212 cum
1052 3149 1303 3215 alterius
1352 3154 1587 3230 generis
1637 3152 1952 3221 vocabulo,
2012 3152 2160 3213 haec
2217 3149 2642 3212 consideranda
2697 3167 2830 3210 esse
2883 3167 3062 3228 quem
3111 3150 3186 3212 ad

588 3251 829 3312 modum
874 3269 1052 3314 sonos
1086 3272 1225 3315 suos
1258 3254 1603 3316 exhibeant:
1649 3254 1765 3316 hoc
1795 3263 1900 3325 est,
1933 3255 1982 3315 si
2012 3254 2083 3314 ad
2125 3255 2502 3314 coniunctum
2545 3267 2734 3329 genus
2763 3251 3184 3330 respondeant,

590 3356 717 3416 eius
760 3357 997 3431 generis
1038 3374 1166 3416 esse
1212 3355 1388 3426 dicas,
1430 3359 1596 3419 cuius
1635 3358 1870 3435 generis
1915 3375 2044 3418 esse
2096 3362 2397 3435 oporteat;
2443 3355 2532 3414 sin
2576 3371 2716 3414 vero
2757 3354 2816 3413 in
2857 3370 3025 3422 sono,
3063 3353 3186 3414 hoc

511 3471 564 3512 ³⁰
592 3461 680 3516 est
718 3475 751 3516 a
800 3473 1049 3534 genere,
1096 3457 1460 3537 discrepant,
1502 3475 1611 3536 pro
1654 3457 1950 3520 locutione
1995 3459 2262 3536 accipias
2353 3455 2460 3518 sed
2507 3456 2656 3517 haec
2699 3457 2991 3534 apertiuS,
3043 3474 3186 3516 cum

591 3555 665 3618 de
706 3559 867 3617 sonis
912 3560 971 3618 in
1018 3559 1224 3619 metris
1268 3566 1520 3620 tractare
1569 3561 1962 3640 coeperimus,
2011 3559 2402 3621 ostendemus.
2471 3575 2631 3618 nunc
2673 3558 2848 3618 etiam
2892 3557 3009 3617 hoc
3053 3575 3186 3618 mo-

592 3675 828 3728 nemuS,
890 3660 1047 3737 quod
1092 3660 1205 3720 hoc
1250 3677 1497 3730 nomen,
1544 3661 1600 3722 id
1647 3669 1738 3722 est
1778 3662 2034 3730 iuvenis,
2088 3662 2147 3720 in
2187 3677 2405 3738 genere
2449 3667 2662 3720 neutro
2719 3665 2964 3738 propter
3007 3663 3184 3720 metri

590 3759 682 3820 vel
728 3766 1062 3822 structurae
1098 3780 1310 3823 sonum
1357 3779 1671 3824 numerum
1721 3761 2006 3841 pluralem
2052 3762 2245 3822 facere
2289 3761 2687 3839 prohibeatur.

762 3863 915 3923 Sane
960 3862 1072 3923 hoc
1115 3867 1455 3934 monemus,
1491 3866 1549 3925 in
1596 3863 1706 3925 hac
1754 3867 1939 3925 forma
1979 3865 2212 3943 generis
2255 3865 2611 3934 communis,
2661 3881 2774 3942 qua
2819 3864 3075 3924 diximus
3125 3865 3186 3924 in

514 3979 565 4022 ³5
594 3966 842 4044 positivo
885 3964 1073 4043 gradu
1114 3966 1474 4026 nominativo
1521 3984 1659 4027 casu
1706 3968 1935 4027 numeri
1971 3965 2284 4042 singularis
2327 3967 2564 4026 nomina
2609 3967 2659 4025 is
2687 3964 2898 4026 litteris
2927 3963 3184 4034 definiri,

591 4066 751 4146 quod
802 4085 873 4127 ex
922 4084 988 4127 ea
1035 4065 1225 4128 forma
1270 4066 1473 4146 plures
1517 4069 1664 4137 soni,
1712 4068 1826 4128 hoc
1856 4075 1946 4130 est
1981 4087 2050 4128 eo
2095 4067 2266 4146 plura
2311 4069 2580 4142 nomina,
2625 4068 2854 4146 possint
2891 4065 3183 4128 exhiberi.

592 4169 665 4230 de
702 4169 889 4230 forma
933 4169 1169 4246 generis
1210 4169 1555 4238 communis,
1603 4186 1717 4248 qua
1757 4171 1814 4230 in
1847 4171 2095 4248 positivo
2134 4169 2322 4248 gradu
2365 4169 2723 4230 nominativo
2759 4185 2902 4230 casu
2945 4171 3185 4229 numeri

590 4268 909 4347 singularis
965 4272 1201 4332 nomina
1248 4271 1295 4332 is
1350 4272 1561 4334 litteris
1617 4271 1852 4332 definita
1898 4289 2076 4351 quem
2117 4270 2190 4332 ad
2237 4271 2478 4332 modum
2537 4289 2608 4332 ex
2651 4287 2715 4331 se
2759 4269 2976 4332 saciant
3019 4287 3184 4332 com-

736 4440 759 4488 1
808 4440 851 4488 si
889 4439 1012 4490 llaec
1048 4457 1206 4504 supra
1240 4441 1375 4491 dieta
1410 4439 1578 4491 forma
1613 4441 1657 4492 R
1707 4443 1750 4491 si
1789 4439 1914 4490 haec
1944 4457 2102 4506 supra
2138 4441 2300 4491 dictae
2339 4441 2531 4491 formae
2567 4458 2599 4490 r
2736 4443 2770 4494 9
2806 4440 2989 4491 debeat
3021 4457 3052 4489 r
3089 4440 3186 4491 de—

513 4551 519 4556 .
594 4509 743 4558 beant
775 4510 819 4558 lt
993 4509 1052 4559 11
1094 4511 1425 4560 facilissimus
1460 4526 1572 4560 esse
1601 4527 1632 4560 π·
1668 4511 2009 4560 sacilissumus
2041 4525 2157 4562 esse
2192 4512 2239 4561 R
2419 4511 2484 4561 16
2519 4513 2682 4561 simus
2717 4527 2748 4560 r
2786 4525 2964 4562 sumus
2995 4511 3040 4561 R

598 4579 658 4628 17
698 4587 744 4628 et
784 4577 899 4630 ideo
932 4577 1205 4630 facillimus
1250 4595 1349 4630 non
1387 4579 1720 4630 facilissimus
1757 4581 1974 4647 gradum
2015 4599 2044 4632 v
2220 4579 2284 4630 10
2327 4581 2360 4630 li
2401 4581 2647 4646 syllabam
2683 4581 2728 4632 R
2764 4581 2828 4630 lis
2864 4579 3117 4644 syllabam
3153 4599 3188 4630 r·

731 4646 790 4696 2¹
842 4657 1142 4698 structuram
1178 4667 1209 4700 r·
1243 4659 1612 4701 structurarum
1643 4651 1691 4702 R
1832 4651 1900 4700 22
1943 4651 1974 4699 li
2019 4651 2262 4716 syllabam
2301 4650 2347 4700 R
2385 4650 2450 4700 lis
2485 4651 2733 4716 syllabam
2769 4667 2800 4699 r
2940 4651 3184 4701 tractabi—

593 4732 705 4766 mus
740 4731 771 4764 r
806 4720 1132 4770 tractauimue
1172 4720 1217 4770 R
1358 4720 1426 4772 28
1463 4735 1617 4770 sonos
1653 4737 1681 4771 v
1716 4733 1874 4770 sonus
1905 4719 1948 4770 R
2109 4719 2172 4770 31
2215 4721 2541 4771 ostendemus
2571 4737 2603 4770 r
2637 4719 2955 4770 ostendimus
2997 4721 3042 4771 R

592 4785 659 4838 35
694 4789 901 4836 nomina
935 4803 1028 4842 om.
1072 4789 1135 4852 R,
1170 4791 1291 4844 add.
1325 4807 1354 4838 r·
1493 4791 1561 4841 38
1597 4791 1751 4840 saciat
1783 4790 1856 4842 Ru
3031 4811 3039 4816 ·
