3434 5442
947 331 1357 395 EXPLANAT.
1404 332 1482 394 ΙΝ
1529 331 1887 395 uoNATvM
1934 333 2071 394 LlB.
2116 332 2143 393 1
2714 337 2836 400 503

2419 453 2463 494 p.
2491 441 2583 483 ωτ.
2610 441 2659 482 os
2688 439 2734 481 L.

259 521 408 583 mihi
450 521 783 603 prandere'
827 529 887 582 et
931 521 1040 583 ‘da
1083 520 1230 582 mihi
1273 519 1548 582 bibere’:
1592 521 1703 582 ista
1752 522 1909 582 enim
1954 520 2171 581 locutio
2218 537 2419 582 casum
2464 518 2649 582 verbo
2695 537 2835 580 con·

258 625 473 702 iungit.
560 623 665 685 sed
705 623 818 684 ista
863 624 1228 685 consuetudo
1273 641 1345 683 ex
1391 623 1619 684 Graeco
1663 640 1773 685 usu
1821 621 2151 683 descendit:
2214 641 2351 684 nam
2398 624 2607 684 Graeci
2652 621 2835 682 verbo

257 732 319 787 et
373 724 654 788 articulos
705 725 956 802 iungunt
1012 724 1270 786 dicentes
1327 719 1442 798 δὸς
1483 717 1558 786 τὰ
1605 731 1805 786 πιεῖν.
1896 741 2037 803 ergo
2101 724 2233 786 ideo
2279 724 2424 786 dixit
2471 730 2487 758 ‘
2510 743 2643 786 cum
2688 733 2835 786 tem·

255 847 404 908 pore
449 833 509 888 et
549 843 802 907 persona
847 828 974 888 sine
1017 845 1156 888 casu
1170 831 1212 886 ⁹.

425 929 620 990 Verbo
685 937 910 1009 septem
979 926 1278 997 accidunt,
1347 925 1595 1008 qualitas
1660 929 1993 1008 coniugatio
2056 948 2243 1010 genus
2309 948 2591 992 numerus
2648 930 2831 1009 figura
2858 950 2885 990 s

257 1039 493 1111 tempus
536 1048 809 1111 persona.
900 1031 1054 1092 scire
1098 1028 1382 1090 dehemus
1427 1030 1582 1109 quod
1631 1049 1807 1092 omne
1850 1030 2093 1092 verbum
2140 1033 2557 1112 cuiuscumque
2602 1033 2837 1110 generis

255 1133 403 1194 duas
457 1134 911 1212 significationes
967 1131 1145 1193 habet
1199 1139 1459 1202 tantum,
1527 1140 1628 1194 aut
1679 1133 1907 1212 agentis
1958 1143 2060 1195 aut
2116 1136 2419 1213 patientis;
2494 1131 2663 1194 aliter
2706 1135 2832 1196 fieri

253 1252 366 1314 per
407 1253 612 1296 rerum
660 1241 928 1296 naturam
975 1252 1094 1295 non
1138 1241 1360 1313 potest:
1408 1231 1542 1310 lego
1585 1235 1815 1314 agentis
1860 1242 1977 1305 est,
2024 1233 2190 1314 legor
2230 1236 2525 1314 patientis.
2596 1237 2659 1296 in
2702 1237 2832 1315 ipso

253 1343 468 1398 neutro
514 1342 616 1398 aut
658 1338 884 1414 agentis
927 1337 1190 1398 invenies
1237 1335 1723 1414 significationem
1770 1343 1871 1398 aut
1913 1337 2203 1416 patientis,
2237 1338 2484 1415 agentis,
2530 1345 2593 1397 ut
2635 1355 2829 1408 curro,

251 1439 550 1517 patientis,
595 1446 662 1499 ut
703 1437 932 1517 vapulo.
1023 1439 1224 1516 atquin
1271 1446 1546 1498 neutrum
1595 1444 1712 1506 est,
1761 1447 1820 1500 et
1864 1456 1975 1498 nec
2018 1435 2161 1498 illud
2206 1437 2427 1502 habere
2474 1437 2676 1522 debuit
2718 1455 2827 1500 nec
2859 1455 2907 1496 10

249 1538 418 1600 illud.
481 1547 540 1601 et
581 1541 968 1619 interrogavit
1009 1537 1329 1611 Filocalus,
1375 1541 1715 1620 ‘possumus
1760 1548 1957 1602 tamen
2001 1541 2265 1602 invenire
2310 1540 2626 1611 neutralia,
2674 1560 2827 1622 quae

253 1641 478 1704 nullam
525 1640 742 1703 habent
785 1641 1304 1721 significationem,
1352 1651 1416 1702 ut
1459 1651 1552 1702 est
1595 1641 1882 1703 dormio’.
1947 1651 2007 1704 et
2036 1643 2341 1722 respondit
2370 1645 2621 1723 ‘agentis
2650 1642 2827 1705 habet

248 1743 765 1825 significationem.
863 1745 946 1815 vis
989 1742 1178 1804 scire?
1222 1761 1458 1824 possum
1505 1751 1566 1804 et
1611 1762 1731 1804 non
1777 1743 2063 1816 dormire,
2112 1747 2385 1824 quoniam
2432 1747 2495 1806 in
2538 1753 2824 1826 potestate

251 1855 458 1908 nostra
503 1853 612 1907 est.
673 1854 810 1908 sunt
839 1844 1031 1925 aliqua
1067 1846 1078 1923 Ι
1115 1863 1266 1926 quae
1311 1854 1555 1908 naturae
1601 1845 1790 1907 danda
1834 1853 1997 1916 sunt,
2044 1864 2164 1907 non
2208 1849 2434 1916 omnia:
2480 1847 2583 1908 sed
2628 1855 2825 1909 tamen

249 1950 362 2010 ista
408 1966 560 2028 quae
604 1967 714 2028 per
759 1955 1030 2010 naturam
1074 1949 1318 2010 veniunt
1362 1951 1477 2010 nisi
1522 1945 2027 2010 consentientibus
2072 1947 2241 2010 nobis
2285 1966 2404 2009 non
2449 1950 2822 2030 conplentur.
2852 1969 2902 2012 ιε

245 2051 380 2112 sitio
437 2069 635 2112 meum
693 2067 814 2112 non
868 2057 984 2122 est,
1041 2049 1143 2110 sed
1189 2051 1401 2112 accidit
1443 2058 1507 2111 ut
1549 2051 1803 2120 sitirem,
1852 2056 1911 2110 et
1952 2058 2149 2112 tamen
2192 2067 2429 2130 possum
2477 2071 2593 2114 non
2640 2055 2825 2114 sitire.

247 2171 362 2233 qua
417 2154 648 2214 ratione
703 2152 935 2232 decepti
987 2162 1127 2214 sunt
1178 2160 1245 2213 ut
1295 2153 1410 2214 hoc
1464 2159 1773 2232 putarent:
1846 2169 1985 2214 nam
2042 2150 2211 2213 multi
2254 2151 2457 2214 dicunt
2496 2154 2557 2216 id
2602 2157 2829 2234 agentis

247 2273 413 2327 esse,
463 2256 616 2336 qnod
664 2254 777 2317 alio
823 2261 1034 2334 agente
1079 2252 1226 2316 alius
1269 2255 1516 2335 patitur,
1576 2261 1641 2314 ut
1684 2252 1953 2314 verbero.
2042 2254 2365 2316 secundum
2412 2257 2673 2336 ipsorum
2720 2256 2820 2317 de-

245 2357 548 2419 finitiones
591 2359 739 2419 sica
770 2355 948 2419 verba
994 2357 1197 2427 activa,
1244 2374 1394 2436 quae
1437 2357 1516 2416 ita
1563 2356 1901 2435 exprimunt
1942 2357 2171 2434 agentis
2198 2355 2474 2427 officium,
2520 2366 2585 2419 ut
2627 2361 2821 2439 expri-

243 2468 414 2521 mant
457 2467 517 2520 et
559 2460 862 2540 patientis,
919 2467 982 2520 et
1033 2459 1174 2520 item
1231 2475 1298 2519 ea
1357 2459 1613 2539 passiva,
1661 2475 1812 2536 quae
1854 2456 1934 2520 ita
1978 2457 2317 2538 exprimunt
2359 2461 2705 2538 patientem,
2750 2469 2813 2522 ut
2836 2480 2890 2520 το

245 2563 584 2642 exprimant
627 2559 883 2622 officium
931 2561 1186 2640 agentis,
1232 2568 1442 2622 neutra
1487 2567 1682 2621 autem
1728 2567 1869 2621 tunc
1911 2567 2073 2630 sunt,
2120 2560 2355 2640 quando
2398 2578 2581 2622 unum
2625 2565 2821 2642 expri-

243 2671 447 2735 munt,
495 2671 598 2725 aut
638 2663 954 2744 patientem
1001 2670 1102 2724 aut
1145 2669 1446 2740 agentem,
1491 2661 1630 2741 quid
1663 2661 1879 2734 dicent,
1924 2663 1977 2722 si
2004 2663 2403 2724 invenerimus
2434 2671 2639 2725 neutra
2672 2683 2821 2744 quae

243 2775 566 2846 utrumque
611 2766 972 2846 exprimant,
1017 2772 1083 2824 ut
1124 2762 1334 2843 vapulo
1379 2763 1605 2824 sentio?
1671 2781 1815 2842 ergo
1858 2763 2019 2824 vides
2074 2763 2231 2844 quod
2284 2765 2395 2826 ista
2448 2783 2567 2826 non
2610 2782 2819 2844 proce-

242 2867 424 2938 dunt,
471 2869 604 2948 quia
649 2868 840 2946 prima
883 2883 1018 2926 vera
1061 2885 1182 2926 non
1225 2874 1359 2926 sunt
1377 2870 1417 2927 '.

418 2962 678 3042 Qualitas
735 2968 1050 3030 verborum
1109 2966 1386 3028 dividitur
1440 2967 1498 3028 in
1553 2966 1763 3049 modos
1819 2974 1879 3028 et
1922 2968 1981 3028 in
2028 2967 2265 3028 formas,
2354 2966 2515 3028 modi
2559 2975 2695 3029 sunt
2738 2968 2817 3039 hi,
2844 2989 2895 3031 25

239 3072 600 3133 indicativus
644 3071 1024 3150 promissivus
1069 3069 1446 3149 imperativus
1491 3069 1783 3147 optativus
1826 3069 2229 3129 coniunctivus
2272 3069 2549 3132 infinitus.
2608 3069 2685 3131 de
2726 3070 2820 3132 his

239 3170 494 3252 singulis
547 3172 861 3233 videamus.
933 3172 1279 3233 indicativus
1333 3169 1525 3233 dictus
1579 3177 1700 3240 est,
1759 3168 1913 3250 quod
1969 3187 2079 3248 per
2130 3172 2326 3250 ipsum
2380 3169 2708 3232 indicamus
2762 3172 2817 3234 id

239 3274 404 3356 quod
461 3275 732 3344 facimus-3,
794 3283 858 3335 ut
915 3272 1076 3353 lego:
1145 3272 1358 3333 dicitur
1413 3270 1572 3332 idem
1619 3279 1679 3333 et
1724 3271 2051 3332 definitivus
2094 3270 2166 3332 ab
2212 3290 2313 3344 eo,
2360 3272 2512 3354 quod
2560 3271 2814 3347 definiat,

239 3376 387 3457 quid
430 3376 520 3436 fit:
579 3375 988 3456 imperatum,
1046 3373 1202 3456 quod
1247 3391 1354 3454 per
1408 3375 1604 3454 ipsum
1647 3374 2007 3452 imperamus
2048 3380 2115 3433 ut
2156 3374 2283 3445 flat,
2328 3381 2395 3435 ut
2435 3372 2587 3454 lege.
2674 3393 2815 3456 pro·

239 3479 542 3548 missivus,
599 3495 708 3558 per
764 3495 938 3557 quem
993 3477 1420 3557 promittimus,
1477 3477 1805 3557 quaesitum
1852 3484 1965 3547 est,
2024 3483 2219 3538 utrum
2276 3475 2487 3537 modus
2540 3485 2698 3538 esset
2738 3497 2813 3540 an
2840 3497 2891 3540 so

237 3588 478 3661 tempus
519 3579 706 3652 modi,
753 3580 1027 3659 quoniam
1071 3578 1367 3642 indicativi
1410 3576 1572 3639 modi
1615 3585 1847 3656 tempus
1890 3578 2153 3640 futurum
2198 3585 2319 3648 est;
2368 3585 2427 3639 et
2454 3579 2665 3640 modus
2692 3598 2813 3642 non

241 3689 359 3755 est,
405 3683 456 3744 si
499 3689 732 3762 tempus
775 3689 864 3742 est
906 3681 1084 3742 modi.
1171 3679 1276 3741 sed
1319 3682 1420 3762 qui
1464 3680 1669 3742 dicunt
1709 3678 1951 3740 modum
1998 3697 2156 3750 esse,
2203 3680 2265 3741 hi
2310 3679 2514 3741 dicunt
2555 3682 2811 3760 primum

241 3791 402 3846 ‘non
432 3801 745 3864 possumus
772 3783 1038 3845 indicare
1070 3782 1145 3843 de
1186 3782 1365 3845 rebus
1408 3801 1556 3864 quas
1599 3799 1718 3843 non
1766 3783 2097 3842 novimus':
2146 3798 2289 3860 ergo
2319 3781 2638 3843 detrahunt
2666 3790 2813 3844 tem-

237 3905 352 3966 pus
405 3885 720 3947 indicativo
775 3883 953 3946 modo
1008 3893 1067 3946 et
1120 3884 1342 3945 faciunt
1383 3883 1632 3946 alterum
1677 3882 1940 3944 modum.
2030 3884 2128 3962 qui
2172 3892 2370 3944 autem
2416 3891 2633 3962 negant
2677 3904 2811 3948 eum

237 3988 482 4050 modum
530 4005 676 4058 esse,
724 3987 836 4047 hoc
893 3994 1189 4059 astruunt,
1247 4003 1356 4065 per
1398 4004 1596 4047 rerum
1657 4000 1927 4046 naturam
1970 3984 2101 4045 fleri
2144 4001 2263 4044 non
2306 4002 2479 4065 posse
2521 3995 2587 4046 ut
2627 4005 2809 4048 unum
2836 4009 2888 4050 ss

236 4101 474 4172 tempus
517 4087 732 4151 habeat
775 4087 952 4170 aliqui
996 4088 1224 4150 modus.
1271 4085 1484 4148 deinde
1527 4087 1626 4166 qui
1673 4086 1877 4147 dicunt
1919 4104 2055 4148 eum
2099 4085 2338 4148 modum
2382 4103 2529 4158 esse,
2576 4084 2812 4170 nelgant

380 4280 406 4332 1
447 4275 634 4328 locutio
670 4291 843 4326 casum
879 4276 1033 4326 uerbo
1071 4274 1338 4340 coniungit
1373 4282 1423 4324 et
1451 4274 1500 4323 L
1536 4274 1764 4338 loquutio
1802 4271 2047 4339 (elocutio
2080 4274 2144 4337 S)
2174 4289 2383 4324 casuum
2410 4274 2564 4324 uerbo
2600 4275 2810 4326 coniun-

237 4351 378 4416 gitur
416 4355 466 4398 et
489 4347 578 4398 FS
748 4347 814 4397 10
851 4345 1041 4409 adquin
1073 4346 1121 4394 L
1157 4353 1210 4395 at
1238 4345 1372 4407 quod
1410 4345 1454 4396 S
1486 4351 1571 4393 aut
1603 4345 1722 4408 quia
1756 4345 1808 4393 F
1959 4343 2019 4396 11
2052 4343 2335 4409 philocalus
2372 4344 2421 4392 F
2442 4342 2681 4411 filogalus
2720 4347 2813 4398 LS

378 4417 440 4468 14
479 4425 690 4466 naturae
725 4416 892 4465 danda
929 4423 1046 4465 sunt
1076 4414 1122 4468 h
1160 4423 1370 4464 naturae
1405 4415 1574 4464 danna
1609 4423 1730 4464 sunt
1757 4414 2007 4464 Fneutra
2036 4415 2251 4464 dicenda
2284 4422 2400 4463 sunt
2436 4413 2479 4464 S
2618 4415 2683 4465 15
2717 4430 2809 4481 per

237 4495 470 4538 naturam
495 4487 708 4536 ueniunt
738 4486 831 4538 FS
855 4501 946 4551 per
983 4494 1210 4534 naturam
1250 4486 1490 4534 eueniunt
1527 4485 1575 4534 L
1716 4485 1786 4536 22
1826 4485 1951 4549 quid
1980 4483 2151 4534 dicent
2186 4483 2272 4534 FS
2298 4483 2418 4544 quid
2456 4483 2591 4534 dicet
2632 4486 2677 4536 L

235 4561 306 4609 24
342 4559 510 4622 prima
547 4556 704 4606 uerba
741 4569 838 4606 non
875 4561 996 4604 suut
1023 4554 1165 4606 LFS
1301 4554 1367 4603 25
1403 4553 1538 4604 modi
1580 4561 1696 4604 sunt
1732 4569 1826 4606 sex
1860 4553 2168 4603 indicatiuus
2203 4553 2543 4618 promissiuus
2588 4555 2803 4620 impera-

237 4629 377 4678 tiuns
413 4627 670 4691 optatione
706 4623 1055 4675 coniunctiuus
1093 4623 1389 4677 influitiuns.
1446 4625 1510 4675 de
1549 4623 1625 4673 his
1660 4637 1753 4674 sex
1788 4623 2022 4689 singulos
2056 4623 2319 4672 uideamus
2354 4623 2405 4672 F
2432 4623 2571 4673 modi
2606 4636 2723 4674 suut
2754 4624 2805 4674 hi

238 4713 422 4748 nouem
468 4696 783 4762 indigatiuus
823 4695 1158 4760 promissiuus
1201 4695 1532 4760 imperatione
1568 4693 1825 4760 optatiuus
1870 4694 2221 4744 coniunctiuus
2259 4692 2539 4743 influitiuus
2576 4694 2804 4758 inperso-

237 4767 372 4818 nolis
403 4767 712 4833 gerundium
747 4757 1076 4816 concessiuus
1111 4765 1154 4816 S
1290 4764 1357 4814 28
1396 4763 1688 4814 definitiuus
1731 4765 1793 4815 ab
1831 4780 1893 4814 eo
1930 4762 2067 4826 quod
2104 4761 2306 4812 definiat
2340 4762 2477 4824 quod
2508 4762 2605 4814 fuit
2640 4765 2685 4815 S
2717 4764 2805 4814 do-

236 4839 466 4888 flnitiuus
495 4835 656 4888 habeo
687 4836 820 4898 quod
861 4833 1036 4886 definit
1061 4834 1185 4898 quid
1219 4833 1274 4884 flt
1310 4833 1361 4884 F
1387 4833 1612 4885 finitiuus
1649 4835 1710 4885 ab
1740 4851 1800 4884 eo
1832 4834 1968 4898 quod
2004 4833 2143 4882 finiat
2177 4832 2299 4895 quid
2328 4831 2384 4884 fit
2420 4832 2469 4882 1,
