3434 5442
1915 1125 2017 1174 III

1335 1257 1824 1355 Nom-nx
1878 1260 2092 1354 con.
2145 1191 2621 1356 naemu.

847 1704 1137 1761 Laterculo
1169 1712 1422 1760 notarum
1452 1705 1688 1761 secundo
1721 1722 1784 1760 ex
1809 1705 2000 1767 tribus,
2033 1705 2125 1779 qui
2159 1713 2342 1761 extant
2371 1708 2424 1763 in
2447 1705 2725 1762 codicibus
2737 1705 3000 1761 Vaticanis
3021 1701 3226 1772 Reginae

678 1808 732 1846 n.
768 1792 901 1843 1128
931 1797 987 1844 et
1016 1792 1176 1851 1462,
1224 1800 1507 1863 praeterea
1557 1791 1697 1845 infra
1749 1789 1821 1862 (n.
1856 1790 1937 1862 Vl)
1980 1791 2259 1846 tractando
2313 1791 2518 1847 inserta
2558 1789 2909 1845 inveniuntur
2957 1787 3230 1859 fragmenta

678 1872 929 1930 laterculi
961 1875 1187 1947 originis
1217 1874 1482 1936 diversae.
1526 1892 1665 1948 quae
1696 1875 1801 1930 hoc
1830 1874 1953 1931 loeo
1985 1874 2322 1931 exhibuimus
2356 1879 2435 1932 sic
2463 1884 2526 1931 ut
2556 1874 2827 1930 hahentur
2857 1874 2910 1928 in
2939 1871 3072 1927 libro
3093 1872 3232 1942 Regi·

679 1974 780 2014 nae
802 1961 952 2013 1128.
997 1958 1222 2014 Litteris
1244 1958 1543 2015 maioribus
1565 1974 1704 2033 quae
1735 1961 2115 2033 expressimus.
2149 1961 2436 2017 coniuncta
2465 1958 2724 2032 leguntur
2757 1960 2808 2013 in
2835 1957 2938 2012 [ine
2957 1955 3234 2011 litterarum

678 2042 1084 2098 D·E·F·l·K·
1104 2043 1142 2098 L
1166 2043 1442 2099 ·N·O·P·
1464 2043 1507 2111 Q
1527 2045 1626 2106 -Τ,
1672 2043 1802 2099 item
1832 2061 1862 2099 a
1891 2045 2068 2117 capite
2099 2043 2314 2100 litterae
2345 2045 2388 2098 V
2417 2052 2472 2100 et
2501 2048 2577 2100 ita
2606 2043 2874 2100 collocata
2905 2057 3154 2100 seorsum.
3181 2048 3236 2093 ut

678 2128 744 2184 de
774 2128 984 2184 diversa
1014 2129 1223 2200 origine
1262 2128 1499 2185 dubitari
1540 2145 1649 2184 non
1680 2129 1876 2202 possit.
1923 2129 2120 2184 Contra
2163 2146 2302 2202 quae
2331 2129 2580 2186 dedimus
2605 2127 2938 2189 minoribus,
2981 2125 3032 2180 in
3061 2125 3236 2180 seriem

676 2211 925 2270 laterculi
958 2212 1185 2270 alterius
1228 2220 1443 2287 recepta
1478 2220 1604 2270 sunt
1646 2231 1746 2270 nec
1777 2214 1842 2269 de
1872 2215 1955 2270 his
1987 2221 2194 2269 certum
2227 2222 2327 2275 est,
2361 2231 2490 2270 num
2523 2230 2586 2269 ex
2615 2213 2722 2269 hoc
2751 2210 3014 2267 laterculo
3041 2211 3238 2264 veniant

676 2313 743 2352 an
777 2315 841 2353 ex
870 2295 1115 2354 laterculi
1148 2297 1283 2360 eius,
1315 2315 1475 2371 quem
1510 2305 1728 2372 praeter
1757 2298 1902 2354 hunc
1931 2297 2108 2355 scriba
2139 2297 2410 2360 adhibuit,
2453 2297 2574 2356 aliis
2603 2297 2864 2370 exemplis
2895 2313 3022 2352 casu
3051 2293 3241 2349 excide·

676 2382 789 2436 rint
818 2399 885 2436 an
908 2381 1141 2455 denique
1171 2399 1235 2438 ex
1256 2382 1681 2457 interpolatione
1710 2382 1916 2438 librarii
1949 2385 2308 2447 accesserint;
2341 2383 2486 2440 unde
2508 2384 2640 2438 haec
2663 2381 2909 2437 dedimus
2943 2389 3046 2436 tam
3070 2379 3119 2433 in
3146 2378 3240 2432 boc

675 2466 855 2539 capite
886 2483 1045 2538 quam
1077 2467 1132 2521 in
1163 2475 1317 2522 sexto
1350 2475 1403 2522 et
1434 2475 1671 2541 utroque
1714 2467 1839 2523 loco
1870 2485 1899 2523 a
1931 2468 2156 2542 reliquis
2197 2467 2470 2524 distincta.
2544 2466 2691 2534 Quae
2743 2482 2806 2521 ex
2855 2463 3113 2522 laterculo
3155 2461 3241 2517 illo

675 2557 893 2607 constat
932 2549 1229 2623 proficisci,
1288 2559 1517 2608 aetatem
1570 2551 1766 2607 bonam
1819 2569 1948 2626 prae
1979 2569 2037 2608 se
2069 2553 2250 2608 ferunt
2280 2569 2396 2608 eam
2441 2553 2582 2614 sere,
2632 2552 2791 2608 cuius
2841 2559 2927 2606 est
2966 2546 3242 2605 laterculus

673 2634 1086 2708 Lugdunensis:
1144 2635 1421 2692 abstinent
1472 2653 1501 2692 a
1554 2635 1875 2693 Christianis
1928 2633 2102 2712 (unica
2155 2638 2300 2693 enim
2351 2645 2482 2694 nota
2529 2638 2860 2706 etz-emplum
2901 2636 3243 2705 psalmorum

674 2718 895 2776 omnino
927 2738 957 2776 a
985 2718 1211 2775 librario
1260 2721 1444 2795 aliquo
1477 2720 1784 2795 posteriore
1827 2722 2030 2778 adiecta
2061 2719 2165 2797 est)
2211 2730 2268 2778 et
2298 2722 2471 2779 multo
2515 2721 2688 2794 magis
2731 2722 2786 2776 in
2829 2723 2950 2776 iure
2979 2726 3248 2775 versantur

676 2820 838 2877 quam
870 2804 924 2859 in
955 2803 1187 2878 legibus

709 3179 734 3228 1
791 3181 892 3230 Αυ
1076 3175 1280 3235 Augusto
2027 3181 2060 3233 9
2109 3162 2155 3231 ὸ
2395 3177 2528 3236 dam

706 3299 739 3348 2
790 3259 932 3372 Αὸἶ)
1077 3293 1297 3357 adoptivo
1994 3299 2059 3349 10
2108 3262 2273 3373 88⁴?ss
2394 3294 2506 3354 divi
2557 3294 2768 3354 fratres

708 3396 740 3449 3
791 3384 1013 3449 tufi-N
1074 3395 1257 3444 amicus
1282 3401 1443 3443 noster
1993 3401 2052 3451 11
2111 3377 2230 3472 5ῗὸ
2386 3395 2529 3456 dare
2569 3395 2767 3456 facere
2811 3402 3050 3471 oportet

1992 3502 2057 3553 12
2111 3482 2362 3554 ὸΞΕᾹΤῐ)
2392 3497 2620 3558 diverse
2657 3495 2816 3557 scole
2859 3505 3134 3557 auctores

708 3567 733 3616 ¹
795 3568 897 3641 5⁴?
1072 3563 1446 3612 b⁰¹¹¹¹¹¹¹s⁸⁰¹¹¹¹¹¹
1991 3601 2056 3653 13
2110 3585 2268 3655 b'm·
2391 3599 2558 3659 divus
2599 3599 2833 3659 Marcus

708 3734 733 3783 1
794 3712 972 3784 essm,
1054 3733 1227 3781 effluite
1991 3705 2055 3754 14
2107 3687 2272 3802 ofn-
2391 3699 2527 3761 dolo
2569 3699 2724 3761 malo

703 3837 736 3886 2
791 3815 995 3888 CON‘}
1071 3833 1291 3881 consules
1993 3823 2055 3874 15
2110 3806 2216 3897 δᾳ·
2391 3818 2646 3897 denique

786 3984 860 3999 Ν
1990 3925 2054 3975 16
2109 3906 2220 3998 op
2392 3920 2706 3981 dimediam
2743 3928 2976 3999 partem

706 4021 731 4071 1
785 4004 951 4118 {NA
1072 4017 1305 4079 domina
1991 4027 2052 4078 17
2105 4008 2249 4077 bm-
2391 4021 2748 4083 decemanus
2783 4023 3086 4083 maximus

700 4143 733 4192 2
785 4121 903 4191 om
1078 4135 1316 4197 domino

699 4257 731 4308 3
785 4221 917 4311 ἴΝ·
1076 4255 1295 4315 domno
2024 4264 2051 4314 1
2109 4245 2193 4314 Εἶ·
2396 4261 2496 4308 eius

700 4362 734 4410 4
789 4343 895 4411 ol·
1070 4357 1147 4417 do
1182 4356 1276 4417 leo
1316 4356 1463 4438 [scr.
1503 4355 1667 4438 lego]
2021 4368 2054 4416 2
2109 4367 2212 4428 ec·
2396 4365 2646 4439 egerunt

700 4462 733 4512 5
789 4441 907 4513 δἐἶ
1076 4459 1381 4520 decretum
2022 4467 2054 4518 3
2151 4449 2189 4519 δ
2393 4462 2648 4522 edictum

700 4561 735 4613 6
788 4545 899 4626 διξ
938 4565 1033 4614 m·
1073 4559 1285 4638 dignus
1322 4561 1643 4622 memoriae
2020 4570 2055 4618 4
2107 4549 2184 4620 &e
2387 4571 2445 4624 et
2481 4572 2678 4626 cetera

700 4665 730 4714 7
788 4646 881 4714 δή
1068 4659 1477 4723 dilectissimus
2019 4672 2052 4722 5
2106 4657 2210 4722 eii·
2395 4673 2454 4726 et
2493 4665 2720 4746 reliqua

700 4764 735 4815 8
788 4747 849 4815 δ·
1074 4761 1215 4823 dum
2018 4771 2053 4822 6
2106 4751 2243 4836 Εὶῖ)
2391 4767 2729 4848 exemplum
