3434 5442
693 331 817 393 450
1862 323 2104 386 SERVll

795 445 838 486 p.
868 432 982 474 1810.
1013 433 1057 473 11
1088 431 1134 474 P.
2832 443 2876 483 p.
2904 430 3083 472 asi-ss
3108 429 3155 468 v.

691 511 992 594 exemplo;
1052 513 1355 589 quaeritur
1399 512 1586 583 enim,
1631 518 1832 573 utrum
1887 509 2105 590 syllaba
2162 509 2335 590 longa
2396 512 2472 570 sit
2526 529 2601 572 an
2644 509 2871 580 brevis,
2930 517 2999 571 ut
3041 509 3233 572 ‘Musa

694 615 874 675 mihi
918 631 1182 675 causas
1224 619 1606 675 memora’:
1653 619 1755 674 ant
1795 631 1868 675 ex
1898 608 1927 696 ΙΙ
1956 613 2361 694 conpositione
2390 613 2637 691 figurae,
2684 620 2750 674 ut
2778 614 2829 674 si
2858 615 3083 674 nescias
3121 631 3233 691 qua-

691 715 762 776 lis
805 717 882 777 sit
925 717 1090 796 piu3‚
1147 735 1221 776 ex
1266 717 1695 796 conpositione,
1745 733 1893 794 quae
1947 723 2037 776 est
2081 715 2325 794 impiuS,
2383 713 2573 794 qualis
2626 715 2703 775 sit
2744 716 2805 794 pi
2862 717 3232 794 cognoscium

690 816 848 899 lilcet
890 821 950 878 in
995 817 1308 899 aliquantis
1351 818 1466 878 hoc
1509 815 1692 878 fallat.
1778 835 1915 908 nam
1973 834 2107 877 cum
2164 817 2414 877 dicimus
2470 815 2730 887 nubere,
2790 835 2873 877 nu
2926 815 3097 895 longa
3134 827 3230 885 est:

637 937 662 976 5
689 922 830 982 item
885 939 1020 981 cum
1077 921 1328 981 dicimus
1392 918 1614 980 innuba
1683 927 1785 980 aut
1845 917 2145 999 pronuba,
2214 919 2279 979 fit
2332 917 2529 980 brevis
2594 937 2675 980 nu
2732 919 2794 978 in
2838 921 3228 999 conpositione.

689 1022 792 1084 sed
837 1023 952 1083 hoc
1011 1023 1261 1082 inveniri
1316 1039 1452 1081 raro
1497 1023 1805 1100 contingit.
1892 1021 2105 1100 positio
2150 1028 2265 1091 est,
2312 1038 2446 1080 cum
2490 1027 2825 1100 correptam
2868 1019 3117 1082 vocalem
3154 1029 3233 1080 ant

690 1123 839 1186 duae
886 1131 1279 1184 consonantes
1323 1129 1630 1192 secuntur,
1677 1130 1745 1182 ut
1787 1140 1980 1192 arma;
2028 1129 2128 1183 aut
2170 1139 2285 1183 una
2331 1124 2567 1200 quaevis
2611 1120 2857 1202 duplex,
2904 1131 2973 1184 ut
3012 1124 3125 1184 axis
3160 1123 3233 1182 vel

689 1226 1013 1288 Mezentius
1041 1224 1133 1286 vel
1161 1227 1382 1294 maior;
1430 1232 1530 1284 aut
1573 1224 1753 1285 altera
1802 1241 2133 1284 consonans
2176 1232 2237 1284 et
2281 1222 2463 1284 altera
2504 1222 2719 1285 vocalis
2760 1223 2894 1285 loco
2938 1242 3231 1286 consonan-

691 1329 766 1388 tis
809 1329 1033 1408 posita,
1093 1334 1159 1389 ut
1202 1332 1220 1360 ‘
1245 1335 1305 1388 at
1341 1327 1523 1388 luno'
1572 1333 1632 1386 et
1676 1331 1771 1386 ‘at
1812 1325 2059 1388 Venus’.
2121 1343 2324 1387 verum
2370 1327 2419 1386 si
2465 1323 2763 1407 quaelibet
2802 1343 2945 1406 pars
2986 1327 3229 1386 orationis

614 1443 662 1484 ιο
689 1428 1223 1510 praepositionibus
1279 1435 1676 1508 conponatur,
1726 1447 1797 1488 ex
1839 1425 1865 1510 ΙΙ
1908 1428 1999 1488 his
2043 1429 2263 1508 primas
2308 1426 2560 1508 syllabas
2617 1430 3043 1506 cognoscimus,
3122 1447 3229 1488 nam

688 1529 819 1592 talis
863 1529 1126 1593 manebit
1169 1531 1295 1591 fere
1326 1531 1519 1590 omnis
1563 1531 1872 1608 conposita
1914 1528 2163 1608 syllaba,
2210 1527 2399 1609 qualis
2441 1536 2501 1590 et
2526 1531 2653 1610 ipsa
2681 1531 3039 1610 praepositio
3066 1529 3228 1598 fuerit,

687 1642 751 1695 ut
793 1634 1050 1714 ineptus.
1123 1633 1264 1693 item
1312 1650 1384 1693 ex
1427 1633 1572 1712 ipsis
1613 1630 2151 1711 praepositionibus
2195 1631 2269 1691 ad
2314 1637 2375 1693 et
2415 1630 2492 1692 ob
2540 1640 2601 1692 et
2641 1632 2702 1691 in
2750 1641 2809 1692 et
2850 1630 2961 1693 sub
3004 1631 3228 1692 diversae

686 1737 748 1796 in
810 1733 1004 1796 verbis
1059 1741 1380 1815 ponuntur.
1471 1751 1604 1796 nam
1668 1734 2097 1814 corripiuntur,
2157 1751 2291 1794 cum
2348 1734 2673 1806 crescendo
2730 1732 3075 1813 disyllabum
3122 1733 3229 1792 red-

686 1837 863 1908 dunt,
911 1844 978 1897 ut
1019 1835 1140 1898 adit
1195 1835 1319 1897 obit
1371 1836 1483 1923 init
1525 1833 1711 1904 subit;
1773 1835 2179 1896 indifferenter
2222 1841 2387 1905 sunt,
2434 1853 2567 1895 cum
2612 1833 2981 1914 trisyllabum
3024 1833 3227 1904 faciunt,

611 1954 658 1994 ιε
687 1947 753 2000 ut
807 1939 986 2001 adicit
1041 1937 1224 1999 obicit
1263 1938 1430 1997 inicit
1471 1936 1717 2010 subicit;
1777 1937 2186 2016 producuntur
2240 1943 2485 2007 tantum,
2530 1954 2667 1998 cum
2712 1935 3139 2015 tetrasyllabum
3172 1953 3228 1996 ex

684 2059 748 2102 se
793 2040 1078 2111 reddunt,
1126 2048 1192 2101 ut
1237 2039 1428 2101 adicio
1473 2037 1668 2099 obicio
1724 2039 1905 2099 inicio
1970 2037 2213 2100 subicio.
2300 2039 2442 2099 item
2499 2057 2651 2119 quae
2703 2057 2815 2118 per
2870 2055 2987 2118 qne
3047 2047 3100 2098 et
3144 2057 3231 2118 per

682 2160 792 2223 pre
843 2144 906 2203 in
977 2142 1184 2222 primis
1253 2139 1492 2221 syllabis
1547 2139 1893 2201 scribuntur
1948 2139 2386 2220 producuntur,
2444 2148 2693 2220 excepto
2747 2143 3005 2220 pretium
3056 2158 3229 2220 premo

684 2262 894 2325 preces
939 2251 999 2304 et
1039 2260 1286 2324 queror,
1346 2243 1461 2302 hoc
1505 2250 1594 2302 est
1649 2240 1974 2321 querellam
2020 2241 2280 2321 depono,
2340 2249 2400 2303 et
2442 2261 2594 2322 quae
2638 2261 2710 2302 ex
2756 2239 2847 2302 his
2889 2260 2999 2321 per
3040 2240 3227 2302 deriva-

684 2346 906 2407 tionem
964 2353 1066 2406 aut
1123 2343 1572 2405 declinationem
1631 2343 1763 2404 fieri
1803 2351 2050 2423 possunt
2093 2352 2153 2404 et
2196 2361 2311 2423 que
2354 2345 2788 2405 coniunctione.
2877 2344 3017 2404 item
3060 2352 3229 2406 contra

606 2464 658 2505 20
685 2445 1028 2509 breviantur
1074 2464 1146 2507 ex
1190 2445 1377 2507 isdem
1422 2444 1959 2526 praepositionibus
1989 2447 2049 2505 in
2096 2445 2503 2526 conpositione
2548 2445 2623 2505 de
2668 2453 2726 2507 et
2770 2463 2901 2525 pro,
2948 2452 3012 2506 ut
3050 2443 3229 2506 debinc

683 2547 898 2609 deinde
954 2547 1260 2627 profectus
1317 2547 1622 2627 professus
1676 2547 1953 2627 profusus
2008 2547 2289 2626 profanus
2343 2546 2609 2626 profatus
2664 2565 2919 2627 proavus
2973 2565 3231 2627 pronepos

683 2659 742 2711 et
801 2658 1017 2710 cetera.
1107 2658 1246 2711 sunt
1301 2649 1442 2710 item
1501 2647 1796 2729 aliquanta
1854 2647 2061 2717 verba,
2120 2654 2319 2726 quae}
2366 2651 2590 2728 primas
2632 2646 2885 2728 syllabas
2927 2659 3229 2729 temporum

683 2751 910 2813 ratione
966 2757 1337 2830 permutant,
1393 2768 1545 2831 quae
1601 2749 1807 2811 subter
1862 2747 2109 2811 collecta
2164 2751 2227 2811 in
2280 2752 2443 2811 omni
2486 2753 2813 2832 praeterito
2857 2751 3120 2831 perfecto
3158 2749 3229 2811 vel

680 2855 744 2914 in
790 2855 951 2916 omni
997 2853 1318 2934 praeterito
1361 2851 1945 2932 plusquamperfecto
1993 2850 2081 2913 vel
2135 2853 2197 2912 in
2239 2870 2359 2913 uno
2403 2851 2603 2915 futuro
2649 2853 2810 2914 modi
2854 2862 3077 2915 tantum
3116 2871 3229 2914 con-

605 2975 656 3015 25
682 2956 928 3016 iunctivi
968 2955 1408 3035 producuntur,
1455 2955 1518 3014 in
1550 2955 1766 3014 ceteris
1808 2962 2003 3016 autem
2051 2951 2243 3016 modis
2287 2962 2346 3015 et
2389 2955 2757 3034 temporibus
2799 2952 3144 3025 breviantur,
3182 2962 3233 3014 ut

679 3066 818 3118 sunt
873 3056 1054 3130 haec,
1113 3056 1245 3136 lego
1301 3055 1417 3136 legi
1473 3054 1733 3134 legeram
1792 3055 2027 3135 legero,
2089 3055 2255 3117 faveo
2310 3055 2423 3116 favi
2483 3055 2743 3117 faveram
2798 3056 3028 3128 favero,
3088 3059 3231 3116 venio

683 3160 814 3221 veni
871 3176 1149 3220 veneram
1206 3176 1455 3228 venero,
1514 3156 1675 3236 fugio
1732 3157 1854 3236 fugi
1910 3157 2177 3236 fugeram
2231 3157 2472 3235 fugero,
2518 3158 2670 3219 facio
2714 3157 2829 3219 feci
2874 3159 3122 3220 feceram
3164 3158 3229 3218 fe·

680 3279 849 3328 cero,
906 3259 1084 3321 sedeo
1141 3258 1269 3321 sedi
1323 3257 1592 3321 sederam
1647 3257 1889 3330 sedero,
1950 3259 2109 3321 fodio
2164 3259 2289 3319 fodi
2343 3258 2610 3320 foderam
2654 3259 2893 3328 fodero,
2942 3260 3101 3322 video
3139 3259 3231 3320 vidi

679 3361 937 3424 videram
997 3361 1228 3434 videro,
1288 3380 1468 3423 voveo
1524 3362 1653 3422 vovi
1705 3378 1978 3421 voveram
2032 3378 2275 3431 vovero,
2332 3361 2503 3421 foveo
2562 3361 2677 3422 fovi
2739 3362 2999 3422 foveram
3041 3362 3231 3431 fovere,

602 3481 654 3523 ao
682 3465 812 3525 iuvo
856 3463 976 3524 iuvi
1016 3463 1278 3525 iuveram
1308 3463 1542 3533 iuvero,
1589 3479 1700 3541 ago
1733 3464 1828 3542 egi
1858 3479 2096 3542 egeram
2138 3479 2348 3541 egero,
2395 3481 2529 3523 emo
2576 3464 2693 3523 emi
2739 3481 3000 3525 emeram
3044 3481 3231 3532 emero,

821 3769 848 3820 1
889 3766 1053 3836 Musa]
1103 3771 1262 3835 Vera.
1293 3768 1426 3822 Aen.
1463 3769 1484 3818 1
1519 3765 1553 3818 8
1693 3769 1725 3816 2
1755 3783 1980 3818 memora
2005 3783 2105 3832 quo
2144 3767 2353 3818 numine
2382 3769 2521 3819 laeso
2550 3771 2599 3820 el
2734 3767 2769 3820 3
2808 3787 2939 3834 qnae
2976 3774 2997 3823 l
3022 3770 3163 3823 Beda
3186 3785 3231 3834 p.

679 3838 820 3890 2356
850 3840 986 3903 quod
1022 3839 1148 3890 BFe
1315 3841 1348 3890 5
1381 3838 1438 3888 fit
1482 3839 1654 3888 breuis
1691 3853 1761 3887 nn
1795 3839 1847 3888 B
1870 3837 2021 3888 Beda
2057 3839 2224 3888 brevis
2262 3847 2338 3889 est
2375 3853 2443 3888 nn
2474 3839 2567 3890 Fel
2734 3840 2768 3890 8
2808 3842 3086 3892 mezentius
3118 3841 3234 3890 auti

678 3911 846 3959 littera
873 3910 984 3959 sola
1017 3910 1148 3960 inter
1187 3910 1314 3960 duas
1339 3908 1544 3958 vocales
1586 3909 1753 3972 posita
1790 3917 1847 3957 ut
1880 3909 2045 3957 maior
2080 3910 2099 3957 l
2237 3906 2272 3959 9
2316 3910 2513 3973 possita
2544 3905 2699 3958 fuerit
2730 3917 2787 3960 ut
2822 3920 2959 3962 amat
2984 3909 3139 3976 (corr.
3174 3909 3233 3964 m)

678 3981 800 4030 iuno
831 3987 884 4029 at
918 3995 1083 4030 uenus
1115 3980 1165 4028 F
1298 3979 1522 4043 qualibet
1561 3977 1612 4027 B
1783 3979 1847 4028 12
1884 3976 2108 4044 ineptus]
2156 3978 2402 4043 deceptus
2437 3979 2591 4030 Beda
2621 3992 2674 4041 ρ.
2716 3979 2853 4032 2357
2995 3977 3137 4046 ipsis]
3170 3980 3232 4028 his

677 4051 751 4100 Fe
919 4049 984 4101 13
1020 4051 1070 4098 in
1109 4048 1278 4099 uerbis
1314 4055 1669 4115 conponuntur
1692 4047 1744 4097 F
1911 4047 2243 4115 dissyllabam
2275 4061 2415 4102 corr.
2450 4064 2562 4099 -nm
2597 4049 2649 4098 F
2820 4051 2887 4100 14
2926 4051 3234 4101 inderet-enter

678 4127 798 4170 sunt
835 4120 886 4169 F
915 4118 1267 4169 indifferenter
1305 4120 1387 4171 .11.
1426 4126 1544 4168 sunt
1578 4133 1607 4166 e
1641 4117 2001 4169 indefferenter
2038 4127 2205 4168 autem
2240 4117 2291 4168 B
2327 4117 2677 4170 indifferentes
2704 4128 2877 4170 antem
2910 4129 3027 4172 sunt
3058 4135 3091 4178 ς

676 4188 1023 4253 trissyllabam
1061 4204 1199 4240 corr.
1238 4203 1349 4238 -um
1380 4187 1432 4238 F
1568 4187 1632 4238 15
1667 4187 1853 4237 adiecit
1881 4188 2065 4238 obiecit
2104 4188 2275 4238 iniecit
2312 4188 2527 4238 subiecit
2563 4204 2701 4241 corr.
2742 4191 2903 4240 adicit
2938 4191 3090 4242 obicit
3117 4189 3233 4240 inicit

677 4259 864 4311 subicit
897 4259 945 4308 F
1107 4257 1484 4322 tetrasyllabam
1521 4272 1658 4308 corr.
1699 4272 1811 4306 -nm
1845 4257 1897 4308 F
2068 4255 2133 4312 16
2174 4257 2608 4309 adiecio‘obiecio
2644 4259 2827 4312 iniecio
2866 4261 3085 4312 snbieeio
3114 4275 3231 4310 corr.

679 4329 847 4378 adicio
873 4328 1041 4380 obicio
1069 4327 1220 4380 inicio
1257 4327 1456 4378 subicio
1481 4328 1532 4377 F
1666 4327 1731 4379 17
1760 4327 2055 4394 plerumque
2080 4329 2429 4391 producuntur
2464 4345 2493 4378 e
2634 4329 2698 4380 18
2728 4345 2937 4395 praeces
2970 4345 3100 4384 corr.
3137 4345 3231 4394 pre·

679 4415 766 4448 ces
803 4398 854 4447 F
882 4399 1050 4463 precis
1085 4398 1138 4449 B
1166 4412 1349 4463 precor
1379 4414 1437 4448 e.-
1475 4412 1653 4463 preces
1689 4397 1951 4463 prehendo
1978 4406 2028 4448 et
2056 4413 2239 4460 queror
2257 4411 2317 4454 ςε
2352 4398 2650 4448 breviantur
2680 4413 2802 4449 vero
2832 4401 3049 4466 pretium
3076 4413 3231 4466 precor

677 4483 853 4532 premo
891 4467 1150 4533 prehendo
1181 4476 1231 4518 et
1270 4483 1456 4532 queror
1492 4467 1642 4518 Beda
1782 4467 2139 4518 diriuationem
2175 4467 2278 4517 BF
2414 4467 2478 4519 19
2510 4484 2608 4530 que
2634 4471 3039 4520 coniunctionem
3074 4471 3122 4520 F
3150 4483 3231 4531 qne

678 4538 965 4588 coniunctio
998 4537 1051 4588 B
1189 4539 1307 4587 item
1349 4553 1378 4587 e
1405 4547 1581 4587 contra
1615 4552 1643 4586 e
1785 4535 1853 4587 ⁶20
1890 4553 1955 4588 ex
1988 4535 2189 4587 hisdem
2222 4537 2325 4588 BF
2354 4553 2417 4588 ex
2454 4538 2648 4588 eisdem
2682 4553 2711 4589 e
2818 4540 2871 4588 in
2909 4540 3229 4606 conpositione

676 4605 749 4656 ΒΖ
779 4607 831 4656 in
869 4608 1302 4674 conpositionibus
1339 4622 1367 4657 e
1391 4623 1528 4656 corr.
1560 4620 1682 4656 -one
1714 4605 1764 4656 F
1901 4608 1965 4658 de
2003 4615 2051 4657 et
2085 4623 2177 4672 pro
2212 4623 2305 4660 om.
2344 4607 2453 4666 BF,
2482 4607 2605 4662 add.
2648 4624 2677 4658 e
2713 4616 2765 4659 et
2798 4610 2850 4660 in
2882 4612 3096 4676 margine
3124 4612 3145 4658 l

679 4677 742 4726 21
782 4677 968 4726 deinde
1002 4692 1094 4730 om.
1137 4677 1248 4737 BF,
1281 4677 1404 4731 add.
1444 4681 1494 4728 el
1629 4675 1878 4742 profanus
1915 4693 2011 4731 om.
2046 4676 2125 4726 Be
2157 4675 2309 4728 Beda
2452 4692 2679 4744 proavus
2726 4695 2824 4734 om.
2858 4681 2911 4730 F
3038 4681 3097 4730 22
3129 4687 3227 4727 snut

678 4753 848 4794 antem
879 4746 930 4794 F
1061 4744 1129 4796 23
1153 4755 1440 4810 permutant
1472 4746 1577 4798 BF
1709 4761 1840 4810 quae
1872 4749 2045 4797 subter
2080 4755 2198 4798 sunt
2232 4747 2443 4798 collecta
2478 4748 2750 4800 Putea-leina
2889 4751 2955 4802 24
2992 4750 3067 4801 nel
3104 4748 3225 4814 plns-

677 4813 1061 4879 qnarnperfecto
1093 4816 1143 4864 F
1279 4815 1347 4866 28
1385 4815 1525 4866 fodio
1559 4820 1620 4868 cl
1655 4815 1804 4866 fodeo
1832 4817 1937 4868 BF
2075 4815 2142 4868 30
2174 4831 2287 4867 emo
2327 4844 2392 4856 —
2428 4819 2581 4868 odero
2619 4834 2710 4872 om.
2756 4819 2806 4868 F

3352 3905 3354 3998 l
