3434 5442
927 367 1344 429 EXPLANAT.
1392 367 1469 428 ΙΝ
1513 367 1873 430 DONATVM
1918 367 2059 429 LlB.
2106 369 2131 429 l
2680 374 2801 436 505

2388 489 2431 528 p.
2451 479 2625 518 sno-12
2652 476 2699 517 L.

223 556 518 617 cantando
590 557 834 617 activam
908 555 1086 618 habet
1155 557 1656 635 significationem.
1748 573 1891 634 ergo
1945 574 2081 617 cum
2146 558 2255 617 ista
2330 557 2503 617 etiam
2578 557 2805 635 agentis

223 659 713 736 significationem
767 657 1051 731 habeant,
1107 676 1226 718 non
1284 665 1447 719 recte
1504 677 1571 719 ea
1618 658 1867 718 dicimus
1909 659 2245 738 partIcipia,
2294 658 2395 718 sed
2440 659 2651 720 modus
2695 666 2800 718 est.

223 768 316 820 est
360 762 534 821 etiam
582 761 952 821 concessivus
996 760 1242 830 moduS,
1299 762 1402 840 qui
1447 779 1516 820 ex
1561 761 1671 821 hac
1730 777 1901 821 causa
1948 765 2119 819 natus
2164 768 2282 829 est,
2343 760 2497 840 quod
2544 760 2801 839 plerum-

223 881 342 942 que
389 862 800 924 altercationes
845 863 1221 940 interrumpit
1263 869 1322 924 et
1365 862 1519 924 tollit
1563 861 1733 923 nobis
1765 864 2235 932 contentionem,
2282 869 2347 923 ut
2390 872 2530 942 puta
2576 869 2801 924 ‘verum

225 972 318 1024 est
361 963 556 1035 illud',
603 971 666 1024 tu
711 965 856 1026 dicis
902 971 1140 1026 ‘verum
1187 982 1304 1025 non
1351 971 1504 1025 est':
1553 971 1680 1025 orta
1727 959 2041 1044 contethio
2086 970 2193 1024 est.
2282 965 2427 1026 haec
2474 983 2589 1026 uno
2635 965 2801 1026 dissi·
2829 982 2853 1020 5

225 1065 490 1127 mulante
547 1069 924 1146 conpescitur
980 1075 1038 1127 et
1091 1065 1357 1136 sedatur,
1419 1066 1557 1127 dum
1625 1066 1775 1128 alter
1832 1064 2002 1126 alteri
2057 1066 2329 1127 concedit
2384 1068 2623 1127 viceris:
2682 1085 2800 1128 non

225 1166 490 1228 concedo
533 1186 734 1228 verum
783 1187 948 1237 esse,
997 1167 1098 1228 sed
1145 1170 1310 1248 quasi
1352 1187 1587 1238 verum,
1649 1187 1725 1229 ne
1770 1169 2066 1229 contentio
2112 1168 2395 1247 procedat
2438 1170 2495 1228 in
2544 1167 2799 1247 longum.

224 1271 376 1330 haec
431 1277 492 1332 et
543 1271 758 1331 finitiva
817 1270 1108 1330 dicuntur.
1197 1271 1305 1331 ista
1363 1273 1518 1333 enim
1576 1273 1773 1332 omnia
1832 1261 2225 1348 conpendium
2271 1270 2442 1331 nobis
2486 1279 2800 1349 praestant,

227 1393 302 1433 ne
348 1390 460 1453 per
503 1373 909 1433 circuitionem
967 1372 1183 1434 diutius
1227 1372 1442 1453 aliquid
1489 1372 1780 1444 dicamuS,
1837 1392 1969 1433 cum
2015 1391 2327 1452 possumus
2380 1371 2601 1433 habere
2644 1392 2801 1433 com-

225 1474 530 1556 pendium.
589 1473 800 1536 melius
844 1475 998 1536 enim
1041 1473 1188 1535 dicis
1230 1477 1464 1545 viceriS,
1511 1493 1686 1554 quam
1733 1477 1783 1536 si
1828 1476 1987 1538 dicas
2031 1473 2331 1536 ‘concedo
2375 1473 2483 1536 tibi
2526 1477 2801 1555 quoniam
2830 1491 2878 1531 ιο

227 1579 470 1638 vicisti'.

396 1678 686 1740 Accidunt
729 1681 906 1740 etiam
950 1679 1203 1749 formae,
1251 1698 1399 1759 quae
1444 1697 1682 1741 sensum
1727 1678 1978 1751 habent,
2035 1697 2155 1740 non
2201 1678 2684 1750 declinationem,
2742 1687 2807 1740 ut

225 1781 407 1842 modi.
468 1798 604 1842 nam
649 1780 809 1842 modi
853 1779 1304 1841 declinationem
1350 1780 1572 1842 habent
1601 1791 1659 1844 et
1700 1780 1835 1842 ideo
1880 1783 2045 1860 quasi
2075 1799 2245 1843 casus
2286 1780 2601 1842 verborum
2633 1789 2801 1850 sunt:

227 1887 286 1944 in
334 1883 544 1945 formis
589 1890 782 1944 autem
829 1883 1287 1960 significationes
1331 1891 1492 1945 sunt:
1545 1903 1682 1945 nam
1729 1883 2073 1955 ostendunt,
2120 1903 2236 1963 quo
2268 1882 2445 1944 modo
2474 1880 2803 1963 loquamur.

231 1994 442 2046 natura
491 2004 692 2046 rerum
737 1987 824 2046 sic
867 1986 1138 2046 formavit
1182 1993 1348 2047 actus
1391 1985 1708 2048 humanos:
1768 1993 2079 2066 antequam
2126 1986 2299 2047 saciat
2341 1986 2525 2046 homo
2569 1984 2802 2066 aliquid,
2832 2002 2881 2042 15

230 2090 425 2168 primo
481 2089 701 2166 cogitat
757 2095 816 2148 et
869 2087 1182 2149 meditatur
1225 2094 1292 2149 ut
1347 2087 1548 2158 faciat,
1607 2098 1666 2149 et
1710 2089 1923 2148 dicitur
1967 2088 2159 2149 forma
2202 2087 2564 2155 meditativa,
2610 2095 2675 2148 ut
2720 2096 2809 2150 est

231 2193 460 2260 esurio,
517 2190 576 2251 id
633 2197 722 2251 est
776 2189 952 2251 edere
1008 2188 1170 2256 volo.
1227 2191 1521 2268 parturio,
1587 2209 1803 2271 parere
1858 2189 2022 2261 volo,
2078 2189 2356 2262 lecturio,
2413 2187 2612 2268 legere
2656 2190 2807 2252 volo.

231 2291 390 2354 vides
445 2293 554 2352 ista
613 2293 812 2353 omnia
861 2291 1198 2353 meditantis
1255 2311 1402 2355 esse.
1493 2293 1704 2354 deinde
1761 2311 1895 2355 cum
1939 2291 2253 2354 meditatus
2294 2291 2503 2362 fuerit,
2550 2293 2805 2362 inchoat,

231 2405 290 2456 et
333 2395 547 2456 dicitur
590 2394 778 2456 forma
824 2394 1182 2464 inchoativa,
1228 2401 1293 2454 ut
1334 2401 1572 2474 tepesco
1619 2393 1875 2465 calesco,
1932 2395 1991 2454 id
2040 2401 2128 2454 est
2171 2400 2375 2473 tepere
2416 2395 2665 2474 incipio,
2712 2413 2807 2455 ca-

231 2498 356 2558 lere
413 2498 654 2578 incipio.
746 2513 880 2557 cum
935 2496 1324 2567 inchoaverit,
1382 2498 1498 2558 iam
1553 2497 1811 2575 perficit,
1880 2505 1938 2558 et
2002 2496 2214 2558 dicitur
2275 2495 2467 2558 forma
2527 2497 2805 2576 perfecta,
2834 2513 2885 2553 20

232 2619 408 2680 quam
475 2601 650 2660 etiam
716 2596 1041 2662 absolutam
1102 2606 1343 2671 vocant,
1401 2606 1465 2660 ut
1521 2598 1683 2660 caleo
1738 2607 1932 2680 tepeo.
2020 2600 2071 2659 si
2123 2598 2281 2659 idem
2336 2601 2571 2678 saepius
2614 2597 2808 2670 faciat,

231 2703 656 2782 frequentativa
715 2699 904 2762 forma
961 2701 1204 2770 dicitur,
1265 2707 1332 2762 ut
1372 2703 1591 2762 ventito
1647 2704 1911 2781 pransito
1957 2699 2209 2762 clamito.
2270 2701 2592 2764 secundum
2640 2710 2808 2762 natu-

231 2823 356 2866 ram
417 2821 559 2882 ergo
614 2802 772 2864 idem
832 2809 924 2863 est
974 2802 1182 2864 formis
1238 2802 1413 2873 ordo,
1473 2805 1573 2882 qui
1615 2806 1676 2864 in
1723 2804 1965 2865 actibus,
2056 2819 2198 2880 ergo
2242 2803 2576 2865 meditativa
2619 2803 2807 2865 forma

233 2923 470 2986 semper
527 2907 590 2966 in
642 2906 734 2966 rio
791 2906 940 2976 exit,
997 2911 1064 2966 ut
1117 2902 1366 2965 lecturio
1412 2905 1633 2975 esurio,
1689 2905 2017 2966 inchoativa
2062 2906 2122 2966 in
2167 2923 2297 2979 sco,
2344 2914 2409 2965 ut
2451 2904 2677 2967 calesco
2723 2914 2807 2966 te-

234 3027 430 3087 pesco.
499 3014 558 3068 et
600 3009 754 3068 scire
799 3006 1082 3068 debemus
1111 3007 1438 3068 inchoativa
1472 3025 1587 3067 non
1621 3025 1777 3078 esse,
1823 3009 1935 3067 nisi
1966 3007 2071 3068 has
2102 3005 2418 3068 habuerint
2446 3026 2570 3078 res,
2616 3010 2809 3089 primo
2836 3029 2886 3068 25

231 3117 294 3171 ut
337 3111 629 3189 originem
676 3110 914 3170 trahant
957 3127 989 3170 a
1035 3108 1291 3170 neutrali
1333 3109 1512 3170 verbo
1557 3109 1849 3171 secundae
1880 3110 2335 3186 coniugationis‚
2384 3109 2595 3170 deinde
2640 3119 2707 3171 ut
2749 3111 2808 3170 in

231 3231 334 3274 sco
379 3210 600 3291 syllaba
645 3213 1040 3273 terminentur
1108 3217 1166 3272 et
1229 3213 1354 3292 ipsa
1410 3210 1737 3272 inchoativa
1796 3213 2001 3272 tertiae
2046 3212 2163 3272 sint
2206 3213 2633 3290 coniugationis
2678 3230 2809 3271 cor-

231 3322 469 3394 reptae,
517 3313 729 3374 deinde
771 3320 838 3373 ut
881 3321 1125 3375 careant
1166 3321 1434 3394 tempore
1477 3313 1743 3393 perfecto
1790 3321 1849 3374 et
1900 3311 2480 3393 plusquamperfecto
2526 3321 2585 3373 et
2628 3315 2810 3393 parti·

231 3417 388 3495 cipio
435 3415 618 3476 futuri
655 3420 666 3493 Ι
702 3417 1004 3497 temporis,
1065 3415 1256 3497 siquid
1302 3416 1375 3478 de
1420 3415 1512 3477 his
1555 3415 1644 3476 vel
1689 3396 1872 3477 unum
1919 3415 2200 3486 desuerit,
2248 3433 2366 3475 non
2413 3416 2528 3476 erit
2568 3414 2809 3476 inchoa-

229 3521 344 3580 tiva
391 3517 584 3580 l'orma
626 3517 821 3589 verbi,
867 3526 930 3580 ut
976 3527 1065 3580 est
1108 3517 1372 3580 calesco:
1417 3518 1815 3579 inchoativum
1862 3526 1976 3588 est,
2037 3519 2172 3598 quia
2221 3518 2376 3577 venit
2418 3516 2492 3577 ab
2537 3536 2608 3578 eo
2653 3517 2811 3598 quod
2836 3536 2887 3578 :³0

233 3628 324 3682 est
369 3619 562 3690 caleo,
611 3619 768 3700 quod
816 3619 1056 3681 verbum
1105 3619 1370 3682 neutrale
1416 3627 1506 3681 est
1549 3628 1607 3681 et
1651 3621 2078 3697 coniugationis
2121 3619 2432 3680 secundae.
2519 3619 2677 3679 unde
2721 3621 2810 3680 in-

233 3723 536 3783 cidentem
578 3723 640 3781 in
685 3721 800 3782 hoc
843 3721 1024 3784 verbo
1069 3725 1503 3804 quaestionem,
1552 3723 1706 3803 quod
1742 3731 1830 3784 est
1861 3723 2119 3794 fervere,
2166 3719 2266 3782 tali
2310 3720 2513 3800 regula
2558 3721 2810 3792 adserui,

231 3843 370 3884 cum
415 3833 833 3902 quaereretur,
879 3832 1077 3886 utrum
1119 3825 1407 3905 producte
1453 3825 1682 3886 fervere
1729 3824 2091 3894 diceremuS,
2140 3842 2215 3884 au
2257 3831 2529 3903 correpte
2562 3823 2809 3885 fervere.

231 3927 534 4004 utrimque
577 3927 733 3986 enim
777 3926 1230 4006 proferebantur
1276 3928 1682 3988 auctoritates:
1731 3927 2019 4005 Vergilius
2062 3925 2209 3986 dixit
2253 3926 2582 3986 ‘fervere
2625 3926 2809 3987 Leu-

233 4033 509 4098 caten',
557 4027 774 4090 Statius
839 4028 1241 4109 ‘obsequio
1301 4029 1604 4090 fervere
1670 4028 2013 4089 domum’.
2102 4027 2203 4088 sed
2260 4029 2396 4108 quia
2454 4029 2603 4089 ratio
2670 4029 2811 4089 artis
2838 4048 2887 4088 ss

233 4129 552 4191 manifesta
595 4137 714 4202 est,
759 4129 1123 4210 probabilius
1169 4138 1256 4191 est
1300 4138 1364 4193 ut
1405 4131 1734 4192 secundum
1767 4132 2053 4190 rationem
2086 4129 2314 4190 fervere
2346 4130 2625 4190 dicamus
2675 4149 2810 4190 nam

233 4234 284 4292 si
327 4233 528 4293 ferveo
575 4231 714 4294 facit
759 4251 831 4293 ex
875 4251 937 4293 sc
983 4232 1275 4303 fervesco,
1333 4233 1392 4294 id
1440 4241 1529 4293 est
1571 4233 1966 4293 inchoativum
2012 4232 2286 4303 verbum,
2333 4231 2625 4292 secundae
2671 4251 2810 4292 con-

233 4334 550 4413 iugationis
605 4348 734 4395 esse
789 4333 983 4396 debet.
1057 4343 1156 4398 aut
1211 4335 1283 4397 da
1330 4334 1476 4396 mihi
1520 4351 1703 4396 unum
1749 4333 2027 4402 verbum,
2075 4333 2234 4414 quod
2280 4353 2353 4394 ex
2396 4353 2459 4394 se
2503 4334 2678 4395 faciat
2720 4336 2810 4395 in-

375 4591 404 4642 1
443 4566 570 4657 ergo
597 4617 664 4628 —-
692 4591 910 4642 habeant
941 4607 1032 4642 om.
1066 4592 1118 4641 F
1247 4593 1280 4641 2
1309 4591 1733 4673 significationem
1758 4588 1913 4640 habet
1944 4588 1994 4637 L
2020 4588 2174 4640 habet
2210 4589 2633 4655 significationem
2670 4591 2712 4642 S

241 4661 308 4713 16
345 4663 512 4727 primo
543 4662 736 4727 cogitat
771 4669 820 4712 et
851 4661 1124 4712 meditatur
1157 4661 1244 4714 FS
1275 4663 1442 4727 primo
1473 4663 1745 4712 meditatur
1781 4661 1830 4710 L
1995 4661 2061 4708 22
2100 4661 2324 4724 pransito
2361 4660 2449 4710 FS
2494 4661 2727 4726 prandito
2774 4659 2815 4708 L

371 4732 442 4783 26
480 4741 532 4780 ιιι
569 4733 618 4780 in
651 4746 737 4782 sco
767 4733 810 4784 S
841 4738 896 4780 ut
923 4747 1010 4782 sco
1045 4733 1096 4781 F
1121 4739 1175 4781 ut
1207 4732 1258 4780 in
1291 4732 1398 4782 isco
1439 4732 1488 4781 L
1611 4731 1676 4781 34
1706 4727 1987 4797 Vergilius]
2030 4729 2161 4784 Aen.
2201 4731 2318 4780 VIII
2353 4731 2457 4779 677
2598 4731 2664 4781 35
2704 4730 2815 4780 Sta-

231 4799 354 4867 tius]
406 4801 558 4852 Theb.
600 4803 621 4850 1
651 4802 752 4852 525
865 4800 1005 4869 quia]
1039 4817 1172 4865 quae
1210 4801 1348 4854 LFS
1451 4801 1520 4855 36
1556 4817 1670 4850 nam
1709 4801 1754 4850 si
1786 4800 1962 4850 ferueo
1992 4801 2035 4852 S
2058 4815 2175 4850 nam
2215 4802 2261 4851 si
2300 4800 2495 4850 l'eruere
2524 4801 2573 4849 F
2603 4803 2647 4849 ai
2680 4800 2813 4850 enim

237 4871 406 4923 rerbeo
444 4872 494 4921 L
