3434 5442
531 342 580 389 x
920 333 928 341 '
1565 323 1986 387 PRAEFATIO

531 512 870 579 Vicetinae
925 511 1226 579 editionis
1279 512 1420 597 ipse
1471 510 1822 591 indicavit,
1878 532 2026 575 cum
2070 530 2141 575 sc
2185 509 2453 595 Georgii
2496 510 2784 575 Merulae
2828 511 3110 596 vestigia

533 626 826 683 secutum
889 614 1180 681 codicem
1250 614 1761 679 vetustissimum
1826 613 2248 699 exscripsisse
2318 612 2477 677 dicit
2544 612 2723 697 (nam
2784 612 3107 677 Merulam

530 719 889 785 Bobienses
955 716 1210 783 codices
1282 717 1664 781 tractavisse
1732 716 2057 800 constat),
2136 714 2253 779 sed
2318 716 2513 779 etiam
2578 714 2851 779 conlatis
2918 715 3105 780 editis

532 819 1012 907 exemplaribus
1065 838 1215 883 cum
1257 816 1745 883 Vindobonensi
1798 816 1965 883 libro
2023 815 2218 904 plane
2278 814 2507 881 elucet.
2594 838 2745 881 nam
2797 818 2893 883 ita
2946 818 3107 883 haec

531 945 680 988 cum
733 922 900 987 libro
959 942 1154 985 manu
1211 920 1449 1006 scripto
1504 920 1941 1001 consentiunt,
1998 928 2073 983 ut
2114 940 2327 1004 pauca
2367 917 2463 983 vel
2505 916 2953 1004 neglegentius
2998 932 3107 983 ex-

531 1046 758 1111 pressa
799 1023 906 1089 vel
962 1022 1232 1087 consilio
1287 1021 1550 1087 editoris
1605 1029 1858 1087 mutata
1898 1043 2042 1086 esse
2088 1020 2420 1106 adpareat.
2506 1022 2574 1085 in
2618 1020 2950 1086 catholicis
2996 1044 3105 1086 au-

530 1136 662 1191 tem
706 1146 1098 1213 quamquam
1143 1124 1331 1210 plura
1373 1145 1568 1209 quam
1609 1125 1676 1187 in
1721 1124 1935 1209 priore
1979 1122 2146 1187 libro
2204 1132 2455 1187 mutata
2497 1131 2675 1204 sunt,
2721 1130 2934 1187 tamen
2980 1123 3106 1189 alio

531 1228 730 1294 Probi
775 1226 997 1293 codice
1040 1248 1170 1291 non
1215 1247 1370 1290 usus
1419 1234 1517 1289 est
1546 1223 1953 1306 ParrhasiuS,
1998 1226 2169 1289 sicut
2210 1225 2745 1290 existimaverunt
2788 1224 3107 1291 analecto-

530 1353 674 1395 rum
719 1331 1287 1416 grammaticorum
1330 1326 1606 1391 editores
1651 1327 2187 1393 Vindobonenses
2232 1326 2438 1414 praef.
2481 1349 2547 1412 p.
2594 1326 2826 1408 XVII,
2874 1328 2986 1391 sed
3029 1350 3109 1393 ea

531 1454 698 1519 quae
755 1432 893 1496 sine
948 1432 1260 1496 librorum
1316 1451 1512 1494 manu
1568 1430 1955 1516 scriptorum
2020 1451 2141 1515 ope
2196 1430 2488 1494 invenire
2552 1450 2680 1493 non
2748 1430 2959 1515 potuit
3022 1450 3107 1493 ex

531 1532 756 1601 codice
801 1532 1060 1599 Claudii
1105 1530 1501 1613 Sacerdotis,
1558 1554 1753 1618 quem
1804 1532 2019 1619 ipsum
2074 1552 2331 1619 quoque
2384 1530 2577 1595 Bobii
2618 1532 2954 1595 inventum
2996 1530 3107 1594 ha-

534 1637 760 1718 bebat,
807 1636 1014 1722 petita
1056 1643 1234 1699 sunt:
1282 1633 1370 1700 cf.
1415 1658 1480 1722 p.
1514 1642 1613 1716 34,
1652 1642 1689 1701 7
1722 1656 1860 1721 sqq.
1907 1656 2105 1721 quare
2134 1655 2216 1698 ne
2247 1655 2481 1697 nomen
2511 1632 2771 1719 quidem
2803 1634 3103 1715 auctoris,

533 1739 706 1826 quod
761 1736 1144 1803 Parrhasius
1199 1735 1362 1801 libro
1419 1737 1502 1801 ad
1559 1736 2001 1801 Caelestinum
2060 1736 2417 1821 inscripsit,
2477 1755 2561 1799 ex
2614 1756 2811 1799 manu
2866 1737 3105 1822 scripto

531 1840 698 1905 libro
765 1848 984 1927 petere
1047 1839 1288 1925 potuit,
1357 1837 1470 1903 sed
1537 1860 1660 1903 sua
1724 1839 2096 1903 coniectura
2159 1838 2392 1903 ductus
2459 1859 2543 1901 ex
2607 1838 2751 1923 ipso
2794 1838 3106 1903 Bobiensi

531 1943 752 2008 codice
807 1941 1107 2007 confecit.
1195 1962 1345 2005 nam
1399 1961 1546 2004 cum
1599 1942 1670 2004 in
1726 1962 1800 2005 eo
1844 1939 2065 2005 codice
2110 1940 2281 2004 hunc
2326 1939 2557 2005 librum
2600 1938 2779 2003 nullo
2824 1941 3105 2005 auctoris

531 2046 788 2111 nomine
831 2044 1214 2129 inscriptum
1256 2041 1577 2108 catholica
1605 2040 1801 2107 Probi
1828 2043 2201 2130 excipiant,
2247 2064 2333 2107 ex
2374 2043 2599 2128 primis
2644 2040 3103 2112 catholicorum

531 2148 749 2213 verbis
767 2193 785 2228 ,
844 2152 1128 2227 quoniam
1185 2150 1460 2210 instituta
1505 2151 1727 2209 artium
1768 2146 2150 2222 sufficienter
2193 2150 2614 2221 tractavimus,
2672 2166 2832 2209 nunc
2887 2150 2962 2208 de
3004 2164 3105 2208 ca-

531 2256 767 2315 tholicis
831 2256 1134 2315 nominum
1208 2252 1641 2327 verborumque
1714 2252 2055 2313 rationibus
2130 2252 2479 2325 doceamuS,
2560 2246 2877 2311 conclusit
2946 2246 3107 2312 haec

529 2354 675 2439 ipsa
725 2374 892 2438 quae
947 2351 1240 2437 proxime
1295 2349 1686 2415 antecedunt
1741 2371 1884 2414 esse
1939 2348 2139 2413 Probi
2205 2350 2503 2413 instituta
2566 2350 2824 2413 artium.
2912 2358 3107 2435 atque

530 2452 694 2519 illud
737 2455 953 2540 ipsum
995 2452 1256 2518 videtur
1295 2451 1586 2517 indicare
1629 2452 1913 2516 voluisse
1973 2452 2039 2514 in
2084 2450 2485 2543 praefatione
2528 2450 2762 2536 prioris
2806 2450 3107 2515 editionis

530 2556 632 2619 his
678 2554 932 2635 verbis,
992 2562 1010 2589 ‘
1037 2553 1234 2618 Probi
1289 2554 1590 2619 instituta
1645 2556 1881 2617 artium
1928 2553 2049 2637 (sic
2096 2553 2265 2617 enim
2321 2551 2487 2616 libro
2542 2551 2804 2616 titulum
2858 2551 3043 2635 fecit)
3064 2560 3106 2614 ’.

532 2655 800 2723 alteram
855 2656 1189 2721 Parrhasii
1255 2654 1600 2721 editionem
1669 2656 1875 2719 secuti
1940 2665 2091 2719 sunt
2154 2655 2541 2741 quicumque
2606 2663 2791 2718 sexto
2859 2653 3108 2719 decimo

531 2759 786 2825 saeculo
831 2758 948 2823 hos
994 2757 1195 2823 libros
1241 2757 1608 2838 ediderunt,
1665 2758 1891 2844 paucis
1936 2756 2199 2843 quidem
2240 2757 2535 2837 mutatis,
2596 2754 2710 2821 sed
2752 2779 2883 2821 non
2928 2756 3108 2820 adhi-

529 2862 666 2927 bito
710 2859 877 2925 libro
921 2881 1118 2923 manu
1162 2861 1422 2945 scripto.
1511 2858 1625 2923 sed
1669 2860 1738 2923 in
1782 2857 2078 2944 plurimis
2118 2858 2600 2943 exemplaribus
2644 2880 2812 2922 unus
2855 2859 3111 2923 institu-

529 2973 743 3028 torum
771 2961 954 3043 liber,
986 2982 1178 3047 quem
1209 2962 1529 3041 dicebant,
1574 2960 1905 3026 exhibitus
1950 2970 2077 3042 est,
2122 2962 2306 3025 cuius
2351 2958 2469 3024 has
2514 2967 2739 3024 extare
2780 2960 2935 3023 novi
2978 2958 3109 3024 edi-

531 3066 769 3145 tiones,
845 3062 1206 3127 Parisinam
1271 3063 1534 3128 Ioannis
1599 3063 1797 3128 Parvi
1859 3086 1918 3129 a.
1977 3070 2141 3132 1510
2163 3110 2179 3143 ‚
2246 3061 2796 3127 Mediolanensem
2869 3060 3109 3146 Angeli

533 3164 1004 3231 Scinzenzeleri
1049 3188 1107 3229 a.
1143 3173 1325 3245 1513,
1372 3164 1821 3231 Coloniensem
1865 3164 2173 3229 Eucharii
2220 3164 2595 3229 Cervicorni
2640 3186 2699 3228 a.
2746 3172 2939 3244 1517,
2983 3162 3109 3227 Ve-

530 3277 747 3333 netam
790 3266 1053 3333 Ioannis
1081 3268 1356 3333 Tacuini
1399 3288 1458 3331 a.
1493 3275 1675 3348 1519,
1722 3267 2039 3331 Venetam
2069 3266 2369 3331 Caesaris
2396 3266 2790 3333 Arrivabeni
2830 3288 2890 3329 a.
2918 3273 3109 3347 1522,

530 3370 1066 3457 Marpurgensem
1123 3393 1181 3433 a.
1231 3377 1416 3440 1530.
1471 3370 1773 3433 instituta
1829 3376 1893 3433 et
1948 3366 2268 3433 catholica
2310 3367 2578 3432 Parisiis
2638 3367 2811 3453 apud
2867 3368 3109 3432 Ascen-

531 3472 700 3535 sium
741 3493 800 3535 a.
851 3480 1013 3540 1516
1058 3472 1232 3535 edita
1275 3479 1447 3535 sunt.

700 3572 939 3637 Postea
991 3572 1313 3637 communi
1367 3572 1847 3636 institutionum
1902 3572 2472 3656 grammaticarum
2528 3571 2785 3635 nomine
2828 3574 3109 3659 inposito

531 3686 878 3761 utrumque
911 3673 1172 3743 ,librum
1228 3673 1566 3739 coniunxit
1618 3672 1999 3755 Putschius,
2068 3675 2179 3759 qui
2236 3673 2473 3738 librum
2532 3672 2615 3737 ad
2672 3671 3107 3737 Caelestinum

527 3780 624 3844 ita
666 3778 1014 3863 inscripsit,
1061 3776 1182 3841 ²M.
1215 3774 1461 3840 Valerii
1490 3774 1688 3840 Probi
1718 3776 2288 3861 grammaticarum
2316 3776 2791 3840 institutionum
2822 3776 2988 3841 liber
3016 3777 3051 3840 Ι
3070 3786 3107 3857 ’,

531 3879 850 3945 catholica
893 3880 1013 3959 ita,
1061 3878 1186 3942 εΜ.
1221 3875 1464 3942 Valerii
1493 3876 1694 3941 Probi
1726 3880 2295 3962 grammaticarum
2324 3879 2799 3942 institutionum
2844 3877 3009 3943 liber
3040 3878 3109 3943 II

532 3982 644 4069 qui
689 3992 787 4046 est
829 3982 910 4046 de
953 3980 1288 4045 catholicis
1331 3978 1665 4044 nominum
1709 3989 1775 4045 et
1803 3980 2149 4046 verborum
2169 3987 2211 4042 ’-
2280 3982 2393 4044 sed
2437 3981 2493 4043 is
2537 4002 2684 4043 cum
2728 3980 3109 4067 plerumque

532 4084 802 4148 alteram
845 4082 1174 4147 Parrhasii
1219 4082 1564 4147 editionem
1609 4084 2033 4169 expresserit,
2092 4092 2229 4147 tum
2273 4082 2716 4165 Bongarsiano
2772 4082 2994 4148 codice
3041 4106 3109 4147 se

530 4208 720 4250 usum
766 4206 907 4249 esse
951 4184 1142 4265 dicit,
1191 4188 1310 4248 ‘ex
1353 4183 1574 4248 codice
1603 4184 1694 4249 M.
1730 4184 1795 4249 S.
1842 4186 2027 4249 cuius
2075 4186 2401 4249 variantes
2446 4183 2747 4251 submisit
2774 4185 2907 4249 Iac.
2940 4186 3109 4249 Bon-

529 4289 804 4374 garsius,
850 4287 1056 4351 multa
1095 4286 1400 4351 restituta
1441 4294 1650 4352 sunt’.
1725 4308 1845 4351 nec
1898 4294 2113 4351 tamen
2167 4286 2494 4370 integrum
2551 4284 2837 4352 codicem
2874 4281 3111 4352 habuit

530 4389 906 4470 Putschius,
966 4387 1080 4453 sed
1135 4410 1580 4475 quaecumque
1635 4388 1747 4453 ille
1803 4390 2098 4470 novavit,
2160 4410 2327 4475 quae
2390 4388 2651 4471 ingenio
2716 4388 2911 4453 tribui
2980 4412 3108 4453 non

531 4501 832 4577 possunt,
877 4491 946 4555 in
989 4492 1201 4578 prima
1243 4499 1430 4578 parte
1473 4490 1939 4556 catholicorum
1982 4492 2431 4571 inveniuntur,
2490 4511 2695 4577 eaque
2738 4512 2885 4555 cum
2930 4490 3109 4554 Pari-

532 4648 674 4698 tiani
709 4664 744 4699 a
783 4647 1046 4699 Galbiato
1085 4647 1243 4697 facta
1278 4646 1540 4697 exhibitis
1579 4650 1804 4697 constat
1840 4646 1938 4708 (cf.
1974 4645 2083 4697 vol.
2122 4644 2147 4695 Ι
2184 4646 2358 4711 praef.
2397 4662 2449 4711 p.
2476 4644 2662 4708 VIII);
2700 4644 2797 4697 sed
2833 4648 2979 4713 typis
3016 4662 3109 4697 ex-

531 4748 778 4799 pressam
813 4748 937 4784 esse
975 4731 1272 4782 editionem
1305 4746 1417 4782 non
1454 4732 1599 4795 novi,
1637 4746 1819 4796 neque
1844 4746 1963 4782 eam
1998 4732 2056 4780 in
2092 4728 2273 4782 indice
2312 4731 2615 4783 editionum
2640 4730 2809 4782 Probi
2842 4732 2952 4797 ipsi
2976 4732 3109 4783 vin-

531 4819 874 4871 dobonenses
909 4817 948 4871 l.
987 4833 1033 4867 c.
1069 4832 1124 4882 p.
1162 4816 1350 4868 XVIII
1383 4821 1700 4881 posuerunt.
