3434 5442
638 354 717 413 54
1813 344 2038 409 raom

739 478 783 522 p.
819 463 981 508 101.oe
1008 464 1057 508 ιι
2779 474 2824 515 p.
2855 460 2947 503 υτ.
2969 462 3022 504 aa
3054 460 3110 502 v.

806 538 891 599 Ex
934 538 1194 615 integris.
1284 536 1471 612 flgura
1510 536 1832 596 ‘nominum
1880 553 1950 596 ex
1994 536 2238 613 integris
2295 535 2699 615 componitur,
2764 533 2998 614 quando
3057 534 3218 594 duae
3296 534 3313 545 “

638 640 729 703 vel
774 659 843 701 eo
890 638 1091 719 plures
1133 645 1329 718 partes
1384 638 1665 699 orationis
1720 638 1780 696 in
1825 654 1946 698 uno
2005 638 2240 698 nomine
2297 654 2424 697 esse
2483 636 2893 715 reperiuntur,
2951 643 3020 696 ut
3071 640 3220 713 puta

639 742 856 804 infelix.
944 742 1003 802 in
1049 742 1204 802 enim
1254 740 1611 818 praepositio
1650 740 1956 819 utriusque
1983 758 2166 807 ,casus
2210 745 2299 799 est
2349 746 2409 799 et
2457 737 2592 799 felix
2637 754 2852 798 nomen
2904 754 3066 798 nunc
3100 738 3218 797 sci-

628 843 774 905 licet
815 842 1243 923 appellativum.
1334 860 1405 902 eo
1446 840 1646 920 plures
1694 848 1894 921 partes
1941 842 2220 902 orationis
2275 842 2336 900 in
2381 856 2500 901 uno
2555 840 2795 900 nomine
2849 858 2981 901 esse
3039 856 3220 918 repe-

470 1021 481 1032 .
588 972 613 1013 5
640 948 907 1017 riuntur,
963 951 1029 1006 ut
1078 950 1221 1024 puta
1264 941 1573 1022 praesidia.
1661 960 1805 1021 prae
1847 945 2002 1004 enim
2049 944 2400 1021 praepositio
2443 940 2680 1002 ablativi
2731 958 2900 1001 casus
2943 958 3076 1002 esse
3117 958 3218 1001 re-

640 1049 898 1127 peritur,
952 1048 1003 1109 si
1050 1047 1383 1107 coniunctio
1434 1044 1792 1114 ostenditur,
1853 1044 1912 1105 di
1968 1045 2356 1124 praepositio,
2413 1060 2566 1124 quae
2617 1041 2886 1122 loquellis
2937 1034 3216 1111 deservit,

641 1151 959 1229 accipitur,
1016 1166 1048 1209 a
1094 1154 1287 1209 autem
1331 1147 1691 1227 praepositio
1749 1145 1976 1207 ablativi
2021 1164 2188 1207 casus
2239 1162 2366 1207 esse
2416 1146 2760 1206 dinoscitur.
2849 1144 2934 1204 sic
2991 1151 3051 1205 et
3105 1144 3218 1205 alia

642 1252 909 1321 nomina,
961 1266 1113 1327 quae
1153 1267 1188 1310 a
1231 1248 1457 1309 duabus
1500 1246 1589 1308 vel
1634 1266 1705 1309 eo
1748 1247 2018 1327 pluribus
2063 1247 2327 1327 partibus
2377 1246 2670 1313 ,orationis
2712 1247 3028 1307 constituta
3086 1264 3219 1307 esse

641 1354 1036 1430 reperiuntur,
1084 1350 1155 1413 ad
1198 1350 1443 1429 figuram
1490 1351 1873 1429 compositam
1919 1368 1993 1411 ex
2037 1350 2278 1427 integris
2317 1348 2641 1411 secundum
2685 1366 2998 1409 numerum
3041 1366 3218 1409 suum

568 1480 619 1522 ιο
645 1456 945 1534 pertinere
987 1454 1461 1532 pronuntiantur.

812 1554 895 1616 Ex
954 1555 1184 1633 integro
1249 1562 1308 1614 et
1369 1564 1669 1633 corrupto.
1759 1554 1946 1630 figura
2011 1554 2316 1613 nominum
2379 1570 2450 1613 ex
2515 1554 2746 1630 integro
2815 1559 2873 1612 et
2927 1558 3218 1630 corrupto

642 1658 1050 1735 componitur,
1110 1655 1342 1736 quando
1398 1657 1461 1715 in
1518 1657 1707 1735 prima
1753 1661 1920 1732 parte
1977 1655 2231 1715 nominis
2279 1672 2418 1734 pars
2473 1654 2757 1733 orationis
2801 1655 3106 1732 reperitur
3163 1660 3222 1713 et

643 1776 899 1839 sequens
942 1764 1223 1839 corrupta
1266 1758 1578 1826 invenitur,
1624 1764 1688 1817 ut
1729 1763 1868 1835 puta
1913 1754 2161 1817 subtilis..
2238 1755 2348 1817 sub
2393 1757 2548 1816 enim
2593 1756 2953 1835 praepositio
2997 1756 3220 1815 utrius-

645 1880 759 1942 que
804 1874 972 1922 casus
1010 1868 1097 1921 est
1147 1867 1204 1921 et
1240 1858 1355 1920 tilis
1398 1866 1763 1937 corruptum.
1831 1859 1916 1918 sic
1964 1864 2022 1917 et
2055 1856 2167 1918 alia
2208 1858 2466 1928 nomina,
2513 1876 2664 1939 quae
2711 1858 2770 1917 in
2813 1858 3005 1934 prima
3049 1864 3220 1935 parte

571 1988 620 2029 ιε
646 1980 749 2023 sua
793 1968 1021 2041 partem
1064 1962 1348 2023 orationis
1383 1959 1605 2023 habent
1648 1960 2028 2021 constitutam
2067 1966 2124 2019 et
2163 1966 2507 2040 sequentem
2552 1964 2912 2037 corruptam,
2957 1976 3032 2019 ex
3069 1960 3221 2019 inte·

645 2080 752 2143 gro
801 2071 859 2126 et
902 2068 1184 2143 corrupto
1232 2063 1301 2124 ad
1348 2064 1734 2140 compositam
1777 2061 2028 2139 figuram
2073 2078 2314 2122 necesse
2357 2067 2446 2122 est
2487 2066 2554 2120 ut
2595 2062 2948 2139 pertineant.

810 2166 897 2227 Ex
954 2172 1233 2244 corrupto
1301 2171 1374 2225 et·
1418 2165 1669 2243 integro.
1759 2163 1944 2242 figura
2009 2164 2316 2228 nominum
2379 2180 2448 2223 ex
2517 2168 2800 2241 corrupto
2861 2168 2924 2222 et
2984 2163 3221 2240 integro

644 2270 1051 2353 componitur,
1110 2266 1345 2347 quando
1404 2267 1470 2327 in
1510 2268 1699 2344 prima
1741 2272 1906 2343 parte
1963 2266 2220 2325 nominis
2277 2271 2621 2342 corruptum
2679 2264 2974 2342 reperitur
3029 2271 3089 2324 et
3131 2282 3224 2324 se-

646 2386 833 2450 quens
876 2386 1013 2448 pars
1056 2370 1342 2429 orationis
1388 2368 1712 2435 invenitur,
1763 2373 1827 2427 ut
1869 2373 2012 2446 puta
2053 2374 2414 2446 portentum.
2500 2382 2614 2445 por
2655 2367 2810 2427 enim
2869 2374 3224 2443 corruptum

569 2496 621 2539 20
648 2487 779 2533 esse
816 2471 1135 2550 reperitur,
1180 2476 1403 2531 tentum
1448 2487 1587 2530 vero
1632 2470 2008 2549 participium
2054 2486 2184 2529 esse
2225 2466 2529 2547 probatur.
2591 2468 2678 2528 sic
2722 2473 2781 2528 et
2809 2464 2920 2537 alia
2961 2468 3220 2537 nomina,

648 2576 799 2657 quae
858 2573 919 2632 in
962 2572 1149 2649 prima
1206 2580 1371 2651 parte
1428 2588 1530 2633 sua
1584 2578 1929 2650 corruptum
1985 2569 2208 2631 habent
2268 2570 2650 2631 constitutum
2715 2574 2773 2629 et
2825 2570 2888 2629 in
2949 2570 3224 2647 sequenti

646 2680 875 2754 partem
918 2674 1203 2735 orationis
1246 2674 1596 2753 oppositam,
1644 2691 1713 2733 ex
1759 2678 2038 2751 corrupto
2083 2678 2141 2731 et
2167 2672 2398 2750 integro
2441 2670 2516 2731 ad
2555 2672 2938 2749 compositam
2970 2670 3223 2749 figuram

606 2832 611 2837 .
646 2792 888 2841 necesse
932 2783 1022 2837 est
1062 2784 1129 2835 ut
1171 2777 1521 2854 pertineant.
2929 2826 2936 2833 .

815 2878 898 2939 Ex
958 2880 1191 2957 integro
1246 2885 1304 2938 et
1352 2883 1635 2955 corrupto
1696 2882 1757 2937 et
1808 2877 2061 2954 integro.
2151 2876 2337 2951 figura
2395 2874 2698 2934 nominum
2757 2891 2828 2934 ex
2867 2875 3114 2952 integro
3167 2881 3226 2934 et

570 3006 621 3047 ις
650 2986 933 3058 corrupto
979 2986 1038 3040 et
1076 2980 1309 3057 integro
1355 2979 1761 3058 componitur,
1819 2977 2054 3058 quando
2097 2979 2160 3036 in
2205 2978 2404 3054 prima·
2437 2983 2497 3037 et
2535 2976 2848 3037 novissima
2891 2983 3062 3054 parte
3117 2992 3223 3036 no·

648 3082 823 3143 minis
869 3099 1007 3160 pars
1060 3082 1345 3143 orationis
1386 3082 1712 3159 reperitur,
1770 3087 1830 3141 at
1863 3097 2004 3141 vero
2049 3080 2106 3138 in
2147 3077 2336 3139 media
2383 3084 2731 3158 corruptum
2773 3078 3101 3147 invenitur,
3163 3085 3227 3138 ut

648 3190 790 3263 puta
845 3172 1186 3263 perpetuus.
1275 3200 1381 3261 per
1426 3184 1579 3243 enim
1628 3182 1990 3263 praepositio
2037 3180 2350 3241 accusativi
2393 3197 2564 3240 casus
2607 3186 2726 3251 est,
2782 3196 2858 3259 pe
2901 3197 3042 3241 vero
3091 3196 3224 3239 cor·

648 3292 887 3364 ruptum
944 3286 1270 3354 invenitur,
1330 3292 1467 3346 tuus
1510 3291 1705 3346 autem
1757 3300 2090 3364 pronomen
2143 3300 2272 3343 esse
2322 3283 2634 3359 reperitur.
2721 3282 2807 3343 sic
2849 3288 2908 3341 et
2949 3279 3060 3341 alia
3117 3298 3226 3341 no-

650 3388 839 3457 mina,
890 3388 951 3460 in
996 3404 1247 3466 quorum
1296 3388 1484 3465 prima
1528 3393 1587 3448 et
1630 3387 1940 3447 novissima
1991 3391 2160 3464 parte
2207 3400 2346 3463 pars
2389 3384 2674 3444 orationis
2712 3384 3037 3461 reperitur*
3065 3389 3126 3443 et
3165 3385 3224 3443 in

571 3512 625 3554 so
654 3488 845 3549 media
890 3496 1235 3568 corruptum
1276 3488 1602 3557 invenitur,
1659 3506 1730 3548 ex
1776 3488 2008 3564 integro
2063 3494 2124 3547 et
2159 3491 2442 3564 corrupto
2487 3492 2548 3545 et
2583 3486 2818 3562 integro
2861 3483 2933 3545 ad
2973 3468 3226 3561 figuram

654 3590 1039 3668 compositam
1080 3591 1380 3667 pertinere
1418 3594 1840 3649 monstrantur.
1885 3584 1912 3671 Η

823 3690 908 3750 Ex
952 3698 1235 3768 corrupto
1278 3701 1338 3753 et
1378 3692 1612 3769 integro
1658 3696 1718 3751 et
1758 3698 2039 3769 corrupto
2145 3690 2330 3767 figura
2377 3690 2682 3750 nominum
2725 3706 2797 3772 ex
2845 3694 3130 3766 corrupto
3172 3695 3230 3748 et

652 3794 885 3871 integro
930 3799 989 3853 et
1032 3800 1315 3872 corrupto
1361 3794 1765 3872 componitur,
1819 3792 2052 3871 quando
2107 3784 2170 3853 i‘n
2212 3793 2404 3871 prima
2455 3798 2514 3853 et
2555 3791 2866 3851 novissima
2913 3798 3086 3869 parte
3123 3807 3230 3850 no-

654 3896 831 3956 minis
858 3900 1205 3975 corruptum
1244 3896 1557 3962 iuvenitur,
1608 3903 1667 3955 at
1696 3912 1836 3957 vero
1875 3896 1934 3955 in
1970 3894 2160 3956 media
2205 3912 2344 3973 pars
2379 3894 2664 3954 orationis
2693 3910 2822 3953 esse
2859 3895 2870 3967 Ι
2909 3894 3227 3971 reperitur,

582 4021 632 4064 aa
664 4004 729 4059 ut
770 4004 907 4076 puta
950 3996 1223 4058 Fannius.
1314 3996 1410 4057 fan
1454 4000 1609 4059 enim
1652 4003 1996 4075 corruptum
2041 3998 2365 4064 invenitur3
2425 3996 2486 4055 ni
2525 4012 2666 4055 vero
2711 3988 3053 4055 coniunctio
3099 4013 3231 4055 esse

652 4098 968 4179 probatur,
1030 4118 1101 4161 us
1156 4107 1352 4160 autem
1406 4106 1752 4178 corruptum
1809 4116 1938 4160 esse
1995 4098 2342 4160 dinoscitur.
2433 4098 2519 4157 sic
2561 4104 2626 4157 et
2667 4094 2780 4157 alia
2836 4096 3110 4167 nomina,
3169 4098 3232 4156 in

652 4220 905 4281 quorum
955 4202 1145 4283 prima
1191 4209 1251 4263 et
1289 4202 1601 4263 novissima
1656 4207 1825 4281 parte
1883 4208 2228 4279 corruptum
2281 4200 2581 4278 reperitur
2639 4204 2698 4259 et
2745 4195 2818 4257 in'
2847 4196 3044 4258 media
3089 4216 3232 4277 pars

652 4306 935 4367 orationis
976 4306 1288 4374 invenitur,
1336 4323 1407 4367 ex
1450 4309 1736 4382 corrupto
1777 4309 1836 4364 et
1873 4305 2100 4382 integro
2147 4310 2206 4363 et
2247 4308 2532 4381 corrupto
2577 4299 2648 4361 ad
2689 4300 3231 4378 liguram-compo-

652 4408 824 4469 sitam
862 4408 1163 4485 pertinere
1192 4410 1629 4467 monstrantur.
1971 4484 1976 4491 ί
2845 4418 2849 4422 ·

579 4530 630 4571 40
828 4508 911 4569 Ex
963 4510 1195 4587 integro
1236 4515 1297 4568 et
1338 4514 1619 4586 corrupto
1669 4514 1730 4587 et
1779 4508 2012 4583 integro
2065 4514 2124 4567 et
2165 4512 2464 4583 corrupto.
2553 4504 2740 4584 figura
2795 4503 3103 4565 nominum
3159 4522 3230 4565 ex

644 4610 887 4688 integro
932 4618 993 4672 et
1033 4617 1314 4689 corrupto
1360 4616 1419 4670 et
1462 4610 1693 4689 integro
1735 4616 1796 4670 et
1847 4616 2128 4687 corrupto
2187 4608 2594 4686 componitur,
2655 4606 2892 4687 quando
2935 4608 2998 4666 in
3036 4607 3226 4684 prima

787 4832 859 4883 22
899 4830 1187 4898 appositam
1213 4846 1243 4880 υ
1275 4845 1344 4881 ex
1378 4826 1549 4882 codice
1570 4828 1825 4881 ’Parisino
1860 4828 1998 4881 7519
2133 4828 2200 4881 34
2238 4829 2286 4878 in
2327 4828 2493 4877 medio
2531 4828 2608 4880 Ru
