3434 5442
1001 357 1093 418 DE
1138 357 1448 420 PEDIBVS
1497 355 1602 438 [ΙΝ
1647 355 2033 439 DONATVM]
2667 359 2787 427 481

325 475 373 514 p.
403 462 607 504 1832-34
627 462 672 502 P.
2366 479 2410 516 p.
2441 467 2527 508 481.
2556 467 2606 509 82
2634 467 2691 508 V.

219 540 489 603 laborum
536 561 666 604 esse
707 551 1052 622 potuerunt,
1115 552 1179 606 ut
1220 553 1357 624 puta
1414 547 1464 605 si
1509 545 1772 606 dicamus
1817 545 2145 607 aedificium
2192 545 2513 607 aedificatio
2557 549 2791 608 ratioci-

219 645 398 706 natio.
487 645 662 718 haec,
720 648 855 726 quia
910 655 1048 708 sunt
1099 647 1330 726 integra
1383 649 1599 728 posita,
1658 647 1805 709 nulli
1860 649 2218 709 conveniunt
2268 648 2433 728 pedi:
2504 649 2793 710 excedunt

220 748 380 807 enim
423 746 528 808 ΗΠ
571 765 884 809 numerum
927 747 1299 828 syllabarum.
1329 746 1356 832 ΙΙ
1387 750 1700 828 synzugiae
1744 758 2040 822 vocantur,
2088 748 2248 830 quod
2292 750 2507 812 divisae
2550 769 2661 830 pro
2706 751 2792 811 di-

218 849 473 910 videntis
524 849 772 910 arbitrio
826 848 1076 928 pedibus
1120 852 1455 931 signentur,
1519 858 1581 912 ut
1623 851 1674 911 si
1717 851 1961 914 velimus
2007 850 2267 913 dividere
2312 852 2425 912 hoc
2468 871 2688 914 nomen
2731 855 2793 913 in

220 949 372 1012 duos
415 950 703 1031 dactylos,
750 951 922 1014 aedifi
967 954 1146 1024 catio,
1193 954 1404 1015 iterum
1448 955 1510 1012 in
1556 951 1962 1016 choriambum
2010 962 2070 1014 et
2111 953 2504 1033 pyrrichium,
2552 954 2791 1016 aedifica
2822 972 2847 1011 5

226 1057 341 1126 tio,
390 1064 450 1115 et
493 1064 688 1115 cetera
733 1053 908 1116 huius
953 1053 1131 1115 modi.
1199 1073 1402 1118 verum
1449 1055 1498 1115 si
1543 1072 1751 1115 novem
1798 1053 2154 1134 syllabarum
2201 1073 2416 1117 nomen
2461 1057 2798 1128 incurrerit,

222 1157 303 1216 ita
351 1155 688 1226 dividimuS,
733 1156 942 1217 ratioci
988 1157 1212 1216 nationi
1253 1154 1395 1227 bus,
1456 1159 1517 1216 in
1573 1175 1862 1237 paeonem
1905 1159 2145 1218 tertium
2190 1167 2249 1219 et
2293 1157 2695 1219 ditrochaeum
2742 1168 2803 1220 et

221 1258 621 1337 semipedem3
667 1265 767 1319 aut
809 1259 920 1328 ita,
966 1260 1116 1320 ratio
1161 1259 1340 1319 cinati
1385 1257 1624 1329 onibus,
1681 1260 1743 1319 in
1788 1266 2168 1339 anapaestum
2216 1269 2275 1321 et
2318 1258 2799 1338 amphibrachum

223 1368 282 1421 et
326 1358 650 1440 dactylum,
697 1368 758 1420 et
799 1358 911 1420 alia
954 1359 1127 1420 huius
1169 1360 1348 1421 modi.
1409 1359 1619 1442 [pedes
1669 1359 1941 1440 disyllabi
1998 1378 2200 1424 secum
2245 1362 2427 1422 iuncti
2470 1361 2577 1423 hos
2622 1361 2694 1424 de
2738 1381 2803 1425 se

223 1460 491 1542 duplices
531 1461 660 1523 XVI
703 1469 908 1522 creant
953 1460 1053 1522 tali
1098 1460 1447 1542 schemate]
2826 1481 2876 1523 ιο

398 1564 620 1626 Omnes
660 1561 844 1643 pedes
887 1571 1010 1624 tres
1054 1563 1403 1626 divisionum
1449 1562 1729 1624 formulas
1760 1570 1994 1635 tenent,
2040 1565 2142 1626 sed
2172 1566 2280 1627 has
2309 1584 2460 1645 quae
2504 1566 2573 1628 ad
2606 1584 2800 1646 gram-

223 1667 472 1729 maticos
514 1667 831 1746 pertinent.
918 1685 1054 1728 nam
1101 1664 1589 1746 amphibrachus,
1637 1667 1738 1744 qui
1782 1667 2073 1746 excipitur
2117 1685 2150 1727 a
2194 1667 2449 1738 Donato,
2494 1668 2671 1730 habet
2716 1669 2803 1730 di-

230 1770 514 1830 visionem
571 1786 721 1849 quae
775 1768 992 1830 dicitur
1047 1768 1250 1848 tripla·;
1326 1769 1574 1848 epitriti,
1622 1767 1721 1847 qui
1766 1767 1839 1828 ab
1887 1769 2093 1829 eodem
2140 1770 2540 1850 excipiuntur,
2584 1771 2805 1832 hahent

224 1871 574 1932 divisionem
621 1889 772 1950 quae
819 1871 1052 1950 epitrita
1098 1869 1329 1932 dicitur.
1392 1887 1532 1947 ergo
1578 1869 1670 1930 his
1715 1871 1976 1950 quinque
2020 1869 2269 1950 pedibus
2314 1875 2572 1963 exceptis
2616 1875 2804 1934 scien-

222 1973 366 2035 dum
411 1980 500 2034 est
540 1971 699 2051 quod
740 1973 802 2032 in
843 1971 1087 2052 reliquis
1125 1971 1374 2052 pedibus
1419 1973 1562 2033 istae
1606 1979 1745 2032 sunt
1788 1971 2101 2036 divisiones
2136 1980 2283 2045 treS,
2336 1993 2581 2054 quarum
2612 1977 2801 2054 prima
2832 1994 2879 2034 15

220 2093 440 2156 aequa,
487 2074 744 2136 secunda
789 2074 993 2157 dupla,
1043 2076 1214 2136 tertia
1256 2073 1523 2152 sescupla
1571 2073 1805 2134 dicitur.
1895 2081 1953 2134 et
1998 2083 2088 2135 est
2131 2093 2315 2155 aequa
2360 2076 2561 2136 divisio
2607 2079 2667 2136 in
2712 2077 2803 2138 his

221 2177 505 2257 pedibus,
553 2179 653 2257 qui
696 2176 872 2238 soluti
914 2184 1001 2238 tot
1049 2185 1314 2256 tempora
1359 2175 1580 2238 habent
1621 2177 1682 2236 in
1742 2177 1886 2247 arsi,
1944 2185 2089 2256 quot
2131 2177 2193 2237 in
2236 2177 2414 2248 thesi,
2463 2187 2527 2239 ut
2570 2187 2659 2239 est
2704 2178 2803 2240 da-

222 2279 432 2361 ctylus.
522 2278 695 2360 dupla
753 2288 870 2351 est,
929 2281 1198 2359 quotiens
1254 2277 1436 2340 altera
1493 2295 1632 2357 pars
1692 2276 1939 2338 alteram
1991 2285 2221 2358 partem
2266 2277 2443 2359 duplo
2488 2280 2701 2351 vincit,
2748 2289 2809 2342 et

222 2391 315 2444 est
359 2384 422 2442 in
467 2383 558 2443 his
598 2380 880 2462 pedibuS,
932 2379 940 2462 Ι
990 2379 1270 2442 trochaeo
1317 2387 1376 2440 et
1418 2378 1646 2440 iambo:
1693 2397 1830 2440 nam
1874 2381 2065 2460 prima
2115 2379 2332 2460 syllaba
2380 2380 2498 2441 duo
2544 2388 2808 2462 tempora

221 2484 437 2556 habet,
481 2501 735 2564 sequens
781 2501 992 2552 unum,
1041 2481 1128 2542 vel
1175 2490 1397 2542 contra.
1459 2480 1725 2561 sescupla
1774 2489 1888 2552 est,
1936 2483 2206 2561 quotiens
2252 2481 2432 2543 altera
2476 2501 2617 2563 pars
2660 2482 2801 2544 alte·
2830 2505 2880 2544 20

221 2604 356 2648 ram
399 2592 631 2666 partem
679 2583 1040 2645 dimidietate
1083 2583 1250 2664 dupli
1293 2584 1497 2654 vincit,
1545 2600 1694 2663 quae
1740 2582 1963 2645 idcirco
2009 2583 2161 2644 dicta
2206 2592 2295 2645 est
2338 2583 2623 2662 sescupla,
2668 2587 2806 2665 quia

221 2688 361 2769 plus
415 2688 492 2750 ab
548 2705 732 2767 aequa
779 2688 1094 2766 significat,
1151 2687 1348 2748 minus
1391 2704 1424 2746 a
1469 2683 1664 2764 dupla.
1756 2683 1916 2745 aliud
1962 2693 2051 2746 est
2094 2687 2279 2756 enirn,
2328 2705 2461 2748 cum
2507 2685 2624 2747 duo
2668 2696 2807 2748 sunt

235 2797 448 2852 contra
492 2807 677 2851 unum
726 2788 876 2870 (plus
920 2791 1076 2850 enim
1121 2787 1353 2849 laborat
1394 2785 1494 2846 illa
1536 2804 1707 2866 parS,
1754 2781 1907 2866 quae‘
1948 2806 2130 2849 unum
2176 2786 2355 2848 habet
2398 2795 2603 2848 contra
2648 2787 2803 2867 duo),

221 2893 384 2956 aliud
430 2900 546 2964 est,
604 2909 738 2953 cum
782 2893 891 2953 tria
936 2892 1176 2952 veniunt
1230 2897 1434 2950 contra
1493 2888 1630 2950 duo.
1720 2889 1873 2950 scire
1918 2891 2094 2950 etiam
2162 2889 2447 2951 dehemus
2503 2887 2661 2969 quod
2706 2907 2804 2950 ae-

221 3014 403 3077 quam
461 2994 804 3055 divisionem
859 3010 1170 3074 possumus
1213 3010 1423 3054 vocare
1480 2989 1853 3072 dactylicam,
1910 2989 2151 3070 duplam
2206 2990 2545 3062 iambicam,
2602 3009 2802 3054 sescu-
2828 3013 2881 3053 25

221 3098 382 3179 plam
429 3097 792 3177 paeonicam.

395 3199 784 3260 Inveniuntur
839 3199 900 3256 in
955 3214 1074 3258 uno
1130 3214 1366 3276 quoque
1408 3203 1600 3257 metro
1654 3194 1838 3276 pedes
1882 3196 1981 3275 qui
2026 3193 2303 3255 dicuntur
2346 3196 2538 3268 nothi,
2584 3196 2803 3259 idcirco

231 3301 390 3382 quod
437 3299 598 3362 velut
642 3298 894 3380 adpositi
936 3317 968 3359 a
1015 3298 1297 3378 dignitate
1341 3298 1516 3358 metri
1562 3296 1953 3376 degenerent,
2000 3304 2066 3359 ut
2110 3305 2201 3358 est
2240 3298 2305 3358 in
2348 3315 2517 3358 versu
2564 3297 2805 3360 heroico

225 3404 545 3466 trochaeus
589 3408 938 3481 anapaestus
979 3400 1526 3481 proceleumaticus.
1587 3416 1725 3460 nam
1770 3397 2018 3478 legitimi
2060 3404 2197 3458 sunt
2238 3400 2299 3459 in
2344 3398 2585 3460 heroico
2628 3419 2806 3482 spon-

225 3507 376 3568 deus
423 3513 483 3567 et
525 3503 814 3584 dactylus,
861 3504 962 3583 qui
1005 3510 1202 3564 tamen
1247 3511 1304 3563 et
1346 3503 1473 3582 ipse
1519 3519 1636 3561 non
1681 3501 1791 3562 fuit
1829 3497 1859 3583 ΙΙ
1902 3508 2037 3562 ante
2082 3498 2409 3579 legitimuS,
2468 3502 2569 3564 sed
2615 3503 2804 3565 factus
2828 3524 2880 3566 30

225 3616 318 3670 est
373 3625 450 3668 ex
505 3605 796 3668 solutione
851 3605 1142 3666 secundae
1197 3602 1452 3686 syllabae
1507 3601 1773 3683 spondei.
1862 3600 2044 3681 pedes
2098 3602 2403 3682 simplices
2458 3605 2591 3666 ideo
2665 3605 2807 3668 dicti

217 3718 394 3782 sunt,
456 3709 610 3790 quod
667 3725 786 3768 non
839 3707 956 3768 sint
1001 3725 1071 3768 ex
1116 3705 1366 3787 pedibus
1410 3703 1536 3766 aliis
1580 3705 1920 3784 compositi,
1966 3704 2069 3765 sed
2114 3713 2353 3776 natura,
2400 3714 2460 3767 et
2504 3725 2687 3787 usque
2732 3708 2804 3769 ad

221 3823 429 3874 ternas
484 3809 736 3890 syllabas
793 3809 1056 3870 tendunt.
1147 3809 1197 3870 si
1257 3809 1414 3869 enim
1461 3825 1646 3887 usque
1693 3806 1766 3867 ad
1810 3813 2086 3887 quattuor
2131 3807 2480 3880 dixerimuS,
2525 3810 2643 3870 iam
2686 3827 2805 3870 non

367 4017 392 4068 1
430 4015 714 4066 aedificatio
749 4013 878 4064 ratio
914 4011 1228 4062 ratiocinatio
1251 4011 1302 4060 P
1328 4010 1611 4060 aedificatio
1646 4011 1959 4061 orationibus
1998 4009 2182 4074 (oratio
2215 4025 2351 4060 corr.
2389 4012 2701 4062 orationibus
2721 4012 2799 4077 B)

221 4088 544 4139 ratiocinatio
582 4084 685 4134 BF
853 4083 887 4131 2
921 4082 1049 4132 haec
1082 4096 1213 4145 quae
1249 4089 1366 4131 sunt
1395 4081 1446 4129 F
1477 4080 1604 4130 haee
1640 4089 1759 4130 sunt
1797 4082 2005 4129 nomina
2039 4094 2168 4143 quae
2204 4081 2471 4133 Putcclzius
2610 4083 2643 4133 3
2680 4099 2802 4148 syn-

221 4154 796 4288 Zi¹g³³⁸⁰a522⁰2532³5
826 4151 1278 4274 5εέἕὲἔὲξέἓὲιῖ
1378 4220 1412 4270 5
1445 4151 1749 4270 flffii‘ffim
1785 4219 1836 4266 P
1866 4151 1901 4200 ⁴
1937 4147 2803 4284 ἛὸἳὲὛζέηδῖἒὲῗὲἒξῖῗῑιῑέἔῗέῗ

219 4243 409 4346 chatz
447 4295 498 4345 F
648 4295 713 4346 11
753 4293 944 4343 formas
979 4291 1030 4341 F
1165 4291 1260 4340 has
1294 4305 1422 4354 quas
1450 4291 1502 4340 F
1651 4289 1716 4340 12
1753 4287 2058 4338 anflbrachis
2090 4289 2141 4337 F
2300 4289 2363 4342 13
2402 4292 2490 4353 qui
2527 4306 2591 4340 ex
2624 4293 2803 4343 eodem

221 4368 270 4415 F
413 4365 482 4416 16
518 4363 674 4430 dupla
711 4363 859 4414 estB
1000 4362 1064 4412 17
1106 4359 1336 4424 dactylus
1355 4359 1630 4411 Putat-hius
1663 4358 1913 4424 dactylica
1944 4358 2083 4414 ΒΡς
2116 4359 2361 4410 dactalica
2396 4362 2447 4410 F
2582 4361 2646 4412 18
2683 4365 2795 4428 par·

219 4446 322 4486 tem
366 4449 465 4486 om.
503 4435 604 4485 BP
737 4433 803 4484 21
843 4441 1040 4497 partem
1075 4447 1166 4484 om.
1202 4429 1251 4479 F
1351 4429 1677 4480 dimedietate
1709 4427 1763 4477 B
1791 4426 2129 4479 demedietate
2162 4430 2215 4480 F
2336 4432 2403 4481 22
2440 4431 2609 4482 minus
2646 4431 2805 4497 dupla

218 4505 326 4556 alid
371 4506 423 4555 P
582 4507 651 4554 24
685 4505 784 4554 tria
818 4502 869 4552 P
895 4518 1030 4552 corr.
1067 4510 1170 4552 tres
1205 4499 1256 4549 B
1288 4508 1391 4550 tres
1427 4501 1478 4550 F
1649 4499 1715 4549 27
1756 4499 1912 4564 pedes
1944 4498 2198 4565 ignobiles
2235 4501 2322 4564 qui
2360 4500 2501 4550 nothi
2557 4510 2805 4552 uocantur

215 4575 500 4626 Pur-schim
637 4573 705 4624 28
735 4573 872 4636 quod
908 4572 1048 4625 uelut
1097 4571 1317 4638 oppositi
1353 4585 1386 4618 a.
1421 4569 1670 4636 dignitate
1704 4569 1851 4618 metri
1892 4569 2202 4634 degenerent
2232 4569 2285 4618 P
2315 4573 2447 4635 quod
2486 4571 2735 4636 adpossiti
2773 4587 2805 4621 a

218 4647 480 4712 dignitate
525 4644 671 4694 metri
707 4658 766 4692 se
799 4644 1108 4710 degenerent
1141 4641 1193 4690 F
1227 4639 1366 4702 quod
1412 4640 1554 4690 uelut
1609 4639 1831 4703 adpositi
1882 4638 2180 4705 dignitatem
2215 4641 2362 4689 metri
2414 4648 2463 4690 et
2514 4642 2805 4708 redigerent

215 4732 357 4771 cor-r,
403 4714 544 4778 quod
573 4713 794 4779 adpositi
831 4728 862 4763 a
898 4712 1147 4780 dignitate
1185 4711 1331 4760 metri
1367 4711 1658 4777 redigerent
1691 4707 1744 4757 B
1947 4707 2018 4758 29
2062 4719 2182 4758 sunt
2232 4711 2282 4757 in
2332 4708 2538 4760 heroico
2576 4710 2626 4759 P
2663 4727 2800 4765 corr.

219 4795 340 4837 sunt
373 4787 432 4835 in
466 4784 672 4835 heroico
709 4797 864 4833 uersu
896 4782 947 4832 B
985 4784 1036 4832 hi
1075 4791 1193 4833 sunt
1227 4781 1278 4830 F
1412 4779 1479 4831 32
1515 4779 1608 4828 sed
1642 4787 1821 4828 natura
1851 4793 2015 4841 usquc
2044 4793 2079 4834 ς
2125 4779 2293 4830 codex
2331 4779 2599 4832 Leidenst's

216 4857 286 4911 33
325 4859 436 4907 iam
471 4871 566 4906 om.
605 4856 655 4906 F

323 4945 629 4990 GRAMMAT.
664 4945 785 4987 [ΛΤ.
815 4945 910 4988 1111.
2317 4941 2397 5003 31
