3434 5442
617 315 843 364 xnvm
1708 304 2128 368 PRAEFATIO

617 498 875 573 praeter
915 510 1118 552 unum
1161 486 1450 552 codicem
1493 498 1694 554 extat.
1788 510 2181 576 quamquam
2224 498 2443 553 autem
2492 487 2565 554 in
2608 510 2687 554 ea
2727 498 3029 555 versatur
3070 512 3208 555 mae

618 590 813 671 teria,
858 611 1026 676 quae
1057 598 1122 653 et
1153 612 1272 675 per
1297 610 1368 687 se
1398 590 1562 655 levis
1594 602 1659 655 et
1689 613 1886 677 saepe
1930 598 1971 655 a
2012 591 2453 675 grammaticis
2500 600 2782 657 tractata
2824 594 2936 674 sit,
2982 603 3207 658 tamen

617 700 883 778 propter
925 712 1158 757 nomen
1203 692 1414 757 Servii
1471 702 1536 757 et
1585 703 1855 780 propter
1907 695 2223 758 rationem
2280 694 2602 759 tractandi
2656 695 2741 759 ab
2786 716 2865 759 ea
2906 716 3037 781 qua
3088 694 3209 758 alii

617 795 720 859 usi
765 802 916 858 sunt
957 794 1219 859 diversa
1260 816 1390 860 non
1433 796 1743 879 indignus
1786 816 1929 860 esse
1971 795 2153 860 visus
2198 804 2297 859 est
2352 797 2467 882 qui
2508 795 2825 861 ederetur.

702 908 710 913 '
787 895 1056 980 Sergii
1099 897 1731 963 commentarius
1774 897 1868 961 de
1911 896 2195 961 littera
2222 898 2316 962 de
2346 896 2670 983 syllaba
2712 896 2807 963 de
2848 898 3205 983 pedibus

618 998 710 1062 de
742 998 1224 1063 accentibus
1269 998 1360 1065 de
1406 999 1945 1064 distinctione
1986 1000 2056 1090 in
2097 998 2319 1065 codice
2363 999 2708 1081 Bobiensi,
2752 1023 2924 1065 nunc
2955 1000 3203 1067 Vindo-

617 1098 887 1164 bonensi
935 1108 1034 1180 16,
1080 1100 1128 1165 f.
1177 1108 1432 1170 42—-44
1489 1111 1556 1167 et
1607 1102 1677 1167 in
1728 1102 2135 1186 Frisingensi
2190 1108 2266 1170 81
2330 1101 2377 1166 f.
2427 1108 2674 1173 76—81
2730 1103 2990 1189 legitur.
3080 1103 3205 1167 sed

615 1212 874 1287 praeter
917 1203 1034 1266 hos
1077 1201 1263 1267 multi
1308 1214 1460 1269 sunt
1501 1204 1757 1269 codices
1770 1251 1787 1285 ,
1834 1204 1901 1268 in
1944 1203 2182 1290 quibus
2226 1203 2331 1268 vel
2376 1212 2551 1268 totus
2596 1203 2761 1269 liber
2802 1204 2909 1269 vel
2938 1204 3205 1291 aliquae

615 1313 834 1390 partes
891 1304 1030 1369 eius
1087 1308 1367 1391 scriptae
1424 1314 1592 1370 sunt.
1685 1328 1770 1369 ex
1813 1306 2049 1391 quibus
2104 1305 2409 1369 videntur
2463 1308 3008 1372 commemorandi
3052 1328 3203 1371 esse

615 1406 704 1471 hi.
793 1407 1001 1473 codex
1055 1407 1389 1472 Parisinus
1447 1416 1604 1477 7491
1679 1429 1849 1472 saec.
1898 1406 1965 1471 X
2022 1413 2237 1487 incipit
2289 1415 2781 1473 commentarium
2838 1408 3203 1474 CEPHl'II

616 1509 743 1573 ΔΕ
771 1508 1205 1575 ΛΙΤΤΕΡΙΟ.
1265 1515 1498 1575 Littera
1529 1516 1693 1575 dicta
1722 1522 1809 1574 est
1832 1548 1920 1560 --
1946 1516 2121 1574 troie.
2176 1516 2319 1586 finit
2360 1516 2437 1575 de
2474 1516 2815 1576 accentibus
2858 1517 2935 1575 de
2976 1517 3207 1576 ultimis

613 1616 862 1693 syllabis
903 1614 1064 1676 coitis
1095 1614 1256 1692 ppos
1298 1624 1480 1692 atque
1521 1618 1895 1677 interiecioaei.
1986 1618 2441 1677 Coniunctiones
2488 1616 2632 1690 fere
2686 1633 2885 1678 omnes
2936 1619 3203 1694 corripi·

617 1725 803 1778 untur
844 1720 952 1778 sed
994 1735 1152 1794 quae
1195 1736 1236 1779 a
1279 1722 1378 1779 uel
1415 1722 1440 1779 i
1464 1722 1868 1779 terminantur
1910 1726 2166 1795 excepto
2210 1721 2296 1778 ita
2324 1752 2411 1763 —
2437 1726 2498 1779 et
2538 1726 2745 1780 cetera
2787 1720 3060 1780 similiter
3098 1721 3207 1779 uel

615 1822 1070 1896 circumflexum
1115 1824 1176 1881 in
1220 1824 1426 1882 ultimo
1469 1828 1805 1882 accentum.
1848 1824 2001 1894 finit.
2078 1818 2285 1882 codex
2324 1816 2661 1881 Parisinus
2711 1826 2875 1889 7520
2921 1839 3091 1882 saec.
3126 1817 3203 1881 X

616 1924 830 1998 incipit
891 1926 1380 1984 commentarium
1443 1926 1634 2011 serqii
1697 1921 1890 2005 (corr.
1946 1926 2170 1997 sereqii
2182 1918 2209 2003 )
2267 1925 2343 1984 de
2394 1925 2628 1984 litteris.
2730 1924 2966 1985 Littera
3026 1924 3204 1985 dicta

613 2030 706 2085 est
729 2058 815 2069 —
843 2027 906 2085 in
949 2027 1156 2087 ultimo
1196 2034 1438 2087 sumunt
1481 2033 1815 2087 accentum.
1874 2022 2083 2086 codex
2126 2021 2462 2085 Parisinus
2509 2030 2673 2092 7559
2718 2043 2887 2087 saec.
2933 2020 3004 2085 X
3046 2029 3201 2086 inci-

605 2129 704 2203 pit
757 2131 1244 2189 commentarium
1295 2131 1534 2203 sereqii.
1795 2130 1871 2187 de
1922 2130 2154 2188 litteris.
2244 2128 2477 2187 Littera
2530 2129 2698 2189 dicta
2752 2136 2841 2188 est
2894 2162 2968 2171 —
3018 2131 3198 2189 troie.

615 2232 832 2306 incipit
872 2231 948 2290 de
976 2232 1359 2292 distinctione
1383 2234 1513 2291 siae
1546 2233 2007 2307 praepositione
2036 2238 2216 2305 atque
2244 2232 2674 2291 interiectione.
2738 2232 3205 2291 Coniunctiones

607 2331 750 2404 fere
795 2348 993 2393 omnes
1033 2366 1120 2376 —-
1161 2336 1221 2393 in
1267 2335 1473 2394 idtimo
1513 2341 1757 2393 sumunt
1800 2340 2133 2394 accentum.
2205 2326 2418 2393 codex
2458 2328 2809 2393 Bernensis
2853 2336 2975 2398 432
3022 2349 3199 2393 saec.

614 2430 684 2494 X
727 2437 944 2511 incipit
983 2438 1475 2497 commentarium
1516 2438 1741 2509 sereqii
1778 2436 1855 2495 de
1902 2435 2139 2495 litteris.
2227 2434 2466 2495 Littera
2511 2436 2675 2495 dicta
2718 2442 2807 2495 est
2846 2468 2933 2481 --
2974 2438 3197 2495 troiae.

615 2538 692 2597 de
735 2539 954 2597 ultimis
993 2538 1241 2614 syllabis
1283 2538 1468 2597 cornis
1499 2538 1658 2615 ppbt
1699 2539 1899 2611 adque
1942 2539 2235 2597 interiect.
2314 2538 2775 2598 Coniunctiones
2809 2536 2953 2609 fere
2995 2554 3203 2597 omnes

611 2674 700 2688 --
741 2642 806 2701 in
847 2641 1054 2699 ultimo
1095 2646 1336 2700 sumunt
1377 2646 1709 2700 accentum.
1767 2641 1919 2711 finit.
2010 2656 2159 2699 nam
2213 2636 2283 2699 in
2338 2633 2440 2698 his
2498 2634 2795 2699 omnibus
2854 2634 3199 2698 codicibus

615 2739 834 2804 brevis
863 2739 1360 2803 commentarius
1391 2737 1472 2802 de
1497 2738 1743 2801 ultimis
1776 2736 2045 2821 syllabis
2089 2737 2613 2802 coniunctionum
2641 2736 3201 2823 praepositionum

613 2839 1134 2906 interiectionum
1188 2838 1248 2902 ei
1306 2840 1418 2927 qui
1474 2848 1572 2903 est
1627 2838 1696 2902 in
1752 2839 1881 2903 fine
1934 2838 2141 2903 libelli
2200 2838 2410 2904 Servii
2465 2839 2545 2903 de
2600 2838 2905 2903 finalibus
2961 2837 3197 2902 similis

613 2943 905 3008 adiectus
951 2950 1069 3006 est.
1158 2940 1745 3007 codex-Leidensis
1789 2941 1981 3005 Voss.
2032 2948 2133 3011 37.
2182 2950 2219 3012 8
2265 2964 2455 3007 saec..
2480 2940 2580 3021 X,
2636 2948 2850 3021 incipit
2900 2961 3200 3005 commen-

613 3052 838 3110 tarium
893 3050 1086 3123 serqii
1139 3044 1331 3129 (corr.
1391 3044 1473 3107 al.
1533 3066 1704 3108 man.
1764 3043 1989 3130 seruit)
2036 3048 2113 3107 de
2164 3049 2402 3107 litteris.
2493 3047 2726 3107 Littera
2770 3048 2935 3107 dicta
2979 3053 3068 3107 est
3108 3082 3200 3091 —-

614 3154 830 3213 troiae.
890 3152 965 3211 de
1005 3152 1369 3212 soloecismo,
1433 3150 1829 3211 Soloecismas
1870 3150 2019 3224 quid
2059 3156 2147 3209 est
2190 3154 2310 3209 etc.
2358 3147 2651 3231 sequitur
2694 3146 3195 3209 commentarius

613 3250 695 3315 de
739 3249 1144 3329 soloecismo,
1191 3248 1272 3313 de
1316 3250 1549 3333 tropis,
1597 3246 1678 3312 de
1725 3246 2193 3333 metaplasmis:
2241 3245 2326 3310 cf.
2358 3245 2485 3311 vol.
2518 3248 2553 3311 I
2582 3246 2789 3332 praef.
2821 3270 2885 3332 p.
2919 3246 3193 3312 XXIII.

611 3352 823 3439 prima
865 3351 1019 3416 libri
1060 3371 1213 3436 pars
1257 3349 1502 3436 scripta
1545 3358 1644 3414 est
1683 3349 1753 3413 in
1795 3348 2017 3414 codice
2058 3346 2463 3433 Sangallensi
2494 3354 2617 3418 876
2662 3370 2830 3413 saec.
2878 3348 2983 3413 IX
3012 3372 3077 3433 p.
3110 3355 3195 3419 98

611 3459 910 3535 expositio
955 3458 1179 3517 artium
1198 3468 1204 3474 ·
1224 3458 1454 3518 donati.
1547 3456 1780 3517 Littera
1838 3456 2002 3516 dicta
2044 3462 2133 3515 est
2172 3489 2259 3501 ——
2301 3474 2364 3536 p.
2416 3458 2538 3520 104
2593 3457 2731 3514 item
2775 3462 2841 3515 at
2872 3457 3195 3530 proceleu-

612 3562 864 3621 maticus
907 3565 1196 3634 quattuor
1235 3560 1503 3636 syllabas
1541 3560 1612 3618 el
1640 3564 1932 3633 quattuor
1957 3564 2233 3633 tempora
2266 3552 2437 3639 (480,
2487 3552 2617 3637 11).
2679 3558 2755 3617 de
2780 3558 3196 3617 barbarismo:

601 3657 906 3743 ⁴sequitur
960 3656 1206 3721 Donati
1259 3678 1411 3743 pars
1469 3656 1550 3721 de
1607 3655 2010 3721 barbarismo
2064 3664 2129 3719 et
2182 3653 2415 3720 ceteris
2477 3653 2654 3718 vitiis
2720 3664 2785 3719 et
2840 3655 3195 3721 virtutibus

613 3758 942 3824 orationis.
1005 3768 1297 3824 extrema
1323 3781 1474 3845 pars
1518 3757 1672 3823 libri
1714 3756 1955 3842 legitur
1994 3756 2062 3820 in
2092 3756 2315 3822 codice
2346 3756 2640 3820 Parisino
2674 3764 2836 3827 7530
2868 3758 2915 3821 f.
2948 3766 3052 3825 40.
3088 3767 3193 3826 41.

779 3861 1032 3927 Eadem
1073 3861 1353 3943 ratione,
1411 3883 1540 3948 qua
1592 3861 1662 3924 in
1714 3859 1900 3924 libris
1954 3882 2151 3924 manu
2202 3858 2459 3943 scriptis
2505 3856 2702 3941 vulgo
2747 3859 3026 3944 scriptus
3073 3868 3194 3940 est,

615 3963 826 4049 Sergii
869 3962 1036 4029 liber
1078 3964 1358 4049 primum
1415 3962 1621 4027 editus
1678 3984 1820 4027 esse
1864 3962 2123 4028 videtur
2176 3960 2245 4027 in
2292 3960 2571 4025 editione
2613 3959 3085 4025 Mediolanensi
3127 3981 3191 4025 a.

616 4074 778 4136 1473
809 4088 1008 4151 supra
1036 4089 1100 4152 p.
1131 4064 1359 4131 XLIV
1403 4064 1708 4130 indicata.
1770 4064 1886 4130 sed
1927 4064 2083 4152 quia
2126 4062 2351 4128 eadem
2380 4063 2537 4128 artis
2574 4063 3035 4149 grammaticae
3066 4062 3193 4127 ele-
3238 4118 3243 4121 .

611 4176 855 4250 menta,
913 4189 1080 4254 quae
1135 4167 1204 4233 in
1257 4168 1382 4232 hoc
1437 4166 1606 4232 libro
1662 4176 2055 4247 tractantur,
2112 4164 2184 4229 in
2236 4164 2446 4252 prima
2495 4175 2681 4252 parte
2724 4167 2883 4231 artis
2926 4165 3194 4230 maioris

611 4270 890 4351 Donati,
936 4290 1132 4355 quam
1174 4278 1425 4356 partem
1468 4279 1607 4335 tum
1648 4267 1848 4354 vulgo
1892 4267 2169 4355 primam
2210 4266 2560 4333 editionem
2604 4268 2935 4350 dicebant,
2996 4290 3194 4353 expo·

612 4372 740 4435 sita
781 4380 959 4453 sunt,
1006 4371 1204 4437 Ianus
1235 4372 1619 4437 Parrhasius
1653 4372 1835 4454 (nam
1874 4370 1930 4434 is
1974 4370 2111 4435 eius
2154 4368 2251 4433 rei
2294 4380 2523 4435 auctor
2564 4370 2859 4435 extitisse
2896 4370 3193 4455 videtur)

552 4540 560 4553 ,
611 4472 680 4537 in
724 4472 1006 4538 editione
1044 4474 1513 4539 Mediolanensi
1544 4473 1742 4538 Probi
1785 4472 1880 4536 sic
1924 4472 2307 4558 inscriptum
2350 4469 2590 4537 librum
2634 4472 2960 4553 exhibuit,
3009 4472 3194 4537 ‘Ser-

611 4574 705 4659 gii
757 4574 825 4638 in
877 4574 1120 4641 Donati
1174 4587 1378 4642 artem
1430 4576 1704 4662 primam
1760 4573 2275 4639 commentaria’.
2386 4573 2621 4639 deinde
2676 4574 2889 4641 Servii
2956 4596 3195 4639 nomen

611 4676 875 4741 induxit
902 4677 1268 4743 Ioachimus
1301 4676 1740 4759 Camerarius,
1786 4676 1901 4763 qui
1934 4699 2075 4741 eam
2112 4675 2265 4742 libri
2294 4685 2572 4763 partem,
2618 4700 2785 4764 quae
2830 4687 2929 4742 est
2970 4675 3051 4740 de
3082 4698 3195 4761 pe-

613 4778 805 4846 dibus
853 4790 918 4844 et
960 4780 1042 4846 de
1085 4778 1491 4857 accentibuS,
1537 4802 1684 4846 eum
1726 4779 1937 4845 Mario
1980 4777 2315 4845 Victorino
2361 4779 2705 4866 Tubingae
2750 4802 2809 4846 a.
2844 4786 3007 4849 1537
3052 4778 3195 4843 edi-
