3434 5442
841 381 852 466 f
929 382 1346 476 ΕΧΡΕᾼΝΑΤ.
1392 382 1470 444 ΙΝ
1515 381 1877 443 DONATVM
1918 381 2062 444 LIB.
2108 381 2133 442 1
2688 385 2813 449 513

2387 500 2434 542 p.
2461 488 2637 532 523—25
2662 487 2709 529 L.

230 572 410 642 mari,
469 572 554 633 sic
595 567 726 654 ’,1100
784 589 956 632 mane
1013 579 1074 633 et
1127 569 1200 632 ab
1259 570 1374 632 hoc
1431 571 1620 641 mani,
1682 577 1749 631 ut
1789 567 2030 630 Plautus
2075 573 2146 630 ‘a
2190 570 2383 630 mani
2427 570 2509 629 ad
2556 587 2813 649 vespe-

230 691 380 734 ram
397 679 446 735 ’z
494 674 772 754 quoniam
813 672 956 734 vidit
997 691 1062 734 se
1105 673 1604 753 praepositionem
1656 672 2062 750 praemisisse,
2117 688 2363 732 necesse
2407 669 2613 732 habuit
2656 669 2815 731 abla-

231 777 413 836 tivum
459 793 658 836 casum
703 777 969 854 iungere.

402 878 628 939 Accidit
671 880 848 938 etiam
891 877 1106 956 figura,
1167 875 1445 956 simplex,
1503 884 1568 937 ut
1611 875 1811 946 docte,
1870 877 2204 955 conposita,
2250 883 2316 936 ut
2357 875 2613 936 indocte.
2702 874 2817 934 hoc

233 987 432 1042 autem
485 980 640 1040 scire
693 977 1009 1050 debemuS,
1067 978 1224 1058 quod
1278 979 1469 1038 omnis
1525 995 1664 1056 pars
1718 979 2005 1039 orationis
2060 986 2161 1040 aut
2213 977 2327 1038 hoc
2384 987 2472 1038 est
2528 976 2683 1056 quod
2728 983 2818 1036 est
2840 992 2867 1031 s

234 1089 361 1152 aut,
421 1083 474 1142 si
528 1099 649 1143 non
709 1081 892 1143 fuerit
934 1081 1092 1162 quod
1135 1080 1275 1152 fuit,
1335 1077 1677 1141 adverbium
1723 1087 1840 1141 est:
1899 1080 2128 1142 deiecta
2171 1080 2246 1142 de
2290 1079 2714 1159 significatione
2759 1086 2819 1138 et

231 1182 560 1246 substantia
603 1202 708 1246 sua
751 1185 816 1246 in
859 1183 1204 1245 adverbium
1249 1184 1476 1246 transit.

1163 1372 1172 1448 1
1236 1370 1334 1432 DE
1377 1369 1819 1433 PAnrlcmo.

406 1509 789 1588 participium
845 1508 1062 1569 dictum
1121 1516 1212 1568 est
1268 1513 1443 1588 quasi
1493 1508 1903 1588 particapium.
1993 1515 2193 1588 partes
2237 1509 2396 1569 enim
2444 1508 2601 1586 capit
2644 1514 2703 1566 et
2744 1505 2818 1565 de

236 1611 481 1672 nomine
525 1615 586 1671 et
628 1609 702 1670 de
744 1607 954 1671 verbo:
1016 1628 1049 1670 a
1106 1610 1346 1672 nomine
1391 1609 1571 1670 hahet
1613 1627 1835 1688 genera
1891 1618 1950 1671 et
1993 1627 2188 1680 casuS,
2248 1627 2281 1669 a
2324 1609 2507 1670 verbo
2550 1617 2819 1688 tempora
2846 1623 2897 1663 10

237 1721 297 1772 et
360 1713 818 1791 significationes
837 1759 854 1783 ,
920 1711 994 1774 ah
1059 1719 1309 1793 utroque
1374 1730 1688 1775 numerum
1757 1721 1817 1772 et
1883 1712 2151 1792 figuram.
2241 1728 2379 1772 nam
2436 1727 2718 1772 numerus
2762 1717 2822 1769 et

237 1815 429 1893 figura
479 1823 594 1876 tam
638 1815 865 1875 nomini
909 1832 1085 1894 quam
1132 1813 1311 1875 verbo
1356 1815 1646 1876 accidunt.
1716 1831 1937 1893 genera
1978 1815 2426 1894 participlorum
2472 1813 2621 1876 haec
2664 1821 2818 1882 sunt,

239 1913 664 1987 masculinum,
698 1924 764 1977 ut
791 1914 1008 1986 lectuS,
1053 1916 1427 1988 femininum,
1459 1925 1526 1978 ut
1567 1915 1747 1988 lecta,
1796 1923 2100 1988 neutrum,
2150 1925 2212 1977 ut
2239 1915 2491 1986 lectum,
2538 1923 2595 1976 et
2624 1931 2820 1982 omne,

239 2029 304 2080 ut
344 2017 576 2097 legens:
639 2035 953 2079 commune
1010 2019 1168 2099 quod
1223 2018 1289 2078 fit
1331 2035 1404 2079 ex
1449 2017 1678 2080 duobus
1732 2017 2049 2097 generibus
2092 2036 2411 2099 numquam
2455 2017 2719 2078 invenies
2757 2017 2822 2075 in

247 2122 578 2201 participio.
667 2137 837 2181 casus
891 2128 978 2181 tot
1036 2128 1199 2191 sunt,
1258 2126 1401 2199 quot
1453 2122 1514 2180 in
1569 2120 1905 2183 nominihus
1928 2167 1947 2192 ‚
1998 2119 2057 2181 id
2114 2127 2205 2182 est
2245 2138 2366 2182 sex.
2455 2118 2529 2179 de
2572 2116 2823 2178 ablativo
2852 2133 2901 2172 15

239 2221 525 2302 singulari
577 2223 872 2302 participii
925 2223 1213 2302 temporis
1277 2223 1608 2302 praesentis
1662 2221 2077 2284 dubitaverunt
2132 2229 2389 2293 vetereS,
2446 2229 2643 2282 utrum
2700 2221 2763 2279 in
2806 2219 2829 2278 i

242 2331 438 2395 exeat,
487 2342 562 2386 an
605 2325 666 2384 in
713 2342 775 2384 e:
823 2323 1030 2386 Cicero
1073 2325 1408 2395 inimisit,
1457 2327 1682 2405 ‘aqua
1727 2323 2059 2406 denique
2105 2325 2441 2386 ferventi
2484 2321 2826 2384 aRubrio

239 2427 401 2507 ipse
446 2425 993 2506 perfunditur’,
1038 2425 1329 2505 Vergilius
1373 2427 1436 2487 in
1481 2445 1541 2499 e,
1589 2432 1696 2488 ‘et
1740 2426 2114 2489 candente
2159 2425 2483 2489 favilla'.
2572 2433 2632 2486 et
2673 2425 2827 2484 scire

241 2546 347 2588 nos
394 2525 680 2589 debemus
723 2525 987 2606 regulam
1032 2528 1185 2588 hanc
1229 2546 1390 2600 esse,
1438 2536 1502 2590 ut
1543 2530 1607 2590 in
1653 2547 1685 2590 e
1732 2536 1930 2590 exeat:
1980 2529 2295 2609 participia
2340 2529 2497 2590 enim
2541 2528 2602 2588 in
2648 2545 2681 2589 e
2727 2525 2829 2586 de-

237 2629 384 2691 bent
426 2629 725 2702 desinere,
773 2648 892 2690 non
935 2633 999 2690 in
1042 2631 1080 2691 i.
1125 2637 1396 2693 auctores
1439 2637 1635 2707 tamen
1683 2630 2040 2712 euphoniam
2084 2630 2271 2692 secuti
2315 2638 2483 2700 sunt,
2530 2637 2623 2701 ut,
2668 2628 2828 2709 quod
2853 2644 2907 2684 20

239 2750 418 2793 suave
463 2729 704 2792 auribus
746 2730 1081 2804 videbatur,
1125 2733 1242 2794 hoc
1284 2732 1569 2794 dicerent.

411 2833 704 2895 Accidunt
749 2836 922 2895 etiam
971 2843 1266 2915 tempora,
1313 2853 1596 2914 praesens
1640 2837 2026 2917 praeteritum
2073 2844 2133 2895 et
2176 2835 2458 2896 futurum.
2543 2849 2830 2913 praesens

241 2953 422 2997 unam
487 2935 753 3015 regulam
809 2935 1017 2998 habet:
1076 2938 1196 2999 exit
1251 2938 1406 2998 enim
1463 2939 1526 2998 in
1582 2955 1688 2998 ens
1744 2944 1805 2998 et
1858 2955 1993 3007 anS,
2050 2934 2255 3015 legens
2311 2935 2573 2998 clamans
2616 2935 2831 2996 sedens

241 3055 484 3108 amans;
530 3039 917 3118 praeteritum
962 3056 1102 3099 vero
1146 3057 1324 3101 unam
1370 3037 1638 3118 regulam
1681 3038 1890 3110 habet,
1938 3058 2033 3109 uS,
2079 3046 2146 3100 ut
2189 3036 2403 3107 lectus;
2461 3037 2723 3098 futurum
2768 3038 2831 3096 in

243 3141 389 3201 duas
456 3138 692 3219 regulas
763 3141 909 3212 exit,
968 3159 1072 3202 rus
1127 3149 1186 3203 et
1234 3141 1374 3211 duS,
1432 3159 1536 3202 rus
1592 3139 1664 3202 ab
1722 3143 1941 3212 activo,
1999 3140 2109 3202 dus
2163 3160 2194 3202 a
2250 3141 2510 3220 passivo,
2570 3139 2833 3200 lecturus
2858 3155 2908 3197 2⁵

213 3240 556 3321 legendus.
647 3243 759 3303 tria
805 3260 949 3322 ergo
993 3251 1131 3305 sunt
1173 3253 1474 3322 tempora,
1520 3243 1623 3304 sed
1669 3251 1945 3324 quattuor
1989 3249 2128 3305 sunt
2170 3240 2437 3321 regulae:
2497 3258 2633 3302 nam
2676 3239 2835 3302 sutu-

244 3362 378 3406 rum
426 3351 661 3424 tempus
706 3343 850 3405 duas
895 3343 1077 3406 hahet
1120 3343 1374 3424 regulas
1439 3352 1500 3406 et
1527 3347 1805 3425 quoniam
1835 3345 1908 3406 de
1953 3345 2044 3406 his
2088 3343 2307 3424 regulis
2350 3343 2636 3414 diximus,
2682 3344 2835 3403 scire

245 3445 532 3508 dehemus
599 3445 756 3526 quod
809 3447 1062 3508 invicem
1121 3465 1184 3508 se
1239 3449 1546 3527 participia
1603 3449 1713 3509 ista
1758 3455 1986 3527 regant.
2075 3465 2210 3508 nam
2236 3445 2243 3452 ’
2266 3463 2549 3526 praesens
2603 3454 2836 3525 tempus

246 3547 320 3610 ab
368 3550 558 3610 activo
603 3549 757 3627 regit
801 3548 1064 3614 futurum
1109 3567 1142 3608 a
1187 3550 1448 3628 passivo,
1511 3557 1570 3609 et
1622 3551 2008 3630 praeteritum
2052 3557 2287 3629 tempus
2332 3567 2365 3609 a
2409 3549 2639 3627 passivo
2684 3549 2838 3626 regit

249 3648 258 3730 1
307 3650 570 3712 futurum
616 3649 690 3711 ah
737 3652 940 3712 activo.
989 3667 1125 3710 nam
1172 3649 1418 3712 detrahe
1461 3652 1773 3731 participio
1816 3653 2143 3730 praesentis
2185 3651 2471 3731 temporis
2513 3668 2541 3709 s
2586 3657 2646 3710 et
2688 3648 2836 3710 adde
2862 3665 2913 3706 3ο

247 3753 388 3823 dus,
449 3752 595 3813 facis
652 3753 1027 3832 participium
1085 3752 1269 3813 futuri
1322 3755 1606 3832 temporis
1653 3771 1686 3814 a
1728 3755 1987 3832 passivo:
2044 3753 2278 3832 legens,
2326 3751 2464 3814 tolle
2509 3771 2540 3814 s
2582 3749 2837 3812 litteram

255 3862 316 3915 et
362 3855 514 3916 adde
558 3855 698 3922 dus,
750 3854 896 3914 facis
938 3853 1244 3932 legendus.
1319 3857 1457 3916 item
1503 3856 1816 3935 participio
1859 3856 2163 3934 praeteriti
2208 3855 2492 3934 temporis
2534 3872 2567 3913 a
2611 3853 2839 3932 passivo

251 3957 499 4018 detrahe
544 3975 572 4018 s
617 3955 873 4018 litteram
915 3963 974 4017 et
1019 3955 1169 4018 adde
1211 3973 1340 4026 ruS,
1397 3957 1662 4018 invenies
1718 3956 1981 4018 futurum
2025 3956 2099 4018 ab
2144 3959 2364 4026 activo,
2421 3955 2609 4016 lectus
2651 3953 2837 4015 lectu-

250 4076 373 4119 rus,
461 4059 603 4119 item
662 4058 776 4119 hoc
829 4076 998 4119 versa
1055 4060 1210 4120 vice:
1291 4058 1473 4119 futuri
1528 4059 1813 4137 temporis
1877 4060 2251 4140 participium
2307 4057 2383 4119 ab
2438 4057 2625 4117 activo
2680 4056 2839 4133 regit

251 4161 556 4239 praeteriti
607 4161 894 4240 temporis
946 4161 1321 4242 participium
1378 4177 1411 4219 a
1464 4161 1723 4239 passivo,
1784 4168 1843 4222 et
1884 4163 2257 4243 participium
2314 4159 2499 4220 futuri
2542 4158 2825 4238 temporis
2852 4175 2903 4216 35

253 4281 286 4323 a
331 4263 565 4343 passivo
622 4263 779 4340 regit
834 4265 1206 4343 participium
1263 4263 1591 4342 praesentis
1647 4265 1933 4343 temporis
1977 4263 2051 4325 ab
2096 4265 2301 4325 activo.
2392 4261 2635 4322 detrahe
2680 4262 2839 4322 enim

395 4467 421 4518 1
460 4467 536 4516 sic
564 4483 658 4518 om.
699 4466 766 4530 L,
804 4466 926 4519 add.
970 4467 1060 4517 FS
1193 4464 1426 4534 Plautus]
1475 4468 1703 4520 Mostell.
1748 4467 1812 4517 111
1848 4468 1899 4532 2,
1936 4465 2006 4518 80
2043 4466 2169 4532 (767
2197 4467 2302 4530 R):
2331 4467 2401 4530 ef.
2442 4467 2587 4518 Serv.
2624 4468 2677 4516 in
2708 4467 2835 4516 Don.

255 4551 311 4600 p.
351 4537 487 4590 1838
599 4539 660 4588 14
699 4534 778 4602 sst]
811 4537 876 4586 sit
909 4533 1002 4587 LS
1034 4544 1152 4586 sunt
1176 4539 1226 4586 F
1328 4537 1388 4586 17
1427 4533 1626 4602 Cicero]
1663 4541 1714 4588 in
1754 4539 1908 4590 Verr.
1936 4545 2037 4587 act.
2070 4552 2173 4588 see.
2212 4537 2232 4586 1
2266 4535 2351 4603 26,
2385 4536 2452 4588 67
2552 4551 2583 4586 e
2616 4535 2839 4586 rumbrio

253 4605 304 4656 1³·
441 4607 509 4659 18
537 4609 587 4657 in
624 4623 652 4656 e
689 4617 738 4656 et
764 4605 1010 4655 candente
1042 4606 1094 4654 F
1121 4607 1174 4656 in
1211 4622 1239 4656 e
1275 4607 1550 4658 ebletiuum
1580 4607 1897 4674 singularem
1933 4607 2070 4656 misit
2108 4607 2355 4656 candente
2391 4608 2471 4656 L.-
2510 4607 2668 4671 Ver-9.
2706 4605 2838 4657 Aen.

254 4676 322 4727 m
351 4675 456 4730 573
562 4676 632 4728 34
659 4677 815 4727 futuri
851 4676 1095 4741 temporis
1147 4675 1470 4743 perticipium
1526 4677 1787 4743 praeteriti
1823 4677 2064 4740 temporis
2114 4691 2145 4726 e
2189 4677 2398 4743 passivo
2432 4686 2483 4726 et
2515 4677 2839 4741 participium

254 4747 409 4798 futuri
461 4748 704 4814 temporis
756 4761 787 4795 e
829 4747 1036 4812 pessino
1075 4747 1212 4813 regit
1247 4746 1570 4812 perticipium
1607 4745 1763 4796 futuri
1800 4747 2041 4811 temporis
2067 4747 2131 4794 eb
2170 4747 2339 4797 ectiuo
2374 4746 2423 4795 L
2453 4745 2609 4796 futuri
2638 4756 2841 4813 tempus

255 4818 584 4884 perticipium
621 4819 683 4868 eb
721 4817 886 4867 ectiuo
923 4817 1058 4882 regit
1092 4817 1350 4882 praeteriti
1385 4816 1632 4882 temporis
1669 4816 1991 4883 participium
2032 4831 2063 4865 e
2092 4817 2301 4882 pessino
2326 4817 2378 4866 F
2404 4815 2561 4866 futuri
2598 4817 2842 4882 temporis

257 4888 586 4954 perticipium
615 4887 898 4954 praesentis
933 4888 1176 4952 temporis
1206 4900 1239 4936 e
1267 4885 1478 4952 pessino
1504 4889 1638 4953 regit
1671 4886 1999 4954 perticipium
2034 4885 2193 4937 futuri
2227 4886 2473 4951 temporis
2503 4886 2565 4936 eb
2601 4886 2767 4937 ectiuo
2803 4885 2847 4936 S

357 4977 660 5024 GRAMMAT.
689 4977 812 5018 LAT.
841 4977 938 5020 1111.
2356 4977 2435 5040 33
