3434 5442
643 339 768 402 514
1781 335 2108 419 [sunem.

2803 462 2849 502 p.
2877 451 2972 492 525.
2998 450 3057 492 ²0
3082 449 3125 492 L,

639 523 950 602 participio
1006 522 1188 584 futuri
1245 525 1530 604 temporis
1585 541 1619 584 a
1671 526 1903 602 passivo
1960 525 2071 586 dus
2124 525 2407 606 syllabam
2464 536 2524 588 et
2565 527 2716 590 adde
2759 547 2789 588 s
2832 529 3122 601 litteram,
3166 540 3229 590 et

637 625 902 684 invenies
943 626 1318 705 participium
1365 627 1690 706 praesentis
1735 629 2021 705 temporis
2066 627 2141 688 ab
2186 631 2409 691 activo:
2464 625 2775 708 legendus,
2824 630 2965 693 tolle
3010 631 3125 692 dus
3166 639 3225 692 et

637 725 788 787 adde
843 743 902 798 S,
963 726 1102 787 iacit
1155 725 1380 805 legens.
1465 729 1606 789 item
1665 729 1977 809 participio
2035 729 2220 790 futuri
2278 732 2565 812 temporis
2605 731 2679 795 ab
2736 735 2929 794 activo
2973 732 3221 794 detrahe

632 845 736 888 rus
791 825 1072 908 syllabam
1129 836 1190 889 et
1245 829 1394 890 adde
1447 849 1476 889 s
1535 829 1823 902 litteram,
1878 831 2025 892 facis
2079 829 2455 913 participium
2498 836 2805 914 praeteriti
2847 837 3139 915 temporis
3186 855 3217 896 a

577 945 602 983 ⁶
633 931 892 1008 passivo:
960 932 1252 1004 lecturus,
1314 931 1452 993 tolle
1505 949 1610 994 rus
1667 940 1729 993 et
1784 932 1934 995 adde
1990 952 2048 1003 s,
2107 933 2248 994 facit
2299 933 2507 998 lectus.
2595 935 2709 997 hoc
2760 936 2897 998 ideo
2943 936 3215 1008 diximus,

629 1034 766 1112 quia
811 1035 1189 1095 inveniuntur
1235 1032 1456 1114 aliqua,
1504 1053 1656 1116 quae
1700 1035 1875 1097 nobis
1904 1035 2131 1098 faciunt
2160 1054 2455 1108 errorem,
2503 1045 2565 1098 et
2606 1038 2721 1100 nisi
2762 1041 3053 1109 sciamus,
3098 1057 3217 1120 quo

629 1135 804 1196 modo
877 1155 941 1197 se
995 1137 1244 1197 invicem
1313 1145 1550 1216 regant,
1621 1138 1901 1199 cademus
1964 1139 2027 1198 in
2092 1156 2381 1202 errorem.
2470 1138 2545 1199 ab
2592 1158 2663 1200 eo
2706 1139 2866 1218 quod
2912 1150 3005 1203 est
3044 1142 3215 1202 vineo

626 1245 826 1299 utrum
893 1239 1216 1300 vinciturus
1279 1239 1421 1300 facit
1486 1257 1558 1300 an
1625 1239 1923 1300 victurus?
1988 1257 2238 1320 sequere
2292 1242 2610 1302 rationem:
2678 1243 2771 1304 fac
2824 1245 3211 1324 praeteritum

628 1348 858 1421 tempus
912 1359 945 1400 a
1000 1343 1231 1420 passivo
1291 1343 1504 1412 victus„
1565 1339 1704 1402 tolle
1762 1361 1818 1410 s,
1876 1339 2025 1402 adde
2086 1360 2215 1413 ruS,
2263 1341 2403 1404 facit
2442 1345 2721 1406 victurus
2806 1346 3213 1423 interrogatus

547 1449 599 1490 ¹⁰
629 1447 646 1474 ‘
665 1441 804 1522 quid
849 1444 900 1504 si
944 1442 1210 1505 neutrale
1253 1444 1329 1504 sit
1371 1441 1647 1512 verbum,
1695 1461 1811 1524 quo
1856 1443 2033 1504 modo
2076 1461 2390 1524 possumus
2416 1447 2791 1526 participium
2822 1449 3211 1527 praeteritum

623 1544 890 1605 facere?'
936 1545 1246 1624 respondit
1290 1545 1500 1624 ‘lingis
1557 1552 1617 1606 et
1668 1545 1810 1606 inde
1870 1545 2033 1607 sacis,
2122 1545 2280 1626 finge
2325 1555 2621 1626 tamquam
2666 1547 2882 1609 habeat
2921 1550 3211 1627 praeteri-

619 1654 772 1716 tum,
831 1654 895 1708 ut
949 1653 1088 1725 puta
1148 1654 1404 1718 natatus,
1463 1657 1522 1708 et
1575 1646 1716 1708 inde
1771 1646 1953 1708 facies
2004 1649 2265 1709 futurum
2322 1649 2647 1710 secundum
2702 1649 2862 1712 illam
2918 1649 3209 1730 regulam,

619 1755 946 1820 nataturuS,
995 1751 1254 1829 exceptis
1299 1757 1498 1810 tamen
1558 1750 1790 1830 pauciS,
1849 1767 2002 1830 quae
2046 1748 2119 1810 ab
2164 1749 2276 1811 hac
2318 1749 2525 1830 regula
2567 1760 2951 1831 separantur,
3008 1761 3076 1814 ut
3118 1761 3211 1815 est

619 1858 919 1912 mortuus:
967 1850 1256 1930 numquid
1301 1851 1442 1911 facit
1485 1851 1826 1914 morturus?
1868 1853 1977 1912 sed
2025 1852 2187 1926 facit
2226 1854 2565 1922 moriturus,
2614 1861 2673 1914 et
2715 1855 2806 1914 vix
2852 1861 2993 1916 sunt
3034 1855 3208 1934 quin-

543 1967 590 2009 15
621 1971 766 2031 que,
811 1971 965 2034 quae
1008 1959 1252 2033 excepta
1301 1957 1492 2015 sunt’.
1583 1955 1905 2031 quaeritur,
1952 1952 2027 2014 ab
2072 1973 2143 2015 eo
2189 1953 2342 2032 quod
2390 1961 2481 2015 est
2522 1955 2713 2016 sarcio
2758 1963 2958 2018 utrum
3002 1975 3205 2018 sarsu-

611 2073 744 2127 rus,
791 2074 863 2118 an
911 2063 1205 2126 sai-turus,
1253 2073 1326 2115 an
1385 2056 1730 2117 sarcituruS.
1818 2073 2069 2136 sequere
2113 2057 2433 2125 rationem,
2482 2056 2576 2116 l'ac
2620 2059 3011 2137 praeteritum
3054 2066 3207 2120 tem-

611 2175 722 2236 pus
775 2165 1000 2228 sartus,
1044 2156 1336 2220 Iuvenalis
1390 2156 1882 2219 ‘scinduntur
1936 2158 2245 2218 tunicae
2298 2167 2550 2219 sartae
2594 2158 2874 2220 modo':
2950 2159 3210 2222 dicimus

609 2261 769 2320 enim
815 2265 836 2296 ‘
853 2267 1009 2324 sarta
1055 2265 1273 2321 tecta':
1321 2278 1463 2339 ergo
1508 2266 1776 2321 sat-turus
1820 2259 1976 2321 facit.

782 2358 788 2445 Ι
822 2362 941 2424 Iam
987 2369 1200 2424 tractat
1243 2361 1316 2423 de
1360 2360 1905 2441 significationibus,
1952 2380 2102 2441 quae
2146 2381 2181 2423 a
2224 2361 2541 2424 verborum
2588 2363 2911 2442 generibus
2952 2383 3204 2426 sumun-

527 2476 580 2517 20
609 2471 722 2525 tur.
813 2465 1062 2528 activum
1120 2464 1236 2526 duo
1288 2463 1468 2524 habet
1521 2465 1859 2544 participia,
1914 2481 2197 2543 praesens
2252 2472 2313 2526 et
2365 2463 2662 2535 futurum,
2719 2467 2784 2526 in
2838 2484 2949 2528 ens
3000 2465 3093 2527 vel
3138 2467 3205 2528 in

603 2583 712 2628 ans
757 2576 816 2628 et
859 2569 920 2628 in
963 2587 1086 2630 rus·
1157 2567 1367 2628 Graeci
1420 2565 1642 2628 habent
1693 2568 2080 2652 praeteritum
2137 2565 2211 2627 ab
2256 2567 2465 2640 activo,
2512 2558 2549 2627 ὁ
2590 2557 2872 2646 δράσας,
2920 2585 3033 2629 nos
3072 2587 3201 2630 non

602 2667 917 2741 habemus,
963 2669 1067 2730 sed
1110 2687 1220 2749 per
1267 2668 1859 2730 circumlocutionem
1906 2666 2268 2749 explicamus
2311 2668 2425 2730 hoc
2469 2669 2689 2749 ipsum:
2736 2670 2990 2732 dicimus
3034 2671 3199 2732 enim

603 2777 619 2803 ‘
639 2773 690 2832 is
733 2772 834 2851 qui
879 2773 1000 2849 egit
1021 2777 1058 2834 '.
1149 2789 1181 2832 a
1225 2772 1454 2852 passivo
1500 2770 1616 2832 duo
1659 2771 1969 2852 participia
2026 2771 2295 2841 veniunt,
2364 2773 2749 2851 praeteritum
2807 2781 2866 2834 et
2926 2772 3199 2834 futurum

594 2875 658 2934 in
705 2881 800 2935 tus
845 2883 904 2934 et
946 2875 1009 2934 in
1055 2873 1183 2935 dus.
1251 2891 1534 2953 praesens
1576 2893 1608 2935 a
1655 2874 1885 2953 passivo
1932 2891 2051 2934 non
2097 2872 2402 2943 hahemus,
2448 2872 2663 2934 Graeci
2706 2872 2945 2944 habent,
2996 2865 3035 2934 ὁ
3077 2872 3197 2934 λα-

519 2987 572 3028 25
599 2971 953 3056 λούμενος-ι
1029 2993 1139 3038 nos
1191 2975 1460 3037 similiter
1503 2994 1614 3056 per
1670 2975 2255 3038 circumlocutionem
2310 2974 2425 3036 hoc
2480 2973 2763 3044 dicimus,
2821 2977 2908 3036 ‘is
2950 2975 3027 3037 de
3068 2995 3197 3057 quo

595 3076 952 3160 loquimur'.
1041 3077 1270 3139 duobus
1315 3095 1459 3160 ergo
1501 3079 1829 3157 participiis
1874 3075 2071 3138 deficit
2115 3077 2431 3149 Latinitas,
2488 3079 2811 3158 praeterito
2852 3075 2929 3138 ab
2974 3079 3192 3141 activo,

591 3181 894 3264 praesenti
949 3199 982 3240 a
1026 3181 1276 3261 passivo.
1368 3187 1428 3242 et
1472 3177 1755 3246 ,neutrale
1809 3177 2056 3240 verbum
2113 3179 2229 3240 duo
2285 3181 2595 3260 participia
2638 3178 2851 3248 habet,
2897 3197 3193 3259 praesens

593 3292 652 3346 et
695 3283 956 3346 futurum
1000 3283 1064 3344 in
1106 3299 1228 3345 rus.
1318 3282 1670 3362 deponentis
1714 3279 1824 3341 tria
1868 3281 2177 3361 participia
2233 3289 2401 3351 sunt,
2458 3297 2741 3361 praeseus
2786 3288 2847 3341 et
2893 3284 3191 3360 praeteri-

589 3393 714 3448 tum
775 3392 834 3446 et
889 3385 1177 3448 futurum·
1197 3386 1259 3445 in
1303 3403 1436 3455 rus;
1496 3392 1557 3445 et
1611 3382 1747 3444 ideo
1790 3381 2007 3443 dicitur
2050 3381 2355 3463 deponens
2396 3381 2675 3454 verbum,
2722 3381 2882 3463 quod
2926 3381 3195 3463 deponat

516 3497 568 3540 ³⁰
593 3488 964 3567 participium
1013 3485 1422 3548 declinationis
1466 3505 1626 3548 suae.
1691 3503 1827 3546 nam
1874 3502 2008 3546 cum
2053 3503 2086 3544 r
2128 3482 2327 3546 littera
2371 3486 2683 3546 terminata
2727 3483 2939 3556 verba,
2985 3485 3050 3546 id
3094 3493 3194 3546 ost

586 3591 848 3671 passivae
893 3587 1330 3680 declinationis,
1391 3587 1576 3650 futuri
1633 3587 1916 3668 temporis
1961 3587 2337 3668 participium
2380 3587 2443 3646 in
2489 3586 2602 3649 dus
2644 3587 2911 3658 mittant,
2956 3587 3075 3650 hoc
3120 3589 3187 3649 in

584 3709 688 3753 rus
717 3693 923 3762 mittit,
955 3691 1288 3759 locuturus;
1334 3688 1664 3770 loquendus
1709 3707 1831 3750 non
1877 3689 2145 3750 dicimuS.
2218 3697 2483 3758 ceterum
2528 3689 2747 3750 frustra
2789 3695 3005 3771 putant
3043 3689 3187 3751 ideo

583 3795 702 3855 dIci
745 3795 1076 3874 deponenS,
1135 3791 1294 3872 quod
1340 3811 1372 3852 r
1414 3791 1670 3854 litteram
1727 3810 1847 3853 non
1904 3791 2187 3871 deponat:
2236 3809 2375 3852 nam
2417 3793 2469 3853 si
2512 3791 2627 3852 hoc
2672 3799 2862 3862 esset,
2912 3801 2973 3853 et
3014 3809 3189 3856 com-

581 3915 760 3958 mune
805 3894 1050 3957 verbum
1095 3896 1399 3976 deponens
1444 3894 1761 3957 diceretur.

503 4007 554 4050 ³⁵
749 3998 1038 4061 Accidunt
1080 3999 1258 4059 etiam
1303 3999 1526 4077 figurae
1567 3996 1923 4077 participiis,
1981 3994 2232 4075 simplex
2276 4002 2337 4057 et
2379 3995 2712 4075 conposita:
2779 3993 3066 4075 simplex,
3112 4003 3189 4057 ut

578 4102 812 4181 legens,
860 4102 1166 4180 conposita
1185 4147 1202 4172 ,
1249 4108 1314 4162 ut
1355 4098 1690 4180 perlegens.
1782 4099 2021 4159 numeri
2074 4097 2400 4178 participiis
2452 4097 2732 4159 accidunt
2774 4096 2926 4169 duo,
2970 4099 3181 4177 singu-

575 4202 718 4266 laris
763 4212 822 4266 et
864 4201 1140 4284 pluralis:
1187 4200 1520 4282 singularis,
1566 4208 1634 4263 ut
1676 4198 1919 4278 legens,
1964 4197 2239 4280 pluralis,
2284 4206 2351 4260 ut
2392 4197 2675 4277 legentes.

745 4307 896 4368 Sunt
962 4305 1138 4367 etiam
1207 4303 1449 4365 nomina
1504 4320 1654 4383 quae
1720 4301 1945 4363 habent
2004 4299 2451 4364 similitudinem
2516 4301 2813 4382 participii
2882 4302 3181 4383 temporis

711 4496 741 4543 7
783 4494 933 4545 uinco
959 4493 1243 4544 uinciturus
1277 4490 1456 4555 (uinco
1485 4497 1655 4542 utrum
1689 4490 1916 4540 uincitus
1948 4489 1992 4548 l)
2033 4499 2201 4540 utrum
2237 4489 2405 4540 uictus
2442 4488 2571 4539 facit
2595 4503 2661 4538 an
2689 4488 2923 4540 uicturus
2944 4490 2995 4540 L
3018 4491 3179 4540 uinco

574 4571 742 4616 utrum
773 4565 939 4615 uictus
975 4562 1097 4614 facit
1122 4577 1188 4612 au
1225 4562 1450 4612 uicturus
1487 4560 1538 4609 F
1562 4561 1696 4612 uicto
1726 4568 1894 4610 utrum
1928 4561 2094 4611 uictus
2126 4559 2284 4610 faciat
2316 4574 2379 4610 an
2411 4560 2640 4610 uicturus
2671 4559 2715 4610 S
2856 4561 2918 4611 11
2952 4574 3176 4624 respon-

572 4633 645 4683 dit
671 4637 714 4686 S
734 4634 1004 4701 respondis
1042 4634 1144 4684 LF
1179 4653 1184 4658 ·
1277 4632 1434 4700 fingis
1460 4646 1551 4686 om.
1587 4630 1641 4679 F
1811 4631 1875 4681 12
1906 4639 2104 4681 natatus
2134 4631 2223 4682 FS
2257 4639 2405 4680 natus
2432 4630 2481 4679 L
2654 4631 2721 4680 14
2763 4630 3013 4692 numquid
3042 4629 3177 4680 facit

571 4713 826 4755 mortui-us
857 4702 1019 4769 (corr.
1059 4704 1332 4755 moriturus
1372 4700 1448 4766 L)
1485 4711 1536 4752 et
1570 4701 1664 4750 uix
1701 4701 1794 4752 LS
1828 4701 2071 4765 numquid
2114 4699 2235 4751 facit
2273 4701 2549 4751 moriturus
2586 4705 2637 4748 et
2661 4700 2757 4749 uix
2794 4701 2845 4750 F
2982 4698 3047 4749 17
3084 4701 3177 4750 Iu-

569 4770 786 4838 venalis]
815 4781 915 4826 sat.
951 4773 1005 4836 3,
1041 4773 1144 4822 254
1277 4775 1342 4826 21
1374 4787 1403 4822 o
1433 4786 1630 4823 Aracae
1650 4771 1702 4822 F
1724 4785 1937 4836 oprasas
1964 4773 2014 4820 L
2041 4768 2277 4834 onragae
2304 4769 2345 4819 S
2483 4767 2551 4820 23
2586 4771 2753 4836 egerit
2784 4769 2873 4821 LS
2899 4771 3101 4836 egerint
3124 4769 3185 4820 F

705 4843 774 4892 24
811 4855 1184 4894 onaaornuoc
1213 4842 1256 4892 S
1281 4843 1590 4894 olalamenos
1625 4843 1675 4892 L
1712 4857 2003 4894 ennemase
2028 4843 2081 4892 F
2214 4839 2285 4892 38
2320 4841 2528 4892 nomina
2562 4855 2659 4894 om.
2696 4839 2765 4904 L,
2802 4841 2925 4893 add.
2950 4839 3041 4891 FS
