3434 5442
581 309 751 357 xx1v
1659 294 2081 356 PRAEFATlo

581 489 722 547 item
763 487 1070 546 sciendum
1115 492 1202 545 est
1243 487 1410 560 quod
1450 487 1585 560 ipsa
1631 485 1959 544 declinatio
2003 486 2434 560 inpersonalis,
2484 503 2639 561 quae
2681 488 2743 545 in
2786 492 2889 546 tur
2917 488 3073 560 exit,
3124 503 3165 545 a

581 589 990 660 neutralibus,
1057 595 1120 646 ut
1171 589 1258 646 ait
1300 587 1562 660 ProbuS,
1621 589 1947 662 fiquratur,
2010 588 2153 661 quia
2197 589 2331 662 ipsa
2374 594 2595 648 neutra
2626 590 2937 663 passivum
2980 605 3061 648 ex
3102 606 3167 648 se

581 692 762 750 aliter
805 707 924 749 non
961 688 1242 762 faciunt:
1286 684 1372 748 cf.
1419 683 1638 748 Diom.
1687 693 1847 765 398,
1896 691 1997 754 31.
2085 683 2245 749 ibid.
2296 689 2529 750 Probus
2585 706 2726 749 vero
2770 690 2833 749 in
2886 691 2982 750 his
3026 686 3165 772 (gc-

583 787 767 851 rendi
813 787 1059 870 verbis)
1109 798 1308 851 actum
1354 797 1553 850 tamen
1602 783 1674 872 (l.
1722 785 1985 872 tantum)
2029 793 2172 864 fieri
2213 791 2387 850 docet
2429 792 2761 851 excludens
2795 795 3161 867 passionem.

579 896 689 954 sed
729 894 1058 953 notandum
1102 894 1268 968 quod
1311 893 1542 953 Probus
1585 895 1647 952 in
1693 893 1788 952 liis
1831 908 1989 968 quae
2033 909 2073 952 a
2116 900 2331 953 neutro
2374 895 2469 952 vel
2499 908 2539 951 α
2570 894 2895 968 deponenti
2917 897 3166 956 veniunt

580 1000 790 1056 merito
834 1003 890 1055 et
931 1003 1093 1055 recte
1135 996 1412 1069 exclusit,
1464 1011 1584 1055 non
1629 995 1708 1055 ab
1752 996 1846 1056 his
1890 1012 2047 1070 quae
2092 997 2167 1054 ab
2214 997 2412 1056 activo
2456 997 2716 1055 veniunt.
2762 1029 2849 1040 —
2890 1000 3048 1073 item,
3098 1005 3167 1058 ut

581 1101 669 1159 ait
723 1095 987 1171 Probus,
1062 1098 1214 1158 haec
1263 1098 1604 1174 participia
1659 1115 1781 1158 non
1847 1105 2015 1170 sunt,
2076 1100 2186 1159 sed
2239 1099 2509 1173 propria
2575 1113 2865 1158 sermonis
2916 1103 3163 1175 species.

575 1201 911 1277 participia
955 1201 1114 1260 enim
1158 1216 1292 1260 cum
1334 1202 1454 1259 sint
1498 1201 1627 1258 alia
1673 1195 1746 1280 (1.
1793 1195 1998 1280 talia),
2044 1202 2351 1277 recipiunt
2392 1207 2450 1259 et
2480 1216 2811 1276 personam
2854 1208 2915 1262 et
2956 1219 3165 1262 nume-

579 1319 712 1362 rum
757 1310 812 1361 et
862 1297 933 1382 (1.
965 1298 1059 1383 ut)
1109 1302 1185 1361 ab
1229 1302 1322 1362 his
1365 1302 1655 1375 lebendis.
1707 1298 1931 1362 eadem
1979 1297 2115 1362 fere
2162 1297 2243 1362 de
2285 1298 2553 1382 gerendi
2598 1298 2786 1363 modo
2818 1309 3169 1384 praecepta

580 1400 794 1465 Probo
840 1399 1216 1465 tribuuntur
1269 1398 1466 1463 etiam
1524 1400 1591 1461 in
1648 1398 1872 1464 codice
1915 1397 2226 1464 Leidensi
2274 1407 2425 1469 1352
2488 1399 2572 1465 cf.
2617 1399 2833 1465 Diom.
2894 1424 2960 1488 p.
3016 1409 3164 1471 342.

585 1501 864 1588 denique
909 1501 992 1566 ad
1035 1501 1293 1565 laudem
1339 1501 1497 1565 artis
1541 1502 2034 1586 grammaticae,
2094 1524 2223 1588 qua
2265 1500 2519 1566 Probus
2564 1503 2733 1568 inter
2776 1505 3167 1568 recentiores

583 1605 1039 1689 grammaticos
1084 1603 1386 1682 florebat,
1443 1601 1771 1688 pertinent
1812 1602 2005 1684 haec,
2051 1602 2225 1690 apud
2258 1602 2718 1669 cassiodorum
2766 1603 2848 1669 de
2891 1627 3161 1690 gramm.

578 1730 642 1793 p.
689 1714 854 1777 2321
901 1711 1008 1770 sed
1063 1711 1335 1785 quamvis
1391 1716 1669 1769 auctores
1727 1715 2059 1785 temporum
2110 1713 2490 1785 superiorum
2542 1712 2619 1770 dc
2674 1718 2810 1772 arte
2856 1729 3165 1788 qramma-

580 1816 704 1874 tica
749 1814 964 1873 ordine
1008 1813 1246 1873 diverso
1291 1814 1692 1872 tractaverint
1735 1813 1975 1887 suisque
2018 1814 2275 1872 saeculis
2318 1814 2565 1873 honoris
2608 1815 2789 1875 decus
2816 1815 3163 1889 habuerint,

579 1924 643 1976 ut
689 1915 1018 1975 Palaemon
1063 1915 1302 1975 Phocus
1346 1914 1578 1974 Probus
1631 1919 1689 1974 et
1734 1914 2127 1988 Censorinus,
2188 1910 2361 1996 apud
2409 1911 2775 1975 Ausonium
2828 1913 3035 1997 praef.
3081 1913 3169 1978 ad

582 2014 814 2099 Syagr.
864 2019 941 2082 18
987 2033 1200 2077 nomen
1241 2018 1634 2090 yrammatici
1667 2018 1889 2090 merui,
1938 2033 2060 2076 non
2104 2023 2229 2077 tam
2268 2018 2513 2093 orande
2557 2020 2826 2094 quidem,
2876 2036 2993 2094 quo
3031 2021 3166 2095 qlo-

580 2121 680 2179 ria
725 2127 938 2179 nostra
979 2120 1204 2179 subiret
1248 2118 1561 2178 Aemilium
1605 2126 1714 2178 aut
1749 2117 2057 2180 'Scaurum
2088 2118 2519 2198 Berytiumque
2548 2121 2839 2196 Probum,
2889 2117 3165 2204 profess.

579 2217 850 2302 Burdig.
899 2224 1009 2297 16,
1072 2225 1146 2285 12
1203 2219 1502 2282 Scaurum
1549 2220 1926 2296 Probumque
1978 2223 2168 2282 corde
2220 2223 2450 2282 callens
2500 2225 2739 2297 intimo,
2808 2220 2897 2285 ib.
2956 2227 3067 2299 21,
3129 2233 3165 2290 7

576 2326 977 2397 qrammatice
1020 2323 1108 2382 ad
1146 2321 1450 2383 Scaurum
1495 2305 1675 2398 atque
1717 2324 2001 2384 Probum.
2061 2320 2129 2382 in
2175 2319 2396 2384 codice
2440 2320 2736 2385 Parisino
2786 2329 2948 2390 7560
2994 2343 3164 2387 saec.

581 2419 683 2485 XI
728 2419 775 2484 f.
828 2429 905 2489 10
948 2427 1102 2486 sciat
1143 2442 1207 2484 se
1249 2425 1566 2486 Prisciani
1604 2428 1698 2486 vel
1735 2426 1992 2500 Donati,
2055 2426 2247 2486 Probi
2284 2429 2377 2488 vel
2420 2426 2712 2500 Audacii,
2774 2428 2933 2487 Velii
2969 2428 3173 2502 Lonqi

581 2529 674 2586 vel
738 2527 1028 2601 Romani,
1099 2527 1392 2587 Flaviani
1453 2529 1546 2588 vel
1601 2527 1864 2602 Euticis,
1943 2529 2246 2589 Victorini
2306 2530 2402 2590 vel
2463 2530 2697 2602 Focae,
2770 2529 3018 2604 Asporii
3074 2532 3170 2590 vel

581 2630 830 2706 Pompei
882 2631 1040 2689 latus
1094 2631 1367 2704 laniare,
1411 2625 1708 2713 analect..
1771 2647 2041 2710 gramm.
2087 2626 2371 2692 Vindob.
2417 2650 2481 2712 p.
2529 2636 2652 2696 514
2706 2633 2817 2691 sed
2869 2633 3003 2692 illos
3045 2649 3169 2692 non

569 2737 750 2807 putes
795 2733 1168 2807 intelleqere,
1228 2732 1349 2792 nisi
1388 2747 1428 2790 a
1471 2732 1710 2792 Donato
1752 2733 2115 2807 sumpserint
2152 2735 2550 2809 principium,
2598 2740 2665 2794 ut
2705 2737 2792 2794 est
2832 2733 3069 2796 Probus
3110 2742 3169 2794 et

582 2835 827 2893 Caesar.

749 2929 894 2995 Non
937 2930 1150 3017 piguit
1193 2953 1501 3016 magnum
1530 2952 1870 2996 numerum
1898 2932 2215 3013 locorum,
2263 2932 2498 3019 quibus
2530 2934 2919 3018 posteriores
2951 2956 3163 3019 gram-

578 3032 800 3098 matici
843 3033 1233 3098 mentionem
1278 3033 1477 3099 Probi
1534 3033 1859 3115 fecerunt,
1917 3055 2311 3120 conponere,
2370 3045 2442 3099 ut
2500 3056 2724 3099 eorum
2779 3037 3164 3101 testimoniis

579 3145 936 3216 constaret,
997 3157 1192 3222 quam
1235 3136 1542 3222 frequens
1587 3135 1781 3200 huius
1826 3137 2231 3220 grammatici
2274 3137 2585 3201 memoria
2628 3147 2693 3202 et
2736 3145 2982 3222 quanta
3024 3139 3163 3202 eius

579 3238 933 3302 auctoritas
980 3238 1281 3320 fllerit.*)
1347 3261 1493 3302 nam
1539 3260 1706 3323 quae
1753 3238 2098 3303 Suetonius
2144 3237 2397 3304 Gellius
2444 3237 2779 3304 Charisius
2825 3239 2908 3304 de
2949 3239 3165 3304 Probo

577 3339 1014 3421 tradiderunt,
1063 3341 1366 3426 quoniam
1412 3360 1496 3404 ex
1540 3339 1905 3425 antiquiore
1949 3349 2163 3405 aetate
2217 3340 2514 3426 profecta
2568 3352 2633 3406 et
2684 3342 2769 3406 ab
2822 3341 2923 3406 his
2977 3340 3163 3406 libris

579 3440 646 3505 in
692 3441 928 3526 quibus
973 3463 1145 3506 nunc
1189 3463 1527 3506 versamur
1573 3440 1785 3506 aliena
1828 3452 2003 3522 sunt,
2050 3441 2259 3506 omisi.
2321 3443 2437 3509 sed
2478 3453 2553 3507 ut
2595 3444 2677 3508 ad
2722 3445 3167 3530 quaestionem

746 3593 794 3659 ⁸)
832 3597 918 3646 Ex
953 3596 1022 3645 iis
1061 3609 1207 3659 quae
1243 3595 1526 3661 adscripto
1563 3596 1732 3646 Probi
1776 3597 1993 3648 nomine
2042 3597 2099 3645 in
2138 3598 2546 3648 commentariis
2582 3598 2910 3662 quibusdam
2945 3599 3167 3650 infimae

582 3682 794 3732 aetatis
831 3682 889 3730 in
926 3679 1213 3730 codicibus
1249 3695 1418 3730 manu
1452 3681 1675 3744 scriptis
1712 3680 1975 3746 leguntur
2012 3681 2285 3745 quaedam
2321 3698 2431 3732 non
2463 3683 2669 3748 recepi,
2706 3687 2999 3749 propterea
3024 3685 3167 3749 quod

581 3781 690 3815 non
731 3781 798 3816 ex
833 3765 1012 3830 ipsius
1047 3764 1216 3815 Probi
1252 3765 1410 3815 libris
1447 3765 1758 3830 descripta,
1798 3765 1895 3816 sed
1932 3781 1965 3816 a
2000 3766 2404 3832 posterioribus
2440 3769 2845 3834 grammaticiS,
2885 3770 2981 3833 qui
3016 3769 3169 3820 illius

581 3851 914 3900 mentionem
953 3851 1237 3912 fecerant,
1285 3851 1464 3915 petita
1499 3853 1642 3900 sunt.
1717 3850 1861 3915 alia,
1909 3866 2083 3915 quae,
2131 3853 2263 3916 quia
2300 3851 2389 3902 vel
2436 3853 2653 3903 incerta
2687 3854 2779 3905 vel
2812 3853 3022 3904 nullius
3057 3871 3165 3906 rno-

583 3934 756 3986 menti
793 3939 938 3996 sunt,
979 3935 1166 3998 omisi,
1206 3951 1353 3984 nunc
1386 3935 1632 3985 breviter
1666 3934 1943 3986 indicabo.
2017 3935 2488 3988 Montefalconius
2531 3937 2671 3989 bibl.
2707 3937 2814 3988 vol.
2852 3939 2906 3988 II
2943 3955 2994 4003 p.
3036 3941 3167 3991 1334

578 4021 638 4070 in
675 4018 857 4070 indice
896 4019 1143 4069 codicum
1179 4018 1558 4070 bibliothecae
1594 4019 2043 4070 Pontiniacensis
2080 4021 2266 4086 posuit
2301 4021 2569 4073 ‘Probum
2606 4021 2671 4072 de
2710 4024 2926 4074 ratione
2962 4027 3169 4090 tempo-

579 4106 740 4158 rum’.
813 4104 881 4154 de
937 4120 1043 4168 quo
1091 4103 1280 4155 codice
1327 4104 1468 4155 nihil
1512 4109 1806 4169 praeterea
1854 4105 1989 4155 mihi
2034 4111 2268 4158 constat.
2338 4106 2435 4158 sed
2480 4107 2529 4157 si
2572 4112 2727 4158 recte
2774 4109 2845 4159 ab
2890 4108 2987 4160 illo
3024 4109 3171 4162 liber

579 4188 750 4240 Probi
787 4188 1065 4238 indicatus
1105 4194 1218 4252 est,
1258 4190 1660 4239 commentariis
1697 4191 2180 4256 grammaticorum
2216 4208 2283 4242 ex
2308 4191 2477 4243 Probi
2512 4193 2889 4257 disputatione
2926 4191 2993 4244 de
3030 4197 3165 4245 tem-

585 4275 812 4338 poribus
847 4275 1138 4325 verborum
1177 4275 1474 4340 excerptis,
1509 4273 1605 4338 qui
1641 4289 1811 4352 supra
1849 4274 2084 4324 indicati
2119 4281 2273 4341 sunt,
2310 4277 2509 4328 similis
2546 4277 2723 4328 fuisse
2760 4275 2995 4332 videtur.
3054 4279 3155 4329 Va·

585 4358 712 4408 lerii
749 4359 968 4409 nomine
1006 4358 1286 4424 adscripto
1324 4359 1595 4423 quaedam
1635 4360 1813 4408 citata
1850 4363 1978 4409 sunt
2015 4360 2084 4410 ab
2110 4360 2397 4413 Aldhelmo
2431 4362 2565 4415 Mai.
2595 4363 2761 4413 class.
2800 4365 2949 4412 auct.
2984 4362 3093 4414 vol.
3120 4366 3167 4414 V

579 4459 631 4507 p.
670 4443 768 4492 538
807 4446 864 4493 et
899 4445 1016 4506 560,
1055 4443 1124 4493 de
1161 4458 1268 4507 quo
1309 4445 1370 4493 cf
1423 4444 1629 4494 Osann.
1669 4444 1899 4508 symbol.
1938 4443 2045 4494 litt.
2082 4445 2193 4495 vol.
2230 4445 2286 4494 Π
2321 4461 2372 4510 p.
2414 4449 2539 4512 173,
2588 4451 2643 4498 et
2676 4447 2735 4496 in
2774 4449 3167 4498 commentario

581 4526 789 4577 codicis
837 4528 1140 4578 Lavantini
1181 4527 1292 4579 vol.
1331 4529 1354 4576 1
1401 4530 1575 4593 praef.
1622 4545 1674 4594 p.
1712 4529 1829 4592 LV,
1878 4543 2021 4592 quae
2068 4531 2192 4595 ipsa
2238 4544 2455 4594 quoque
2504 4531 2575 4582 ad
2614 4533 2895 4583 Valerium
2930 4532 3168 4583 Probum

585 4611 868 4677 pertinere
903 4611 1051 4662 haud
1086 4613 1436 4678 inprobabile
1474 4618 1574 4665 est.
1622 4613 1861 4677 denique
1896 4629 2094 4665 nomen
2129 4615 2298 4665 Probi
2336 4631 2457 4665 cum
2494 4617 2623 4668 aliis
2658 4617 3033 4682 grammaticis
3070 4633 3168 4683 ap-

578 4695 814 4761 pellavit
859 4697 1179 4748 Priscianus
1217 4697 1254 4747 1.
1292 4697 1445 4750 XIII.
1490 4714 1543 4763 p.
1582 4701 1672 4760 13,
1713 4700 1778 4748 14
1826 4703 1883 4749 et
1927 4698 1964 4752 1.
2001 4699 2159 4752 XVII
2194 4715 2248 4766 p.
2288 4702 2410 4763 142,
2448 4703 2545 4765 27,
2588 4701 2815 4753 Rufinus
2850 4717 2903 4768 p.
2940 4705 3074 4754 2713
3111 4706 3169 4753 et

578 4782 730 4831 2720.
