3434 5442
877 352 974 423 ΒΕ
1019 356 1310 421 NOMINE
1355 356 1746 419 ExcEnr'rA
1796 360 2047 419 56-77
2638 360 2759 419 215

2336 486 2379 525 p,
2410 474 2500 513 224,
2522 474 2571 514 25
2606 475 2655 513 V.

151 566 314 607 nunc
363 548 550 608 Gaius
591 566 626 607 c
667 546 860 608 littera
915 551 1138 607 servata
1199 551 1460 606 veterum
1517 544 1947 605 consuetudine
2000 544 2299 605 scribitur.
2392 545 2495 604 secl
2554 552 2755 621 postea

149 650 208 708 in
253 647 684 710 discretionem
733 666 772 725 g
823 648 1052 709 litterae
1099 664 1278 725 apex,
1333 649 1433 725 qui
1477 664 1690 708 sonum
1738 648 2107 726 figuramque
2163 652 2427 718 notaret,
2486 647 2757 706 inventus

150 758 264 819 est,
335 768 462 827 quo
519 749 722 810 addito
779 748 993 811 melius
1047 749 1106 808 in
1155 766 1368 810 sonum
1433 749 1588 809 vocis
1643 747 1857 809 horum
1920 750 2223 809 nominum
2280 748 2487 827 regula
2540 765 2755 810 sonare

147 853 550 929 conspicitur.

319 953 754 1030 Quaecumque
791 952 1032 1013 nomina
1072 951 1396 1013 masculina
1463 950 1676 1031 plurali
1724 970 1975 1013 numero
2020 952 2177 1032 apud
2224 952 2486 1013 Graecos
2531 953 2588 1012 in
2632 974 2755 1031 ρων
2807 984 2833 1021 5

147 1054 444 1134 syllabam
491 1061 728 1123 exeunt,
774 1054 924 1115 haec
965 1054 1246 1115 translata
1291 1055 1350 1114 in
1395 1054 1666 1115 Latinum
1711 1074 1797 1112 ων
1844 1056 1901 1113 in
1946 1072 2047 1113 um
2092 1058 2339 1115 mutant,
2404 1070 2525 1115 non
2570 1056 2757 1131 magis

149 1176 208 1216 se
254 1175 446 1235 quam
489 1155 820 1216 litterarum
878 1172 1192 1217 numerum
1249 1156 1547 1216 custodire
1594 1155 1895 1225 videntur,
1952 1163 2016 1216 ut
2068 1163 2158 1215 est
2190 1147 2489 1233 Ἑκτόρων
2536 1151 2757 1215 Νεστό-

150 1280 288 1337 ρων,
333 1258 486 1319 facit.
525 1256 848 1318 Hectorum
893 1256 1228 1319 Nestorum,
1316 1258 1402 1316 sic
1448 1273 1590 1331 ergo
1639 1265 1697 1317 et
1742 1250 2119 1333 τορευμοῖτων
2157 1248 2507 1333 ποιημάτων
2543 1253 2755 1335 ἐμβλη-

149 1354 352 1436 μοὶτων
413 1376 524 1418 nos
577 1364 740 1419 recte
785 1365 1180 1419 toreumatum
1223 1365 1562 1437 poematum
1610 1356 2069 1440 emblessmatum
2128 1358 2399 1419 dicimus,
2490 1358 2755 1420 similiter

152 1466 212 1522 in
256 1461 539 1540 genetivo
595 1477 832 1539 quoque
885 1458 1167 1537 singulari
1218 1462 1507 1522 Graecum
1557 1480 1590 1517 ο
1643 1460 1700 1519 in
1748 1459 2013 1521 Latinam
2056 1462 2074 1519 i
2118 1459 2373 1521 litteram
2432 1467 2747 1529 mutamus,
2784 1486 2831 1528 ιο

155 1575 216 1623 ιιι
251 1556 630 1641 ἐμβλήματος
670 1562 844 1623 huius
873 1561 1258 1631 emblematis
1303 1555 1646 1639 κηρώματος
1691 1562 2025 1631 ceromatis,
2070 1554 2398 1639 ποιήματος
2443 1563 2749 1641 poematis,

157 1658 464 1743 πήγματος
502 1665 806 1741 pegmatis,

319 1767 490 1845 Apex
546 1766 780 1843 generis
837 1771 927 1825 est
969 1763 1306 1835 masculini,
1370 1767 1647 1843 quoniam
1703 1764 1921 1842 plurali
1964 1783 2216 1826 numero
2270 1764 2404 1833 hos,
2468 1783 2587 1825 non
2642 1764 2749 1825 has

158 1870 350 1945 apices
395 1868 668 1928 dicimus,
757 1866 862 1927 sed
905 1886 1040 1927 cum
1087 1865 1446 1945 singularem
1492 1882 1808 1927 numerum
1849 1874 2035 1937 sonat,
2082 1866 2331 1928 alicuius
2368 1868 2453 1928 rei
2497 1884 2745 1927 acumen

156 1970 478 2047 significat,
537 1976 601 2030 ut
639 1968 990 2029 ‘fundere
1045 1967 1294 2029 lumen
1345 1971 1599 2045 apcx';
1662 1984 1795 2027 cum
1842 1974 1981 2029 v'ero
2038 1966 2357 2047 pluralem,
2418 1967 2744 2029 litterarum
2780 1993 2825 2032 15

159 2070 368 2132 indicat
411 2087 666 2139 nomen,
717 2072 884 2130 cuius
929 2069 1144 2131 locutio
1189 2071 1248 2130 in
1295 2069 1721 2131 consuetudine
1766 2077 1883 2139 est,
1946 2070 2182 2147 quando
2225 2070 2473 2131 dicimus
2524 2070 2749 2131 divinos

159 2174 348 2251 apices
395 2178 460 2233 et
501 2171 897 2250 significamus
938 2170 1182 2233 litteras.

320 2274 474 2335 Cum
537 2274 730 2334 omnia
788 2275 1023 2333 nomina
1077 2274 1346 2351 genetivo
1401 2271 1686 2349 singulari
1736 2270 1957 2352 syllaba
2016 2280 2285 2333 crescant
2344 2280 2445 2333 aut
2500 2280 2747 2351 aequata

161 2377 519 2436 nominativo
566 2376 944 2443 conveniant,
993 2381 1187 2435 tamen
1233 2374 1496 2453 luppiter
1543 2381 1601 2434 et
1649 2373 1909 2435 calamus
1953 2376 2015 2434 in
2058 2376 2327 2454 genetivo
2375 2374 2745 2435 decrescunt.

163 2478 290 2537 lacit
331 2477 494 2537 enim
540 2476 716 2537 huius
759 2476 910 2537 Iovis
947 2483 1006 2536 et
1048 2477 1222 2537 huius
1262 2494 1486 2537 cannae
1543 2485 1786 2554 propter
1827 2477 2251 2554 cacenphaton.
2341 2476 2442 2537 sed
2494 2475 2643 2537 haec
2686 2482 2745 2536 et
2771 2502 2825 2541 20

161 2576 260 2638 alia
298 2576 568 2638 anomala
611 2576 1001 2656 appellantur,
1043 2578 1100 2639 id
1147 2585 1235 2639 est
1279 2596 1430 2657 quae
1475 2595 1581 2655 per
1627 2596 1801 2638 casus
1846 2578 2144 2639 deficiunt.

318 2680 572 2741 Nomina
621 2686 818 2757 aptota
864 2679 1206 2753 masculina,
1251 2680 1308 2741 id
1353 2686 1442 2741 est
1477 2697 1628 2757 quae
1671 2697 1783 2757 per
1828 2698 2035 2741 omnes
2079 2698 2267 2750 casuS,
2318 2688 2434 2741 tam
2480 2679 2739 2757 singula-

163 2800 252 2840 res
289 2799 470 2859 quam
519 2780 792 2858 pluraleS,
838 2779 1105 2841 similiter
1145 2788 1440 2859 aptantur,
1489 2789 1552 2841 ut
1586 2798 1839 2861 nequam
1886 2799 2073 2859 nugas
2119 2782 2254 2843 tabo
2296 2782 2451 2859 frugi
2489 2781 2671 2841 nihili.

321 2884 570 2943 Nomina
617 2882 900 2945 arborum
959 2883 1192 2961 generis
1251 2882 1586 2951 masculini,
1647 2889 1712 2943 ut
1766 2882 2017 2943 oleaster
2072 2892 2129 2943 et
2185 2881 2402 2950 malus,
2462 2882 2566 2943 sed
2624 2900 2743 2943 non

164 2984 332 3045 arbor
373 2987 557 3053 navis,
605 2993 662 3046 et
707 2985 1062 3064 cyparissus,
2768 3006 2821 3047 25

323 3086 555 3148 l’eritus
597 3086 742 3147 iuris
781 3087 1029 3155 dicitur3
1074 3086 1280 3147 Cicero
1327 3094 1522 3147 tamen
1568 3087 1699 3146 iure
1740 3083 2071 3145 consultum
2118 3083 2277 3144 dixit.

319 3190 608 3249 Chremes
653 3186 920 3266 regulam
965 3186 1372 3249 declinationis
1415 3186 1708 3265 triplicem
1750 3185 1947 3257 habet,
1994 3204 2169 3247 unam
2216 3192 2279 3245 ut
2322 3186 2415 3245 liic
2460 3186 2746 3247 Chremes

167 3288 326 3351 huius
369 3290 676 3359 Chremes,
717 3288 888 3350 aliam
927 3296 992 3351 ut
1036 3288 1132 3349 hic
1175 3288 1458 3351 Chremes
1499 3288 1674 3348 liuius
1718 3288 2064 3358 ChremetiS,
2105 3290 2243 3349 item
2298 3286 2488 3356 aliam,
2538 3294 2601 3348 ut
2643 3288 2741 3347 hic

167 3390 432 3453 Chremes
478 3392 653 3453 huius
693 3390 977 3452 ChremiS.

322 3492 604 3575 [Generis
659 3492 950 3573 feminini]
1026 3494 1260 3553 nomina
1317 3492 1554 3569 generis
1601 3491 1868 3553 feminini
1914 3508 1981 3551 us
2029 3489 2241 3552 litteris
2286 3492 2627 3560 terminata,
2678 3500 2817 3554 utso

173 3592 350 3657 Venus
391 3614 546 3655 anus
588 3594 824 3656 humus,

321 3698 590 3765 Nomina,
637 3716 788 3776 quae
831 3698 890 3756 in
939 3705 1026 3757 tas
1068 3694 1295 3757 litteras
1331 3703 1564 3765 exeunt,
1615 3703 1678 3756 ut
1724 3696 1910 3775 pietas
1950 3696 2162 3757 veritas
2198 3695 2463 3773 aequitas
2508 3692 2743 3755 bonitas

173 3797 426 3867 [elicitam
485 3801 622 3859 item
669 3799 728 3858 in
775 3806 898 3866 ωε,
947 3804 1010 3857 ιιι
1051 3799 1232 3857 virtus
1271 3804 1524 3877 myrtus;
1589 3804 1690 3858 aut
1732 3800 1790 3858 in
1834 3818 1899 3868 e,
1940 3804 2003 3857 ut
2045 3797 2243 3858 Danae
2284 3797 2528 3876 Daphne
2572 3798 2743 3858 Circe

175 3898 322 3960 Dirce
363 3901 554 3968 Here3
606 3908 708 3960 aut
748 3902 810 3975 in·
851 3918 974 3967 cus,
1021 3907 1085 3960 ut
1124 3918 1266 3960 acus
1309 3916 1565 3979 quercus
1598 3900 1747 3960 licus
1792 3901 1989 3968 incus;
2046 3907 2146 3960 aut
2185 3901 2247 3959 in
2292 3917 2417 3978 nyS,
2463 3906 2521 3959 et
2559 3901 2741 3960 Grae-

177 4018 292 4061 cum
329 4012 432 4071 est,
479 4009 545 4063 ut
571 4002 853 4081 Erinnys:
899 4007 1000 4063 aut
1041 3999 1460 4081 monosyllaba,
1507 4006 1572 4060 ut
1612 4020 1749 4080 spes
1796 4020 1891 4062 res
1934 4018 2095 4077 grus,
2155 4002 2293 4063 item
2338 3998 2738 4079 monosyllaba
2768 4016 2819 4057 35

176 4103 342 4164 anima
389 4104 681 4172 carentia,
722 4122 874 4182 quae
915 4123 950 4163 x
995 4102 1186 4163 littera
1230 4104 1650 4171 terminantur,
1697 4110 1765 4162 ut
1808 4100 1933 4162 calx
1984 4120 2129 4163 crux
2170 4103 2263 4163 sax
2308 4100 2422 4161 l'alx
2464 4098 2591 4161 l'aex
2638 4098 2737 4160 lux

178 4220 278 4263 nux
317 4222 428 4283 pax
473 4222 616 4275 vox,
678 4222 830 4282 quae
885 4204 1192 4267 observata
1240 4202 1480 4269 ultimae
1517 4203 1748 4265 litterae
1801 4212 1969 4281 parte
2016 4206 2243 4265 Graeco
2300 4202 2415 4262 ritu
2472 4202 2739 4279 genetivo

301 4408 322 4457 l
359 4408 606 4475 veterum]
637 4423 812 4457 uerum
849 4410 900 4457 B
1027 4410 1058 4457 2
1093 4416 1286 4457 notaret
1321 4407 1403 4459 B,-
1441 4412 1458 4437 θ
1475 4403 1553 4475 τῷ
1590 4415 1609 4455 t
1641 4411 1804 4470 primo
1835 4415 2068 4470 punctum
2099 4396 2430 4469 subscripturi:
2466 4411 2516 4454 ec
2553 4406 2741 4469 stanam

179 4478 358 4535 spiritui
387 4494 576 4544 aspero
605 4486 814 4529 accentu
850 4487 996 4528 acuto
1041 4480 1206 4529 iuncto
1249 4479 1407 4527 simile
1451 4478 1750 4540 impositum,
1791 4479 2035 4539 fortassis
2070 4480 2221 4527 voluit
2267 4482 2481 4525 mutaret
2498 4480 2511 4503 ’
2573 4474 2742 4524 editor

189 4545 564 4599 Vindobonensis
772 4550 804 4598 5
853 4548 1210 4611 Quaecumque
1245 4575 1303 4582 —
1351 4549 1414 4597 12
1462 4550 1717 4613 pegmatis
1756 4548 1950 4598 Charis,
1990 4562 2045 4611 p.
2082 4546 2151 4597 38
2361 4546 2395 4595 6
2438 4558 2519 4591 ων
2558 4544 2609 4591 in
2654 4560 2737 4593 um

185 4626 350 4664 mutant
393 4618 656 4669 Charisius
711 4618 724 4666 i
763 4621 927 4681 (corr.
967 4620 1016 4667 in
1059 4616 1170 4681 um)
1213 4626 1406 4666 mutant
1445 4617 1491 4666 B
1697 4619 1732 4669 8
1774 4634 2058 4668 ποοκειῐωκ
2112 4618 2159 4666 Β
2378 4614 2436 4663 ΙΟ
2482 4622 2739 4663 mutamus

186 4682 414 4737 Char-isius
463 4696 696 4737 notamus
733 4688 783 4737 B
995 4687 1052 4737 ll
1095 4702 1368 4737 noenia-roc
1405 4686 1452 4735 B
1664 4688 1729 4738 15
1770 4686 2003 4751 sundere]
2052 4689 2208 4751 Vera.
2254 4688 2381 4736 Aen,
2424 4684 2462 4733 ll
2496 4682 2599 4735 683

181 4751 239 4799 26
263 4754 442 4820 Cicero]
478 4758 548 4820 cs.
584 4758 784 4808 Charis.
822 4773 877 4820 ρ.
906 4758 975 4807 62
1115 4758 1184 4807 28
1215 4756 1368 4805 huius
1404 4754 1666 4821 Chremes]
1699 4759 1929 4821 fortasse
1962 4758 2115 4807 huius
2153 4756 2373 4817 Clu-emi,
2411 4768 2542 4820 quae
2567 4754 2738 4817 forma

179 4826 365 4881 genetivi
395 4834 470 4877 est
504 4830 553 4878 in
588 4830 847 4890 excerptis
877 4826 1212 4892 qrammacicis
1245 4829 1346 4875 vol.
1383 4826 1400 4873 l
1433 4842 1489 4890 p.
1525 4826 1645 4889 541,
1683 4827 1753 4878 38
1892 4828 1959 4879 34
1998 4828 2143 4876 incus
2182 4843 2211 4876 υ
2248 4840 2405 4877 encas
2442 4822 2495 4872 B
