3434 5442
952 349 1365 416 EXPLANAT.
1413 350 1491 414 ΙΝ
1533 349 1892 414 DONATVM
1937 349 2078 414 LIB.
2123 349 2175 413 ll
2718 357 2840 422 565

269 542 469 608 species
511 541 696 592 multae
742 547 876 594 sunt.
947 556 1065 591 nam
1113 541 1298 600 dictio,
1357 555 1486 604 qnae
1527 539 1972 591 transformatione
2024 539 2368 606 componitur,
2422 540 2841 607 metamorfoseon

269 613 479 676 dicitur,
517 611 653 676 quod
689 609 897 662 Obidius
933 611 1135 678 scripsit
1163 611 1306 661 libris
1335 609 1436 666 XV
1474 611 1558 662 uel
1593 610 1865 678 Apuleius.
1938 609 2033 660 sed
2068 611 2435 676 metaplasmus
2466 611 2519 660 in
2556 625 2657 660 una
2699 620 2839 679 parte

270 682 512 733 orationis
543 681 628 744 fit,
665 679 1109 732 metamor-fosseos
1152 682 1202 730 in
1240 683 1378 732 omni
1415 695 1470 729 re
1504 679 1750 732 librorum
1784 679 2043 746 componit
2075 703 2148 716 —-
2184 679 2349 745 Elysia
2384 678 2652 730 subductio
2687 696 2837 745 quae-

271 752 390 802 dam
417 751 646 816 syllabae
677 751 760 802 nel
799 751 954 802 uerbi.
1015 750 1228 801 consilio
1257 752 1320 814 (l.
1355 747 1597 811 conlisio)
1621 758 1702 801 est
1736 748 1863 799 dura
1898 749 2239 814 pronuntiatio
2276 748 2437 799 malae
2468 758 2517 800 et
2552 750 2841 801 inordinate

271 832 440 888 partes
478 821 722 874 orationis
761 821 1038 886 conlidens,
1071 819 1125 885 sl
1151 819 1218 882 (s.
1256 817 1379 883 73*)
1414 828 1469 869 ut
1493 820 1738 870 ‘multum
1775 819 1860 869 ille
1894 828 1943 869 et
1976 827 2012 868 t.
2054 820 2089 869 i.
2129 835 2175 870 e.
2212 822 2287 873 a.’
2320 819 2372 868 in
2410 821 2730 870 scansionem
2775 823 2838 884 (Ι.

271 892 559 955 scansione)
595 890 810 942 multum
839 890 924 941 ille
959 889 1119 940 multi!
1160 888 1300 956 facit,
1339 896 1386 939 et
1423 888 1626 940 eliditur
1661 903 1745 940 um
1782 887 1997 955 syllaba,
2029 903 2159 952 quae
2192 898 2269 939 est
2304 889 2567 956 aeglipsis.

1115 1026 1427 1090 Sequitur
1457 1027 1530 1078 de
1559 1026 1982 1077 scematibus.

404 1131 479 1181 De
503 1133 808 1182 scematibus
837 1132 1046 1200 plurimi
1071 1130 1226 1180 multa
1250 1130 1445 1196 dixere,
1485 1131 1575 1182 sed
1613 1128 1782 1181 nullus
1806 1128 2054 1180 uocabula
2079 1144 2254 1180 eorum
2279 1131 2459 1181 efferre
2485 1133 2651 1198 potuit
2679 1131 2839 1184 latino

268 1217 534 1266 sermone,
570 1202 664 1252 sed
695 1202 776 1252 his
812 1200 1240 1267 appellationibus
1283 1199 1638 1267 proferuntur,
1683 1199 1867 1262 quibus
1904 1213 1965 1250 ea
2006 1200 2251 1265 magistra
2342 1215 2457 1250 reca
2494 1201 2554 1266 (l.
2597 1201 2839 1268 Graecia)

219 1271 224 1274 ’
265 1273 674 1338 nuncupauit—
701 1273 1058 1323 sententiarum
1095 1269 1226 1321 aliae
1255 1281 1374 1321 sunt
1409 1283 1562 1320 uerae
1588 1269 1721 1320 aliae
1758 1275 1875 1319 sunt
1912 1269 2233 1320 uerisimiles.
2268 1273 2299 1336 l
2336 1271 2401 1333 (f.
2423 1269 2517 1336 74)
2552 1270 2681 1320 Enni
2720 1287 2836 1322 uer-

265 1358 356 1393 sus
393 1341 489 1407 (cs.
525 1344 712 1396 Donat.
754 1341 887 1400 398,
927 1341 1046 1406 19):
1112 1355 1287 1392 omnes
1322 1349 1493 1408 partes
1529 1339 1792 1402 orationis,
1824 1339 2010 1403 quibus
2044 1355 2225 1391 uersus
2262 1341 2585 1406 conpossitus
2618 1351 2715 1405 est,
2750 1357 2838 1390 no-

265 1413 405 1464 mina
440 1420 586 1476 sunt,
633 1411 770 1462 nulla
814 1411 912 1462 alia
947 1412 1292 1477 interpossita.
1365 1412 1594 1463 eiusdem
1642 1410 1774 1460 Enni
1828 1423 2006 1459 uersus
2058 1417 2134 1460 est
2183 1413 2321 1460 ‘tute
2364 1419 2416 1460 ta
2464 1408 2527 1474 (1.
2569 1409 2713 1477 Tati)
2745 1413 2837 1462 tibi

264 1491 408 1534 tanta
439 1490 651 1546 tyranne
683 1481 892 1535 tulisti’.
967 1495 1142 1532 omnes
1179 1483 1314 1531 enim
1351 1489 1522 1548 partes
1547 1480 1795 1530 orationis
1826 1487 1845 1528 t
1880 1479 2046 1529 littera
2083 1479 2391 1544 principium
2415 1487 2638 1531 sumunt.
2702 1486 2836 1530 ‘me-

263 1560 435 1602 rentes
477 1553 656 1604 flentes
691 1551 1014 1603 lacrimantes
1051 1553 1465 1603 commiserantes
1484 1557 1528 1599 ’z
1575 1565 1761 1602 uersus
1808 1549 1893 1598 hic
1926 1548 2119 1600 Plauti:
2168 1562 2345 1600 omnes
2379 1557 2551 1616 partes
2591 1551 2834 1601 orationis

263 1623 319 1671 in
349 1622 669 1673 accussatino
702 1636 822 1672 casu
859 1628 1064 1675 exeunt.
1137 1621 1326 1672 ‘litora
1359 1620 1623 1671 litoribus’
1671 1619 1889 1671 uariauit
1924 1633 2090 1668 casus.
2137 1644 2208 1654 —
2268 1619 2357 1668 illa
2394 1619 2838 1673 coniunctionibus

263 1692 605 1758 interpossitis
641 1689 794 1742 dictio
828 1691 1118 1756 conpossita
1155 1691 1374 1758 uidetur,
1411 1692 1465 1741 iu
1498 1690 1595 1741 hac
1630 1689 1769 1740 nulla
1802 1698 1877 1740 est
1903 1687 2053 1740 simul
2091 1689 2398 1743 coniunctim

1365 1827 1458 1878 De
1493 1829 1729 1896 tropis.

401 1932 480 1984 Ex
521 1931 604 1995 his
640 1934 693 1982 in
728 1933 892 1998 primo
934 1945 1087 1982 uersu
1119 1931 1327 1998 virg-iliis
1361 1932 1562 1983 iuuenis
1601 1940 1776 1996 tropos
1821 1915 2067 1994 quinque:
2117 1931 2287 1980 uirum
2323 1929 2453 1980 dixit
2477 1937 2528 1980 et
2561 1931 2717 1982 tacuit
2746 1945 2841 1982 non.

261 2016 398 2068 men,
436 2017 536 2054 non
572 1998 702 2053 dixit
726 2004 952 2062 Aenean,
992 2002 1056 2052 de
1090 2015 1189 2066 quo
1214 2003 1387 2068 agitur
1408 2027 1474 2038 --
1513 2000 1580 2068 (f.
1609 1999 1733 2066 74*)
1768 2001 1967 2051 timesis
2006 2009 2081 2050 est
2118 2009 2173 2050 ut
2208 2001 2361 2050 unius
2396 2000 2557 2067 partis
2592 2002 2837 2052 orationis

261 2073 402 2124 facta
435 2074 689 2140 diruptio,
741 2072 840 2122 alia
883 2070 1075 2123 scilicet
1109 2073 1435 2137 interposita,
1471 2080 1528 2122 ut
1574 2081 1652 2122 est
1701 2069 1827 2122 illud
1879 2076 2108 2135 ‘septem
2153 2071 2381 2121 subiecta
2418 2071 2598 2122 trioui’
2642 2072 2831 2138 (Ver-9.

256 2159 431 2210 georg.
473 2143 542 2194 111
579 2141 739 2207 3802
783 2141 906 2194 tolle
953 2142 1016 2194 de
1059 2141 1226 2192 medio
1265 2142 1518 2204 subiecta,
1537 2191 1552 2204 ,
1571 2149 1622 2192 et
1652 2140 1809 2191 habes
1842 2141 2207 2204 septemtrioni.
2280 2141 2475 2190 Ennius
2510 2139 2606 2205 (cf.
2638 2143 2831 2195 Donat.

261 2213 383 2272 401,
413 2211 510 2276 16)
536 2219 618 2263 ‘et
645 2227 771 2263 saxo
810 2227 925 2263 cere
961 2213 1256 2262 comminuit
1287 2211 1468 2261 brum’
1512 2209 1657 2276 (tolle
1687 2211 1997 2276 comminuit,
2036 2219 2085 2261 et
2122 2209 2281 2266 habes
2309 2210 2571 2261 cerebrum
2605 2211 2729 2266 add.
2768 2211 2831 2276 l).

261 2284 470 2335 sintesis
510 2291 787 2350 yperuaton
830 2283 913 2332 ‘in
961 2297 1086 2333 saxa
1131 2282 1374 2334 latentia’
1424 2305 1494 2316 —
1543 2283 1612 2345 (f.
1654 2281 1744 2343 75)
1786 2294 2072 2330 sarcasmos
2121 2279 2322 2331 hostilis
2374 2280 2551 2331 inrisio
2604 2281 2835 2332 hostilis:

261 2353 506 2417 Iustinus,
541 2353 862 2404 adbreuiator
897 2355 1137 2419 pampegi
1176 2351 1233 2416 (l.
1272 2352 1522 2418 Pompeii)
1557 2352 1713 2418 Trogi
1744 2349 1901 2401 refert
1936 2350 2196 2416 reginam,
2235 2350 2439 2414 quando
2475 2365 2589 2400 cum
2621 2351 2680 2414 (l.
2716 2351 2837 2402 uni-

263 2422 406 2488 cum)
441 2423 599 2473 fllium
650 2423 872 2486 occisum
912 2437 1002 2489 per
1047 2422 1362 2474 obsidionem
1398 2423 1737 2489 ulcisceretur,
1774 2428 1927 2487 caput
1964 2420 2183 2471 inimicis
2222 2422 2279 2480 (ἱ.
2317 2417 2536 2484 inimici)
2569 2421 2709 2488 regis
2746 2423 2834 2472 ab·

261 2493 477 2546 acimum
517 2495 572 2556 (l.
602 2491 888 2557 abscisum)
937 2493 1034 2542 utri
1085 2494 1336 2559 sanguine
1371 2492 1524 2558 pleno
1575 2492 1843 2543 inmersise
1896 2499 2046 2554 atque
2101 2490 2279 2541 eadem
2333 2489 2526 2540 dixisse
2574 2494 2593 2522 θ
2614 2491 2743 2540 satia
2787 2499 2835 2540 te

261 2565 542 2629 sanguine,
579 2577 728 2627 quem
763 2571 864 2612 tam
901 2561 988 2613 diu
1035 2563 1216 2612 sitisti’
1249 2561 1455 2626 (lustin.
1497 2563 1520 2612 Ι
1551 2562 1609 2626 8)
1646 2589 1714 2601 —
1749 2561 1937 2612 Helena
1977 2560 2111 2610 Iovis
2158 2569 2207 2611 et
2243 2558 2412 2610 Ledae
2442 2559 2575 2623 fllia,
2610 2559 2837 2611 Menelai

261 2635 404 2700 regis
443 2631 744 2684 Graecorum
774 2631 922 2699 (add.
963 2630 1208 2695 coniux),
1247 2647 1400 2697 quam
1445 2630 1588 2683 Paris
1629 2641 1832 2697 pastor,
1870 2630 2057 2680 Priami
2091 2629 2258 2692 filius,
2292 2628 2475 2680 blande
2508 2627 2835 2680 sollicitatam

261 2703 330 2753 ad
371 2718 518 2755 suum
551 2703 846 2768 coniugium
883 2702 1115 2755 adduxit.
1189 2702 1394 2766 de„qua
1429 2703 1504 2751 sic
1545 2701 1737 2752 Statius
1784 2699 1993 2766 (Acrem.
2032 2701 2054 2749 I
2095 2698 2187 2764 ²0)
2233 2699 2412 2750 ‘solue
2457 2706 2564 2750 rate
2601 2698 2736 2751 balio
2773 2701 2833 2762 (1.

263 2773 486 2823 solverat
504 2771 740 2834 Oebalio)
762 2773 978 2824 classem
1006 2772 1070 2823 de
1105 2772 1250 2824 litore
1282 2779 1456 2837 pastor
1488 2771 1756 2822 Dardanus
1795 2771 2027 2820 incautas
2054 2768 2239 2820 blande
2264 2768 2537 2835 populatus
2559 2769 2833 2820 Amiclas’.

261 2842 542 2909 expliciunt
577 2841 775 2892 finiales
807 2842 987 2909 sergii.
1061 2841 1312 2909 incipiunt
1345 2843 1570 2893 coronati
1605 2841 1861 2893 scolastici
1884 2841 1952 2891 L.
