3434 5442
601 336 774 384 xxv1
1711 322 2081 384 PRAFATIO

600 510 870 595 Berytio
912 509 1333 595 grammatico
1375 508 1725 594 placuerit,
1771 528 1966 594 quam
2008 508 2077 571 in
2120 508 2363 592 priore,
2410 508 2503 571 ita
2546 504 2706 571 haec
2749 505 2819 570 in
2848 502 3184 570 catholicis

601 610 803 677 multo
849 612 1112 677 brevius
1157 622 1224 676 et
1265 609 1712 695 neglegentius
1758 618 2037 674 tractata
2089 618 2262 673 sunt.
2350 608 2465 673 sed
2508 618 2727 673 tamen
2770 607 2855 672 ad
2897 605 3185 691 Probum

603 715 761 779 satis
814 724 989 779 certo
1031 713 1405 777 referuntur
1456 711 1644 793 haec,
1703 734 1767 796 p.
1815 720 1927 793 34,
1983 720 2060 780 21
2124 710 2357 775 relevit
2416 710 2501 774 ef.
2558 710 2762 774 Prisc.
2820 718 2972 791 490,
3032 720 3068 778 7
3124 718 3186 771 et

603 822 757 896 529,
818 824 900 885 20
955 816 1173 880 Diom.
1221 824 1372 895 370,
1432 822 1492 882 6.
1555 837 1618 899 p.
1667 823 1781 893 34,
1829 820 1866 882 8
1924 821 1989 877 et
2033 819 2143 893 38,
2198 821 2237 881 6
2294 812 2485 877 sorbo
2530 812 2791 877 sorbeo:
2844 814 2930 877 cf.
2976 815 3181 881 Prisc.

602 927 756 998 491,
806 926 884 986 13
927 918 1142 983 Diom.
1191 924 1344 998 366,
1391 924 1493 985 27.
1550 938 1614 1001 p.
1647 924 1758 995 35,
1806 924 1886 985 29
1932 918 2065 980 aio:
2112 914 2197 980 cf.
2228 914 2433 979 Prisc.
2472 924 2623 994 494,
2672 923 2743 982 11
2794 924 2861 979 et
2902 927 3055 997 541,
3105 928 3183 989 18

601 1020 818 1085 Diom.
857 1027 1011 1100 374,
1048 1032 1105 1087 1.
1164 1042 1228 1105 p.
1263 1027 1374 1099 36,
1415 1026 1496 1087 25
1536 1018 1748 1103 partio
1791 1018 2066 1103 partior:
2112 1016 2195 1082 cf.
2230 1017 2412 1081 Serv.
2444 1016 2512 1080 in
2540 1016 2738 1099 Verg.
2770 1018 2935 1082 Aen.
2971 1019 3004 1083 Ι
3038 1028 3181 1089 194.

601 1146 665 1208 p.
714 1130 826 1202 36,
873 1130 954 1191 34
997 1121 1176 1185 lavo:
1225 1120 1310 1185 cf.
1342 1120 1546 1184 Prisc.
1580 1130 1734 1201 471,
1782 1127 1819 1188 2
1862 1119 2081 1183 Diom.
2116 1127 2269 1197 381,
2320 1126 2419 1186 12.
2478 1140 2544 1205 p.
2591 1126 2701 1199 39,
2750 1126 2829 1188 26
2874 1129 2941 1184 et
2986 1130 3094 1201 40,
3145 1136 3181 1192 7

600 1232 787 1288 necto
831 1244 1032 1288 nexo:
1079 1222 1164 1286 cf.
1197 1218 1400 1287 Prisc.
1433 1231 1586 1302 469,
1636 1230 1735 1291 12.
1782 1229 1933 1302 536,
1982 1229 2042 1292 8.
2089 1228 2241 1301 538,
2290 1229 2328 1290 2
2372 1220 2587 1285 Diom.
2620 1228 2773 1303 369,
2822 1230 2921 1291 16.
2980 1246 3045 1308 p.
3080 1234 3181 1304 39,

602 1336 640 1396 5
685 1325 872 1391 tollo:
919 1324 1006 1390 cf.
1051 1324 1270 1389 Diem.
1317 1332 1470 1405 372,
1519 1333 1558 1393 4
1603 1332 1668 1388 et
1713 1330 1866 1404 380,
1912 1332 1972 1393 9.
2032 1324 2105 1387 in·
2144 1322 2381 1409 quibus
2426 1346 2817 1409 quamquam
2860 1311 3181 1410 quaedam

603 1435 783 1507 sunt,
853 1428 922 1491 in
979 1427 1216 1513 quibus
1278 1449 1510 1492 nomen
1565 1426 1763 1491 Probi
1820 1446 1855 1489 e
1912 1423 2248 1489 catholicis
2260 1472 2277 1505 ‚
2336 1434 2409 1489 ut
2462 1425 2751 1505 videtur,
2808 1425 3181 1491 Priscianus

603 1529 980 1615 adscripsit,
1035 1537 1254 1593 tamen
1311 1531 1469 1593 haec
1513 1549 1771 1614 quoque
1826 1548 1866 1591 a
1906 1527 2173 1612 Berytio
2228 1528 2652 1610 grammatico
2708 1536 2987 1593 tractata
3040 1552 3181 1593 esse

600 1652 952 1697 consensus
996 1630 1335 1695 Diomedis
1389 1630 1494 1695 vel
1543 1630 1805 1694 uberior
1856 1624 2062 1715 ipsius
2108 1628 2424 1694 Prisciani
2478 1628 2832 1712 disputatio
2875 1629 3179 1696 ostendit.

772 1734 1004 1819 Itaque
1049 1756 1195 1798 cum
1239 1731 1473 1813 multa,
1519 1754 1688 1819 quae
1732 1731 1885 1797 olim
1930 1754 1970 1795 a
1998 1730 2213 1795 Probo
2258 1730 2523 1794 uberius
2568 1739 2847 1795 tractata
2890 1753 3031 1796 esse
3076 1730 3179 1796 vel

600 1843 776 1899 certo
820 1844 1076 1901 constat
1129 1834 1234 1899 vel
1291 1834 1714 1920 probabiliter
1766 1834 1974 1899 conici
2028 1843 2269 1919 potest,
2326 1855 2497 1909 nunc
2556 1833 2840 1897 breviter
2894 1833 3183 1899 indicata

600 1936 1015 2001 inveniantur
1055 1938 1122 2002 in
1168 1936 1530 2015 catholiciS,
1577 1936 1737 2001 haec
1781 1956 1864 2000 ex
1893 1937 1973 2000 iis
2020 1956 2187 2020 quae
2232 1933 2671 1999 nobilissimus
2718 1936 3180 2019 grammaticus

601 2039 840 2121 scripta
882 2038 1230 2124 reliquerat
1273 2047 1596 2124 excerpta·
1625 2059 1768 2103 esse
1804 2038 2128 2117 dicemus,
2187 2058 2317 2101 non
2358 2044 2681 2101 recentem
2727 2038 2945 2103 nescio
2988 2058 3180 2123 quem

599 2139 917 2222 Probum,
975 2146 1158 2205 cuius
1213 2139 1394 2205 nulla
1445 2140 1622 2226 apud
1665 2150 1921 2205 veteres
1965 2140 2311 2225 scriptores
2358 2140 2669 2203 memoria
2710 2147 2923 2220 extat,
2982 2139 3179 2224 finge-

599 2264 765 2306 mus.
852 2264 1004 2307 nam
1048 2263 1133 2307 ex
1177 2243 1538 2328 antiquiore
1580 2241 1799 2329 aliquo
1846 2252 1912 2306 et
1955 2242 2252 2307 uberiore
2295 2243 2751 2307 commentario
2808 2242 2969 2307 haec
3012 2264 3181 2328 quae

598 2366 772 2410 nunc
813 2344 1088 2429 legimus
1135 2354 1444 2429 excerpta
1487 2366 1627 2408 esse
1671 2346 1979 2409 universa
2019 2342 2170 2408 libri
2214 2342 2463 2408 indoles
2510 2342 2720 2409 docet.
2800 2354 2933 2408 tam
2974 2344 3183 2408 multa

601 2447 772 2510 enim
814 2444 922 2510 vel
963 2447 1180 2531 inepte
1225 2445 1502 2532 repetita
1555 2445 1662 2511 vel
1715 2467 2023 2533 perverso
2084 2445 2310 2509 ordine
2366 2446 2581 2530 posita
2635 2443 2741 2510 vel
2784 2447 2981 2512 nimio
3026 2469 3181 2532 quo-

599 2548 749 2613 dam
791 2547 1131 2613 brevitatis
1177 2546 1391 2613 studio
1435 2558 1741 2633 corrupta
1782 2558 1961 2627 sunt,
2019 2555 2093 2611 ut
2146 2548 2525 2613 certissimis
2568 2546 2822 2612 indiciis
2868 2549 3181 2635 adpareat

599 2651 979 2736 scriptorem
1025 2672 1102 2715 ea
1143 2672 1310 2736 quae
1367 2650 1449 2715 ab
1497 2651 1860 2735 antiquiore
1917 2658 2178 2713 auctore
2233 2658 2574 2735 acceperat
2624 2651 2691 2714 in
2748 2650 3178 2735 conpendium

600 2752 960 2837 redegisse,
1007 2751 1092 2816 ad
1133 2774 1376 2816 novum
1418 2774 1636 2815 rerum
1677 2751 1999 2831 ordinem,
2046 2752 2529 2815 terminationes
2572 2752 2903 2817 nominum
2946 2761 3011 2815 et
3040 2776 3181 2817 ver-

598 2855 830 2920 borum
872 2854 1047 2934 dice,
1093 2854 1536 2934 revocavisse,
1583 2852 1863 2940 denique
1906 2854 1990 2919 ad
2034 2876 2223 2918 usum
2266 2876 2425 2918 suae
2460 2855 2690 2918 aetatis
2738 2856 3181 2921 accommoda·

598 2958 794 3021 visse.
854 2956 924 3019 in
966 2978 1094 3041 quo
1140 2955 1357 3021 studio
1401 2957 1700 3040 quamvis
1744 2956 1950 3021 multa
1980 2956 2335 3020 omittenda
2364 2963 2609 3036 essent,
2656 2966 2869 3021 tamen
2901 2957 3183 3043 plurima

599 3059 840 3123 veteris
885 3058 1217 3123 doctrinae
1276 3058 1558 3142 vestigia
1610 3056 1839 3122 relicta
1895 3068 2066 3123 sunt.
2150 3058 2323 3123 unde
2368 3059 2537 3121 enim
2582 3070 2715 3124 tam
2756 3060 2963 3125 multa
3005 3068 3183 3124 vete-

597 3182 742 3225 rum
785 3162 1172 3247 scriptorum
1217 3159 1519 3247 exempla
1563 3168 1627 3224 et
1681 3162 1928 3245 antiqui
1986 3162 2298 3225 sermonis
2338 3158 2645 3245 reliquias
2686 3162 3181 3245 grammaticum

598 3264 918 3350 recepisse
963 3264 1513 3342 existimabimus,
1571 3262 1696 3326 nisi
1750 3262 1989 3327 bonum
2040 3272 2104 3329 et
2146 3263 2481 3348 antiquum
2536 3274 2863 3327 auctorem
2920 3274 3181 3329 secutus

597 3365 819 3431 esset‘?
877 3366 1035 3451 quin
1077 3367 1272 3431 etiam
1314 3364 1522 3451 ipsius
1565 3365 1834 3428 rationis
1879 3386 1953 3429 ac
1998 3364 2360 3446 doetrinae,
2406 3386 2601 3451 quam
2645 3373 2929 3430 veterem
2972 3388 3181 3449 gram-

596 3467 901 3532 maticum
949 3476 1240 3531 secutum
1283 3488 1426 3531 esse
1469 3468 1741 3546 scimus,
1796 3466 1983 3551 quasi
2038 3466 2363 3551 quaedam,
2402 3466 2683 3551 vestigia
2729 3467 2799 3531 in
2842 3468 3179 3533 catholicis

597 3567 800 3634 latere
843 3567 1168 3632 videntur.
1257 3589 1408 3631 nam
1463 3566 1640 3653 quod
1681 3567 1739 3630 is
1793 3568 1862 3630 in
1925 3567 2150 3651 primis
2212 3567 2338 3632 sibi
2391 3577 2845 3654 proposuerat,
2906 3577 2981 3634 ut
3022 3572 3181 3655 quid

599 3670 779 3755 leges
842 3671 1063 3735 Latini
1127 3670 1440 3733 sermonis
1503 3678 1570 3734 ct
1632 3675 1984 3755 praecepta
2046 3669 2204 3734 artis
2278 3669 2710 3755 postularent,
2788 3671 2946 3757 quid
3020 3694 3178 3737 usus

597 3772 902 3859 loquendi
945 3772 1073 3837 sibi
1117 3773 1519 3857 sumpsisset,
1581 3771 1843 3836 doceret
1886 3780 1951 3835 et
1994 3770 2291 3857 diligenti
2334 3771 2609 3837 lectione
2654 3795 2843 3836 usum
2886 3783 3179 3839 veterum

598 3875 984 3960 scriptorum
1039 3875 1417 3940 observaret
1473 3884 1540 3940 et
1590 3874 1829 3961 quibus
1884 3876 1953 3939 in
2008 3874 2203 3939 rebus
2260 3875 2344 3940 ab
2402 3874 2529 3937 illis
2596 3876 2748 3940 novi
2808 3875 3183 3941 recederent

594 3977 940 4057 indicaret,
997 3976 1162 4041 illud
1217 3978 1282 4042 in
1340 3976 1461 4041 hoc
1517 3998 1775 4063 quoque
1828 3974 1997 4041 libro
2052 3975 2274 4041 multis
2333 3976 2649 4063 exemplis
2707 3978 2814 4061 agi
2859 3977 3177 4042 videmuS.

597 4100 764 4165 quae
808 4101 956 4143 cum
997 4079 1094 4142 ita
1138 4080 1294 4159 sint,
1341 4102 1422 4143 ne
1465 4078 1630 4143 illud
1673 4076 1938 4164 quidem
1979 4076 2132 4143 huic
2176 4077 2413 4143 iudicio
2459 4100 2826 4163 repugnare
2857 4081 3177 4161 existimo,

595 4182 770 4267 quod
814 4180 1134 4266 quaedam
1175 4201 1330 4244 sane
1374 4181 1442 4243 in
1485 4180 1821 4245 catholicis
1868 4180 2115 4266 scripta
2154 4189 2337 4260 sunt,
2382 4202 2549 4266 quae
2590 4182 2669 4243 iis
2700 4202 2867 4267 quae
2894 4180 3180 4249 Probum

597 4283 895 4349 docuisse
940 4283 1084 4346 aliis
1131 4282 1504 4347 auctoribus
1549 4290 1805 4347 constat
1848 4294 1963 4347 aut
2004 4305 2134 4348 non
2178 4283 2335 4346 satis
2382 4280 2817 4368 respondeant
2860 4292 2973 4347 aut
3016 4284 3179 4349 adeo

597 4386 930 4450 adversari
973 4383 1353 4465 videantur,
1411 4393 1484 4449 ut
1526 4408 1590 4469 p.
1637 4392 1750 4463 36,
1800 4392 1879 4453 16
1937 4384 2017 4449 de
2062 4385 2261 4449 verbo
2317 4386 2501 4470 pario
2546 4384 2799 4450 conlato
2844 4384 3179 4450 Prisciano

597 4495 750 4567 500,
798 4496 875 4555 19
936 4497 1001 4551 et
1045 4494 1198 4569 540,
1259 4496 1297 4556 6
1353 4496 1420 4551 et
1461 4486 1781 4551 Diomede
1827 4494 1980 4566 383,
2028 4496 2098 4567 4,
2154 4510 2219 4571 p.
2268 4494 2380 4568 38,
2438 4494 2518 4555 26
2578 4486 2658 4550 de
2702 4486 2901 4551 verbo
2946 4488 3180 4552 inchoo

596 4588 850 4652 conlato
881 4588 1200 4652 Diomede
1231 4596 1382 4669 365,
1432 4597 1531 4657 16.
1591 4588 1656 4651 ni
1699 4590 1967 4667 mirum,
2012 4610 2179 4674 quae
2223 4588 2349 4653 fuit
2392 4590 2959 4673 grammaticorum
2989 4589 3180 4654 liber-

596 4699 696 4753 tas
741 4699 805 4755 et
848 4687 1265 4774 neglegentia
1305 4692 1375 4753 in
1419 4690 1895 4776 antiquioribus
1941 4690 2319 4755 auctoribus
2365 4690 2751 4771 adhibendis
2766 4738 2783 4771 ‚
2831 4692 2915 4756 ab
2960 4713 3036 4755 eo
3066 4694 3179 4779 qui

597 4793 757 4859 haec
800 4790 868 4855 in
911 4790 1086 4858 huno
1129 4791 1421 4857 ordinem
1465 4793 1809 4877 conposuit
1837 4814 1967 4857 non
2000 4792 2207 4857 solum
2236 4792 2519 4880 plurima
2547 4794 2805 4874 omissa,
2838 4794 2953 4858 sed
2983 4794 3181 4859 etiam
