3434 5442
1138 362 1368 425 COMM.
1417 362 1493 424 ΙΝ
1540 362 1901 426 DONATVM
2678 377 2803 438 437

2350 488 2393 528 ρ.
2424 476 2625 518 1848-50
2650 475 2697 518 P.

1205 665 1222 674 ,
1306 601 1401 662 DE
1446 565 1714 666 venne.

390 736 502 799 Odi
547 738 682 798 novi
724 737 967 798 memini
996 737 1302 818 quaeritur
1345 737 1512 799 cuius
1555 739 1676 798 sint
1716 740 2020 819 temporis.
2078 747 2311 803 constat
2352 759 2483 804 esse
2526 743 2797 823 perfecti.

219 857 356 900 nam
405 848 466 900 et
518 839 844 919 perfectum
891 840 952 900 in
997 839 1018 900 i
1059 854 1295 917 semper
1339 839 1484 911 exit,
1547 847 1614 901 ut
1666 839 1787 918 legi
1832 842 2073 920 scripsi,
2137 849 2197 903 et
2236 861 2522 924 praesens
2565 852 2799 926 tempus

221 959 538 1022 numquam
595 943 656 1002 in
713 942 762 1012 i,
831 939 934 1003 sed
991 958 1226 1020 semper
1281 941 1341 1002 in
1395 959 1431 1000 ο
1487 943 1624 1002 exit.
1711 939 1810 1002 illa
1866 943 2023 1004 enim
2078 944 2257 1006 verba
2312 946 2799 1026 significationem

218 1042 439 1105 habent
493 1043 824 1124 praesentis
897 1043 1210 1122 temporis,
1279 1042 1514 1122 regulas
1579 1050 1775 1110 autem
1841 1047 2164 1124 praeteriti.
2252 1065 2381 1108 sum
2447 1046 2797 1111 defectivum
2824 1074 2850 1115 5

217 1145 464 1207 verbum
511 1152 600 1206 est
642 1145 704 1205 in
751 1144 1178 1224 coniugatione.
1239 1139 1266 1227 ΙΙ
1322 1160 1458 1204 nam
1516 1143 1753 1226 quando
1812 1144 2059 1209 dicimus
2116 1166 2209 1217 es,
2270 1165 2390 1210 non
2433 1157 2627 1229 potest
2671 1169 2800 1213 esse

215 1247 478 1310 secunda
521 1247 884 1326 coniugatio,
931 1247 1066 1326 quia
1113 1254 1173 1307 et
1215 1264 1250 1304 e
1293 1253 1626 1324 correptam
1671 1245 1851 1309 habet
1880 1255 1940 1308 et
1966 1250 2028 1309 in
2059 1251 2250 1330 prima
2284 1268 2534 1332 persona
2582 1261 2799 1324 e'ante

215 1369 252 1410 o
299 1368 422 1411 non
465 1348 663 1412 habet.
751 1347 934 1430 pudet
977 1355 1036 1410 et
1079 1345 1274 1410 taedet
1315 1348 1483 1427 quasi
1526 1346 1809 1410 defectiva
1855 1351 2079 1430 posuit;
2140 1353 2201 1413 in
2246 1355 2552 1434 superiore
2596 1362 2789 1418 autem

217 1459 390 1530 parte
433 1449 834 1531 inpersonalia
881 1467 1001 1510 non
1047 1449 1344 1510 contrarie
1387 1456 1524 1510 sunt
1559 1451 1767 1528 posita.
1856 1470 1991 1514 nam
2024 1453 2138 1514 hoc
2181 1454 2371 1534 ipsum
2418 1454 2664 1520 verbum
2709 1459 2799 1518 in-

216 1553 534 1634 personale
578 1551 927 1614 defectivum
977 1559 1080 1614 est.
1166 1549 1409 1612 sublatis
1453 1553 1611 1613 enim
1656 1550 1731 1614 de
1775 1555 1969 1634 primo
2010 1554 2191 1616 verbo
2238 1555 2463 1619 duabus
2506 1560 2795 1638 personis,
2824 1583 2875 1624 10

213 1657 410 1735 prima
457 1662 516 1715 et
557 1653 846 1722 secunda,
893 1655 1064 1714 tertia
1107 1655 1309 1734 utique
1353 1660 1652 1732 superest;
1728 1673 1878 1736 quae
1922 1658 1974 1717 si
2017 1674 2135 1718 non
2180 1657 2291 1720 sibi
2336 1658 2615 1740 adiungat
2659 1679 2797 1740 pro-

215 1775 466 1826 nomen,
523 1755 874 1818 defectivum
934 1753 1149 1816 dicitur
1204 1773 1332 1816 esse
1376 1755 1652 1825 verbum,
1710 1758 1762 1818 si
1806 1765 1996 1819 autem
2044 1759 2353 1840 adiungat,
2397 1761 2793 1841 inpersonale.

213 1859 446 1939 gaudeo
491 1867 550 1919 et
591 1857 780 1920 audeo
825 1875 856 1919 a
903 1855 1200 1937 plerisque
1243 1859 1710 1937 neutropassiva,
1759 1858 1831 1920 ab
1876 1859 2005 1922 aliis
2048 1860 2344 1933 anomala,
2400 1862 2472 1924 ab
2529 1862 2658 1924 aliis
2700 1883 2797 1926 su-

211 1963 350 2042 pina
397 1960 576 2022 verba
633 1960 936 2030 dicuntur,
993 1977 1144 2039 quae
1200 1961 1260 2020 in
1321 1967 1588 2040 tempore
1632 1959 1898 2040 perfecto
1943 1969 2003 2023 et
2044 1961 2619 2044 plusquamperfecto
2661 1984 2795 2046 pas-

207 2065 394 2126 sivam
423 2061 646 2125 habent
675 2060 1160 2131 declinationem,
1207 2061 1268 2122 in
1313 2061 1555 2142 reliquis
1600 2063 1866 2123 activam.
1922 2071 2062 2124 sunt
2102 2062 2211 2125 alia
2256 2065 2609 2145 inaequalia,
2643 2086 2793 2148 quae
2821 2092 2871 2133 15

207 2173 269 2226 et
311 2185 478 2228 suam
525 2163 746 2227 habent
790 2162 1246 2226 declinationem
1295 2171 1354 2223 et
1395 2164 1781 2234 contrariam,
1828 2172 1895 2225 ut
1938 2172 2028 2227 est
2069 2165 2303 2246 placeo:
2382 2185 2517 2229 nam
2564 2176 2625 2230 et
2665 2168 2792 2250 pla-

209 2269 310 2329 cui
355 2267 496 2328 lacit
539 2275 599 2328 et
639 2266 890 2348 placitus
933 2283 1082 2328 sum.
1159 2273 1296 2327 sunt
1337 2266 1478 2328 item
1525 2263 1633 2326 alia
1678 2265 2035 2346 inaequalia,
2082 2286 2233 2348 quae
2275 2269 2410 2330 ideo
2455 2276 2591 2331 sunt
2631 2271 2795 2333 inae·

209 2368 437 2450 qualia,
484 2369 619 2450 quia
663 2368 912 2448 primam
959 2365 1244 2448 syllabam
1289 2385 1406 2428 non
1453 2378 1788 2438 reservant,
1836 2379 1901 2429 ut
1946 2368 2085 2430 nolo
2130 2369 2291 2433 volo:
2366 2373 2591 2435 faciunt
2633 2374 2791 2436 enim

209 2471 352 2532 nolo
411 2489 532 2533 non
583 2471 668 2530 vis
721 2488 842 2531 non
905 2469 1053 2538 vult,
1111 2489 1230 2532 non
1287 2469 1424 2531 nolo
1480 2468 1631 2530 nolis
1687 2468 1864 2531 nolit:
1938 2471 2079 2533 item
2126 2471 2255 2533 volo
2302 2472 2446 2534 volis
2490 2473 2631 2536 volit
2672 2494 2793 2538 non

207 2575 495 2642 dicimus,
551 2571 652 2634 sed
709 2570 838 2634 volo
897 2573 980 2632 vis
1039 2571 1175 2634 vult.
1249 2579 1386 2634 sunt
1442 2569 1555 2634 alia
1579 2573 1844 2650 'penitus
1898 2573 2192 2646 anomala,
2251 2573 2325 2635 de
2378 2575 2593 2657 quibus
2648 2577 2791 2639 nihil
2818 2603 2871 2644 20
2988 2603 2998 2610 ·

205 2693 525 2757 possumus
569 2674 796 2744 dicere,
855 2673 968 2735 nisi
1023 2672 1180 2754 quod
1233 2672 1488 2735 lectione
1533 2673 1901 2746 detinentur,
1949 2675 2007 2736 id
2054 2681 2143 2738 est
2186 2695 2285 2738 eas
2327 2697 2613 2759 usurpare
2656 2698 2793 2760 per-

207 2796 420 2848 sonas,
468 2794 618 2857 quae
662 2783 886 2838 tantum
934 2777 1281 2837 auctoritate
1335 2777 1674 2847 firmantur,
1734 2784 1800 2838 ut
1842 2784 1978 2838 sunt
2022 2779 2197 2849 haec,
2243 2779 2376 2840 faxo
2421 2779 2601 2853 saxiS,
2645 2783 2792 2853 infit,

208 2881 458 2960 inquam
505 2886 564 2938 et
609 2875 856 2956 reliqua.
944 2879 1136 2958 prima
1180 2895 1432 2958 persona
1475 2876 1794 2939 indicativo
1840 2879 2014 2940 modo
2058 2897 2292 2959 semper
2336 2884 2682 2963 corripitur,
2728 2892 2796 2944 ut

205 2982 383 3060 lego,
430 2979 654 3061 absque
698 2977 1146 3060 monosyllabis,
1202 2986 1268 3038 ut
1310 2977 1386 3040 do
1429 2986 1520 3040 sto
1563 2978 1677 3050 flo,
1735 2999 1885 3060 quae
1930 2979 2166 3060 quidem
2210 2982 2365 3062 ipsa,
2411 2985 2461 3044 si
2506 2984 2647 3046 [iant
2688 3005 2792 3066 po-

207 3081 524 3164 lysyllaba,
569 3089 635 3142 ut
677 3080 862 3143 reddo
919 3079 1066 3141 reflo
1131 3088 1393 3160 praesto,
1451 3082 1873 3162 corripiuntur.
1964 3080 2139 3143 verba
2186 3101 2433 3162 quorum
2478 3085 2791 3148 declinatio
2818 3075 2891 3153 25⁵

207 3188 267 3246 in
327 3191 530 3246 nostra
593 3190 879 3264 potestate
937 3190 1027 3244 est
1079 3189 1216 3244 sunt
1259 3182 1433 3252 haec,
1501 3181 1718 3244 tondeo
1774 3183 1902 3245 lavo
1948 3182 2173 3245 fabrico
2217 3187 2399 3265 punio
2445 3195 2505 3248 et
2547 3186 2790 3268 reliqua.

205 3305 416 3348 verum
449 3296 646 3347 tamen
677 3283 962 3346 debemus
989 3284 1314 3346 secundum
1349 3291 1616 3346 naturam
1649 3291 1885 3348 actuum
1934 3285 2021 3346 vel
2064 3288 2313 3350 activum
2363 3287 2451 3348 vel
2496 3290 2790 3369 passivum
2893 3307 2913 3330 ·

203 3406 594 3470 praesumere
645 3388 706 3448 in
763 3385 1182 3456 declinatione,
1241 3395 1308 3448 ut
1353 3391 1501 3465 ‘ego
1544 3385 1761 3458 lavor’,
1811 3386 2121 3450 ‘balneum
2151 3387 2369 3460 lavat';
2416 3389 2650 3471 quando
2683 3407 2791 3469 ego

205 3489 455 3572 capillos
498 3489 764 3569 depono,
810 3495 874 3548 ut
917 3487 1105 3550 dicam
1155 3488 1428 3559 tondeor,
1475 3488 1707 3567 quando
1741 3487 1912 3551 alteri
1942 3489 2185 3568 capillos
2230 3490 2505 3564 detraho,
2554 3499 2618 3553 ut
2658 3501 2789 3553 ton·

203 3594 338 3655 deo.
432 3592 625 3671 prima
670 3608 924 3671 persona
970 3608 1086 3652 non
1134 3588 1311 3651 debet
1356 3592 1433 3652 ita
1478 3590 1765 3671 proferri,
1812 3591 1944 3671 lego
1987 3610 2125 3671 ego,
2173 3595 2452 3673 quoniam
2496 3592 2627 3672 lego
2673 3595 2785 3656 iam
2816 3621 2869 3662 30

203 3693 390 3756 hahet
430 3695 494 3754 in
540 3710 604 3752 se
649 3692 1132 3772 significationem
1178 3693 1576 3772 pronominis:
1638 3694 1749 3756 nisi
1792 3701 1991 3754 tamen
2034 3695 2121 3754 sic
2163 3702 2306 3756 tunc
2350 3714 2659 3776 possumus
2704 3697 2791 3758 di-

203 3815 378 3866 cere,
423 3793 560 3874 lego
606 3812 746 3873 ego,
793 3793 1028 3875 quando
1075 3811 1183 3855 nos
1227 3797 1412 3875 magis
1457 3793 1723 3856 volumus
1768 3794 2082 3857 ostendere
2114 3795 2375 3859 lecturos
2404 3817 2577 3879 quam
2624 3797 2787 3869 alios,

206 3908 269 3959 ut
311 3899 393 3959 sit
437 3897 641 3976 ‘quasi
687 3914 796 3974 ego
841 3897 1028 3977 magis
1068 3895 1201 3976 lego
1247 3915 1420 3977 quam
1469 3898 1710 3956 ceteri’.
1772 3897 2098 3960 ‘maledico
2132 3897 2273 3960 tibi'
2306 3899 2579 3972 dicimuS,
2610 3897 2637 3985 Η
2669 3919 2787 3961 non

203 4010 290 4070 te,
339 4002 624 4080 quoniam
669 3996 812 4059 ‘tihi
855 3998 1046 4070 dico’,
1095 4017 1211 4060 non
1259 4004 1351 4059 ‘te
1396 3997 1564 4059 dico'
1612 3997 1880 4061 dicimus
1940 4000 2131 4080 prima
2177 4019 2430 4081 persona
2476 4009 2611 4062 ante
2656 4001 2787 4062 ulti-

203 4121 360 4164 mam
409 4119 446 4162 o
492 4107 718 4181 septem
762 4097 988 4161 litteras
1033 4119 1152 4163 non
1195 4100 1399 4170 habet,
1445 4101 1486 4163 h
1515 4118 1552 4160 o
1583 4099 1671 4160 sk
1704 4117 1741 4179 q
1775 4119 1807 4180 y
1838 4120 1896 4171 z;
1944 4109 2175 4163 ceteras
2204 4120 2343 4163 vero
2373 4100 2579 4172 hahet,
2627 4122 2676 4171 e,
2724 4113 2787 4164 ut
2812 4131 2863 4172 35

203 4203 418 4275 sedeo,
451 4203 502 4274 i,
533 4211 599 4264 ut
629 4199 833 4272 audio,
882 4220 946 4273 u,
993 4209 1058 4262 ut
1086 4220 1311 4274 annuo,
1345 4201 1416 4274 h,
1461 4209 1528 4264 ut
1555 4201 1703 4274 libo,
1738 4212 1797 4264 et
1828 4206 2082 4280 reliqua,
2115 4204 2267 4264 sicut
2308 4205 2367 4263 in
2401 4211 2527 4264 arte
2571 4207 2787 4284 scripta

368 4441 404 4492 2
443 4439 528 4491 odi
557 4440 676 4491 noui
715 4440 860 4505 coepi
893 4439 1100 4489 memini
1127 4452 1160 4496 ς
1333 4439 1368 4491 8
1410 4439 1565 4507 pudet
1605 4449 1656 4492 ec
1688 4439 1855 4492 taedet
1892 4444 1943 4492 in
1982 4443 2245 4503 superiore
2276 4449 2464 4506 parte,
2498 4441 2591 4492 Ιιοο
2626 4451 2704 4493 eae
2738 4445 2790 4494 in

203 4514 391 4564 minore
427 4517 559 4572 arte,
593 4511 938 4574 inpermalia
957 4511 1127 4573 posita
1163 4523 1276 4560 ease
1301 4509 1472 4562 dicere
1503 4511 1701 4562 videtur
1734 4512 1958 4574 Servius,
1998 4525 2105 4561 ctam
2141 4527 2285 4562 unum
2312 4511 2495 4578 legitur
2515 4516 2790 4576 exemplum

203 4583 549 4646 fiper-sonatis
570 4581 701 4631 modi
727 4583 808 4630 vel
835 4577 980 4630 verbi
1001 4581 1236 4643 scriptum
1264 4581 1328 4630 sit
1347 4581 1469 4646 359,
1485 4581 1520 4633 9
1541 4588 1593 4631 et
1615 4580 1737 4646 361,
1768 4581 1818 4632 6.
1849 4581 1951 4632 nisi
1980 4579 2073 4630 Ιιοο
2094 4584 2259 4644 pocius
2292 4583 2461 4641 voluit,
2493 4585 2788 4649 inperaona-

199 4653 268 4702 Ῑία
288 4653 343 4701 in
366 4653 560 4702 „tinore
579 4655 704 4701 'arte
735 4653 906 4714 posita
943 4665 1044 4702 non
1081 4665 1192 4701 ease
1224 4653 1484 4702 contraria
1515 4651 1628 4702 kuic
1661 4652 1953 4714 definitioni,
1990 4666 2121 4717 quae
2154 4654 2208 4703 in
2240 4655 2429 4704 naaiore
2454 4662 2568 4704 arte
2599 4669 2787 4718 propo-

203 4724 302 4772 sita
325 4725 394 4772 aie
575 4721 636 4772 15
667 4735 797 4783 quae
833 4734 978 4770 suam
1009 4722 1059 4771 P
1231 4719 1296 4774 16
1327 4730 1376 4772 et
1412 4722 1660 4772 contraria
1685 4730 1805 4772 sunt
1838 4729 1889 4771 ut
1931 4721 2108 4788 placeo
2145 4737 2179 4780 ς
2343 4723 2410 4772 25
2448 4724 2787 4788 corripiuntur

205 4807 294 4844 mn.
337 4793 406 4856 P,
445 4791 570 4842 add.
603 4804 638 4846 ς
778 4789 846 4840 26
873 4789 990 4840 labo
1027 4791 1078 4839 P
1213 4789 1280 4842 28
1309 4791 1449 4842 labor
1484 4794 1535 4842 P
1668 4790 1804 4842 labat
1835 4791 1885 4841 P
2043 4791 2111 4843 2ss
2142 4802 2197 4843 ut
2227 4792 2391 4843 dicam
2427 4793 2639 4843 tondeor
2663 4809 2696 4851 ς
2736 4801 2789 4844 ut

207 4863 370 4912 dicam
409 4861 596 4912 tondeo
631 4862 684 4911 P
817 4859 884 4911 35
907 4868 1070 4910 cetera
1102 4860 1155 4909 P
1305 4859 1376 4914 30
1408 4861 1601 4925 reliqua
1636 4877 1727 4912 om.
1758 4861 1807 4910 P
