3434 5442
949 362 1362 426 EXPLANAT.
1409 361 1487 424 ΙΝ
1531 361 1889 423 DONATVM
1931 360 2074 424 LlB.
2120 361 2172 423 11
2702 366 2825 430 537

362 471 395 514 s.
421 470 516 514 w.
541 471 592 512 eo
616 471 714 514 eod.
741 470 843 512 lav.

257 552 396 633 quia
458 552 711 631 primam
778 552 1129 633 positionem
1185 568 1304 612 non
1357 550 1596 613 habent.
1685 548 1966 630 numquid
2012 547 2443 612 dicimus-tabu
2484 547 2683 612 tabula
2728 557 2829 611 aut

257 671 461 715 mascu
503 652 793 726 mascula,
840 655 1012 716 vincu
1053 652 1384 716 vinculum?

429 755 514 818 De
573 754 912 818 nominihus
967 756 1231 818 Graecis.
1319 760 1456 816 sunt
1518 755 1757 816 nomina
1830 772 1981 834 quae
2035 754 2315 816 Graecam
2376 753 2827 816 declinationem

259 857 505 931 habent,
567 865 630 918 ut
673 857 975 920 Themisto
1030 855 1305 938 Calypso,
1365 866 1425 917 et
1465 864 1656 926 recte,
1714 857 1851 937 quia
1898 856 2121 918 Graeca
2170 863 2323 918 sunt.
2412 863 2551 919 sunt
2592 857 2827 918 nomina

259 977 410 1038 quae
457 961 682 1022 Graeca
727 966 866 1021 sunt
906 967 964 1020 et
1005 959 1270 1022 Latinam
1315 957 1534 1020 hahent
1576 957 2059 1028 declinationem,
2104 966 2169 1019 ut
2209 957 2463 1020 Achilles
2505 959 2678 1022 Aiax:
2731 960 2828 1020 hic
2852 977 2881 1019 ι

255 1060 518 1124 Achilles
559 1063 734 1124 huius
777 1059 987 1124 Achilli
1030 1062 1201 1132 facit,
1247 1077 1368 1121 non
1411 1059 1678 1130 Achillis,
1736 1061 1823 1121 sic
1867 1068 1925 1122 et
1966 1059 2159 1122 Vlixes
2204 1059 2378 1133 Vlixi,
2424 1079 2543 1122 non
2587 1060 2784 1123 Vlixis.

427 1163 512 1225 De
555 1166 914 1226 avonomicis
958 1169 1016 1224 et
1057 1163 1494 1244 patronomicis.
1563 1170 1704 1224 sunt
1731 1163 2162 1240 patronomica,
2206 1169 2273 1224 ut
2300 1162 2551 1244 Tydides
2579 1162 2827 1236 Pelides,

255 1283 408 1345 quae
439 1284 472 1326 a
503 1265 788 1328 vocabulo
817 1274 1066 1346 paterno
1097 1264 1446 1335 trahuntur;
1493 1263 1807 1344 aliquando
1838 1271 1898 1326 et
1936 1263 2009 1325 ab
2040 1265 2187 1336 aviS,
2220 1269 2285 1325 ut
2310 1264 2619 1335 Aeacides,
2650 1263 2711 1326 id
2743 1271 2833 1326 est

255 1367 541 1442 AchilleS,
588 1369 764 1431 Aeaci
809 1387 1021 1450 nepos:
1068 1367 1292 1429 Aeacus
1333 1367 1536 1446 genuit
1562 1365 1835 1436 Peleum,
1881 1365 2091 1427 Peleus
2117 1365 2435 1428 Achillem:
2483 1367 2699 1430 Statius
2726 1367 2827 1438 sic,

559 1472 1102 1550 magnanimum
1147 1468 1520 1532 Aeaciden
1564 1468 2187 1549 formidatamque
2230 1469 2529 1530 tonanti
2854 1482 2907 1526 ιο

561 1591 602 1654 p
619 1575 1022 1653 rogeniem.

253 1677 662 1755 patronomica
721 1684 822 1736 aut
863 1677 926 1736 in
971 1675 1075 1736 des
1117 1675 1539 1745 terminantur,
1598 1681 1664 1735 ut
1705 1672 1995 1734 Aeneidos
2034 1671 2295 1744 Pelides,
2342 1677 2441 1734 aut
2480 1673 2542 1735 in
2585 1673 2679 1734 ius
2701 1719 2717 1743 ,
2764 1681 2827 1736 ut

255 1775 538 1856 Nycteius
590 1777 1086 1856 Agamemnonius
1153 1775 1582 1857 [patronomica
1648 1775 1917 1837 feminini
1971 1772 2259 1855 generis}
2348 1774 2627 1837 dicuntur
2680 1783 2739 1836 et
2798 1795 2831 1837 a

251 1879 542 1942 matribus
584 1897 761 1960 saepe
805 1879 1248 1942 matronomica.
1349 1878 1755 1960 patronomica
1798 1877 2065 1938 seminini
2120 1877 2356 1955 generis
2396 1877 2459 1938 in
2502 1879 2553 1938 is
2596 1885 2831 1946 exeunt,

256 1988 324 2042 ut
366 1983 556 2043 Atreis
613 1982 826 2044 Cisseis
889 1981 1194 2044 Dardanis.
1281 1979 1396 2043 fllia
1453 1980 1612 2042 Atrei
1664 1980 1857 2042 Atreis
1908 1979 2152 2049 dicitur,
2210 1977 2329 2040 filia
2374 1979 2557 2041 Cissei
2594 1979 2825 2050 Cisseis,
2854 1992 2904 2035 ιο

255 2080 318 2143 id
363 2089 453 2143 est
493 2083 764 2154 Hecuba,
812 2084 995 2146 Cissei
1023 2083 1170 2156 fllia,
1217 2083 1437 2145 Priami
1465 2083 1622 2162 regis
1654 2099 1833 2143 uxor:
1878 2079 2169 2162 Vergilius
2212 2080 2528 2143 ‘Cisseis
2571 2081 2829 2160 regina

255 2183 498 2247 Parim
543 2190 814 2256 creat’;
864 2185 1118 2247 Scaevus
1159 2187 1222 2248 in
1266 2184 1564 2265 tragoedia

559 2287 974 2350 scindimus
1017 2295 1218 2350 atras
1261 2287 1504 2349 veteri
1544 2285 1853 2368 planctu
1898 2285 2182 2348 Cisseis
2225 2301 2482 2365 genas,

252 2387 314 2449 id
361 2395 450 2450 est
490 2387 730 2451 Hecuba
773 2387 890 2450 filia
935 2390 1146 2461 Cissei;
1192 2397 1252 2452 et

558 2508 700 2552 non
747 2507 878 2570 ego
920 2492 1450 2572 Myrmidonum
1497 2491 1712 2553 sedes
1757 2490 2207 2570 Dolopumve
2250 2491 2617 2572 superbas
2852 2503 2905 2544 2⁰

561 2594 940 2674 aspiciam
986 2600 1107 2656 aut
1149 2593 1360 2656 Grais
1404 2594 1759 2656 servitum
1802 2592 2163 2656 matribus
2208 2589 2330 2655 ibo

559 2694 930 2757 Dardanis
975 2703 1046 2757 et
1089 2695 1296 2758 divae
1342 2693 1652 2758 Vene‘ris
1695 2713 1943 2758 nurus

251 2794 334 2860 de
388 2798 732 2878 possessivis
787 2797 1142 2861 nominibus.
1231 2805 1370 2860 sunt
1422 2796 1534 2859 alia
1597 2799 1954 2878 possessiva,
2010 2814 2161 2879 quae
2204 2816 2237 2861 a
2294 2796 2649 2879 possidendo
2693 2815 2831 2878 pos-

249 2901 472 2962 sessiva
545 2900 698 2962 dicta
769 2906 934 2972 sunt,
1010 2907 1075 2961 ut
1147 2898 1607 2962 ‘Euandrius
1679 2901 1935 2971 ensis’,
2009 2918 2183 2980 quem
2257 2899 2533 2962 Euander
2602 2899 2827 2970 hahuit,

253 3001 646 3064 ‘Hectorei
689 3003 932 3064 socii’.
991 2999 1262 3085 [nomina
1303 3000 1619 3083 simplicia,
1665 3009 1731 3062 ut
1772 3003 1976 3064 iustus.
2038 3001 2183 3064 haec
2226 3000 2619 3065 conlationem
2660 2998 2689 3086 ΙΙ
2734 3019 2827 3064 re·
2854 3012 2905 3054 ὕ

251 3104 496 3184 cipiunt,
542 3111 608 3166 ut
649 3103 856 3166 iustior
897 3102 1300 3186 iustissimus]

421 3205 508 3267 De
549 3205 920 3286 homonymis
961 3208 1300 3287 synonymis
1343 3205 1434 3266 vel
1475 3205 1863 3288 polyonymiS.
1948 3212 2088 3266 sunt
2127 3223 2449 3286 synonyma
2491 3204 2583 3268 vel
2626 3205 2829 3288 polyo-

249 3326 459 3388 nyma,
507 3314 573 3369 ut
615 3315 774 3369 terra
818 3308 1060 3382 humus,
1107 3310 1264 3370 ensis
1309 3326 1516 3370 mucro
1558 3307 1805 3388 gladius.
1892 3307 2041 3370 haec
2084 3309 2241 3369 enim
2288 3307 2533 3369 diversis
2576 3307 2830 3371 vocabu-

247 3409 324 3472 lis
377 3426 556 3471 unam
614 3408 835 3472 habent
888 3411 1394 3490 significationem.
1481 3411 1629 3472 haec
1683 3417 1775 3472 est
1829 3410 1988 3472 enim
2037 3416 2225 3480 terra,
2285 3427 2435 3490 quae
2479 3417 2539 3472 et
2578 3409 2828 3481 humus;

250 3512 358 3573 sed
400 3519 601 3572 tamen
647 3519 737 3574 est
778 3512 1139 3574 differentia:
1187 3513 1548 3592 generaliter
1580 3511 1798 3593 ubique
1830 3520 1989 3575 terra
2016 3518 2136 3582 est,
2183 3529 2303 3573 uon
2332 3510 2553 3592 ubique
2581 3511 2823 3582 humus;
2854 3525 2907 3567 ao

249 3623 312 3676 et
353 3615 416 3676 in
459 3612 784 3694 parietibus
825 3622 988 3677 terra
1031 3622 1150 3688 est,
1195 3615 1311 3677 hoc
1352 3623 1444 3678 est
1485 3617 1548 3678 in
1591 3607 1877 3678 lateribus
1898 3662 1915 3686 ,
1963 3623 2021 3678 et
2050 3631 2169 3676 non
2202 3621 2293 3677 est
2322 3615 2567 3685 humus;
2612 3613 2829 3678 humus

386 3805 421 3853 4
447 3809 663 3869 temysto
690 3805 741 3854 L
831 3811 950 3854 sunt
963 3805 1140 3866 priore
1165 3806 1273 3856 loco
1296 3819 1388 3858 om.
1413 3803 1462 3852 L
1559 3806 1591 3855 7
1615 3812 1734 3854 sunt
1754 3819 1846 3856 om.
1870 3806 1918 3856 L
2006 3818 2137 3868 quae
2162 3818 2223 3854 ea
2246 3803 2495 3862 uocabulo
2514 3805 2565 3854 L
2666 3803 2701 3854 9
2720 3803 2829 3854 aeci

247 3887 415 3940 nepos
435 3888 620 3924 oaecus
650 3875 698 3924 L
786 3871 998 3940 Statius]
1022 3873 1200 3924 Aonia.
1226 3877 1246 3924 1
1273 3875 1298 3924 l
1399 3873 1461 3924 12
1487 3882 1540 3922 ut
1558 3875 1771 3924 aenidos
1789 3875 1838 3925 L
1925 3881 1980 3923 ut
2007 3875 2223 3924 recteius
2243 3874 2292 3923 L
2400 3873 2465 3925 15
2485 3873 2591 3924 filia
2614 3872 2827 3924 chisseis

249 3961 302 4010 io
344 3968 423 4010 est
465 3961 662 4011 hecuba
697 3945 886 4012 chaos&
923 3959 1028 4010 nna
1074 3959 1225 4025 primi
1266 3961 1313 4010 l,
1481 3959 1544 4010 16
1581 3959 1867 4027 vergilius]
1916 3959 2047 4015 Aen.
2088 3959 2133 4009 x
2170 3959 2275 4011 705
2416 3959 2481 4010 17
2518 3942 2827 4011 soacinen.-

247 4031 462 4081 Ραωυὶί
493 4046 670 4082 versus·
705 4045 817 4082 ease
851 4031 1077 4081 videtur:
1113 4029 1183 4093 cf.
1221 4028 1366 4084 Serv.
1403 4033 1454 4081 in
1485 4029 1643 4095 Vera.
1669 4028 1801 4084 Aen.
1840 4030 1933 4080 Vll
1971 4029 2074 4082 320
2109 4031 2291 4097 regina
2309 4031 2513 4081 Hecuba
2547 4029 2827 4081 secundum

247 4099 546 4166 Euripidem
583 4101 690 4151 fllia
721 4101 912 4164 Cissei,
949 4115 1098 4162 quem
1139 4100 1329 4150 Ennius
1366 4101 1616 4150 Pacuvius
1655 4108 1704 4150 et
1740 4100 2001 4166 Vergilius
2048 4107 2327 4163 sequuntur
2539 4100 2602 4151 17
2638 4099 2828 4150 scindi-

247 4170 418 4220 dimus
449 4169 460 4234 Ι
490 4179 680 4221 stratas
715 4170 874 4221 veteri
910 4170 1119 4236 planctu
1139 4207 1154 4228 ,
1211 4167 1432 4232 Cisseis,
1487 4185 1648 4237 genas
1699 4169 2011 4220 scribendum
2044 4185 2157 4221 esse
2188 4172 2398 4222 coniecit
2434 4169 2492 4221 0.
2528 4167 2829 4220 Ribbeckius

387 4242 552 4290 ueteri
588 4241 853 4307 palanctus
890 4241 1052 4306 (corr.
1091 4239 1350 4306 planctus)
1401 4239 1618 4290 chisseis
1661 4253 1823 4306 genas
1860 4240 1932 4304 id,
1968 4239 2194 4291 haecaue
2240 4239 2347 4290 filia
2383 4254 2414 4290 a
2450 4237 2646 4304 (deleta
2679 4253 2710 4289 a
2744 4241 2827 4290 lit-

247 4308 390 4373 tera)
419 4309 606 4361 chissei
643 4311 691 4361 L
830 4311 900 4361 20
934 4325 1035 4360 non
1074 4323 1171 4377 ego
1198 4311 1541 4361 mercidonum
1579 4309 1658 4360 L:
1710 4313 1867 4375 Vera.
1903 4309 2034 4366 Aen.
2068 4309 2243 4362 [1785
2348 4310 2413 4361 21
2452 4310 2647 4375 g-aius
2688 4323 2823 4359 corr.

247 4380 388 4446 grais
424 4379 472 4429 L
611 4382 680 4434 22
716 4380 918 4432 ueneris
953 4395 1108 4430 nurus
1148 4379 1194 4430 L
1335 4381 1400 4432 23
1437 4390 1555 4432 sunt
1583 4381 1686 4431 alia
1726 4381 2022 4445 possessiua
2055 4389 2110 4429 ut
2145 4379 2419 4430 euandrius
2456 4379 2595 4430 ensis
2628 4393 2760 4442 quae
2794 4394 2826 4428 a

247 4449 568 4516 possidendo
603 4452 872 4518 possesiua
914 4450 1046 4501 dicta
1083 4459 1203 4502 sunt
1238 4465 1388 4513 quem
1424 4453 1472 4502 L
1612 4452 1680 4503 24
1715 4445 2026 4514 Euandrius]
2075 4450 2231 4516 Verq.
2270 4450 2401 4502 Aen.
2438 4448 2487 4498 X
2514 4447 2619 4501 394
2757 4451 2826 4502 25

246 4518 504 4570 haectorei
545 4522 624 4573 L:
669 4524 828 4586 Vera.
849 4519 980 4572 Aen.
1008 4520 1054 4568 V
1080 4521 1184 4571 190
1300 4522 1502 4572 nomina
1537 4520 1793 4587 simplicia
1812 4520 2205 4570 —iustissimus
2237 4523 2401 4572 alieno
2433 4523 2541 4570 loco
2567 4519 2735 4583 posita
2758 4519 2831 4570 ad

246 4606 312 4642 ea
345 4594 607 4653 pertinere
637 4593 884 4654 videntur,
921 4605 1056 4656 quae
1087 4591 1228 4654 infra
1265 4591 1386 4652 538,
1411 4590 1480 4642 34
1513 4591 1578 4642 de
1607 4590 1885 4643 nomnibus
1908 4591 2144 4641 Romanis
2175 4589 2476 4654 einiplicibus
2504 4597 2555 4640 et
2586 4589 2825 4654 deincoem

245 4661 311 4711 de
347 4659 583 4723 epithetis
616 4663 876 4727 disputata
909 4668 1044 4714 sunt.
1117 4668 1333 4710 ceterum
1365 4664 1417 4712 in
1442 4661 1521 4712 his
1548 4677 1679 4727 quae
1708 4662 1945 4724 praxeae
1976 4667 2213 4711 sectantur
2244 4677 2352 4712 cam
2372 4663 2591 4723 plur-ima
2623 4659 2826 4712 tan-bata

243 4745 358 4782 esee
395 4739 667 4796 appareat,
702 4733 928 4796 singulas
953 4731 1264 4796 gramatici
1293 4730 1668 4783 observationes
1713 4746 1806 4781 suo
1856 4733 1966 4781 loeo
2014 4733 2300 4796 relinquere
2349 4733 2510 4782 satim
2542 4731 2695 4782 viarm
2728 4739 2824 4792 est,

245 4815 394 4867 quam
421 4802 802 4867 &amonendo
831 4803 1010 4853 iustum
1031 4801 1254 4853 ordinem
1275 4803 1548 4853 restituere
1687 4802 1755 4852 27
1784 4801 1861 4851 De
1889 4798 2198 4851 honomonia
2232 4801 2501 4868 synonima
2526 4799 2609 4852 nel
2642 4801 2821 4867 polyo-

247 4871 382 4921 nima
421 4871 471 4923 L
