3434 5442
1164 339 1592 402 CATHOMCA
1637 341 1662 402 l
1709 341 1918 402 4-12
2802 345 2839 404 5

341 468 382 508 p.
416 456 624 498 ina-u
655 456 708 498 r.
2455 471 2499 510 ρ.
2530 459 2617 500 103.
2637 458 2661 498 a
2688 457 2736 502 1..

245 546 368 588 rem
423 528 674 604 generis
725 527 1038 591 masculini
1093 535 1153 589 et
1201 529 1465 590 seminini
1515 529 1578 590 ui
1622 530 1909 607 separatis
1954 529 2151 600 saciet,
2210 530 2347 590 huic
2387 531 2645 598 senatui,
2700 528 2841 590 huic

245 632 471 700 manui,
519 633 724 692 neutri
769 650 808 692 u
849 631 1003 700 sola,
1049 631 1188 692 huic
1233 649 1450 700 cornu;
1507 631 1902 692 accusativum
1949 633 2183 709 generis
2222 629 2527 692 masculini
2574 639 2629 692 et
2674 631 2838 692 femi-

247 733 368 794 nini
411 752 535 802 um,
581 733 750 794 hunc
791 741 1080 803 senatum,
1119 733 1272 794 hanc
1313 751 1586 802 manum,
1633 733 1825 794 neutri
1860 752 1919 803 u,
1963 734 2075 794 boc
2117 751 2321 794 cornu.
2410 735 2735 794 vocativum
2777 735 2837 792 in

249 835 408 896 omni
465 851 694 912 genere
749 834 998 896 similem
1057 835 1228 896 faciet
1279 837 1666 905 nominativo,
1726 853 1761 893 o
1802 831 2103 916 senafftus,
2165 853 2204 894 o
2245 853 2481 906 manus,
2552 853 2587 894 o
2630 851 2836 896 cornu.

249 937 566 998 ablativum
613 953 654 996 u
693 935 1036 998 terminabit
1081 939 1140 997 in
1181 939 1638 1014 omni-genere,
1683 935 1761 998 ab
1804 936 1916 997 hoc
1956 944 2191 1006 senatu,
2238 937 2311 997 ab
2358 937 2468 997 hac
2498 955 2716 1006 -manu,
2760 935 2835 996 ab
2891 961 2915 1000 5

249 1039 362 1100 boc
414 1057 629 1099 cornu.
721 1040 1142 1100 nominativum
1213 1039 1604 1100 accusativum
1671 1047 1731 1100 et
1794 1040 2120 1099 vocativum
2187 1037 2445 1118 plurales
2508 1039 2566 1099 in
2621 1056 2842 1117 genere

247 1139 578 1200 masculino
627 1149 686 1202 et
731 1140 1010 1200 feminino
1064 1158 1136 1202 us
1181 1139 1399 1220 syllaba
1457 1139 1823 1210 terminabit,
1883 1147 1948 1201 ut
1989 1140 2053 1200 hi
2090 1146 2149 1202 et
2190 1141 2333 1210 hae,
2376 1141 2487 1200 hos
2531 1146 2592 1202 et
2634 1141 2741 1200 has
2782 1147 2842 1201 et

245 1261 282 1302 o
345 1249 594 1304 senatus
659 1259 898 1313 manuS,
964 1243 1162 1304 neutri
1212 1259 1354 1303 vero
1411 1261 1474 1313 a,
1540 1242 1688 1302 baec
1748 1260 1785 1301 o
1840 1261 2099 1312 cornua;
2170 1243 2499 1320 genetivum
2564 1244 2623 1302 in
2680 1244 2842 1302 omni

245 1363 472 1424 genere
501 1363 626 1414 um,
674 1345 886 1406 borum
925 1351 1251 1412 senatuum,
1291 1343 1500 1404 harum
1533 1362 1833 1414 manuum,
1864 1343 2081 1406 horum
2114 1362 2432 1412 cornuum;
2480 1343 2735 1404 dativum
2782 1352 2843 1404 et

245 1445 570 1508 ablativum
643 1448 702 1507 in
764 1449 924 1507 omni
979 1463 1198 1524 genere
1259 1442 1402 1515 buS,
1473 1450 1536 1505 ut
1589 1445 1660 1506 ab
1705 1446 1799 1506 his
1854 1447 2152 1507 senatibus
2210 1446 2482 1507 manibus
2538 1445 2834 1506 cornibus
2868 1470 2916 1512 ιο

248 1550 496 1627 quintae
539 1547 948 1610 declinationis
987 1548 1214 1608 dativus
1259 1546 1574 1625 singularis
1614 1545 1823 1608 similis
1858 1551 1970 1608 erit
2012 1549 2279 1624 genetivo
2325 1549 2377 1608 ei
2414 1549 2700 1626 separatis
2740 1555 2842 1609 aut

245 1651 548 1730 producto
605 1657 709 1712 aut
757 1657 1034 1729 correpto
1077 1667 1110 1710 e
1157 1656 1294 1710 ante
1341 1649 1391 1718 i,
1453 1648 1596 1709 huic
1635 1650 1883 1728 speciei,
1940 1649 2079 1710 huic
2126 1651 2244 1718 rei;
2304 1651 2668 1710 accusativus
2723 1669 2839 1719 em,

245 1754 402 1814 banc
457 1755 753 1833 speciem:
825 1753 1119 1812 vocativus
1175 1749 1378 1811 similis
1436 1751 1548 1812 erit
1595 1752 1983 1819 nominativo,
2043 1770 2078 1811 o
2132 1752 2391 1830 species;
2468 1749 2750 1812 ablativus
2806 1771 2839 1812 e

247 1854 563 1934 producto,
608 1853 682 1916 ab
727 1853 838 1914 hac
869 1855 1084 1932 specie.
1163 1852 1320 1913 unde
1361 1853 1486 1914 dies
1531 1871 1751 1930 genere
1798 1853 2077 1914 feminino
2117 1852 2461 1914 declinanda
2502 1859 2607 1922 est,
2649 1871 2838 1933 quon-

247 1959 364 2018 iam
408 1956 644 2018 nullum
687 1973 900 2016 nomen
941 1955 1212 2016 Latinum
1267 1954 1558 2015 invenitur
1614 1956 1850 2030 generis
1902 1954 2209 2016 masculini
2264 1953 2513 2016 ablativo
2556 1953 2838 2032 singulari
2867 1978 2915 2018 ιε»

249 2079 282 2120 e
337 2059 640 2138 producto
699 2059 1098 2118 terminatum.
1187 2057 1580 2117 nominativus
1637 2058 2003 2118 accusativus
2068 2054 2323 2134 plurales
2382 2055 2601 2117 similes
2666 2063 2842 2116 erunt

247 2161 615 2222 nominativo
653 2158 940 2237 singulari
983 2164 1040 2220 et
1085 2176 1148 2219 es
1189 2157 1690 2228 terminabuntur,
1744 2158 1855 2220 hae
1901 2166 1959 2219 et
2002 2159 2107 2219 bas
2153 2166 2210 2219 et
2254 2178 2289 2219 o
2328 2160 2572 2238 species,
2661 2175 2840 2234 gene-

249 2266 398 2324 tivus
435 2261 854 2324 indifferenter
898 2267 956 2322 et
998 2278 1130 2322 rum
1177 2266 1238 2322 et
1277 2277 1376 2320 um
1419 2261 1697 2339 accipiet,
1742 2260 1955 2322 harum
1998 2262 2329 2339 specierum
2372 2259 2461 2322 vel
2506 2262 2839 2339 specieum;

246 2366 478 2426 dativus
519 2371 584 2426 et
627 2362 914 2424 ablativus
955 2361 1088 2431 bus,
1133 2362 1226 2424 his
1271 2367 1329 2422 et
1372 2361 1445 2422 ab
1487 2362 1578 2423 his
1621 2362 1951 2442 speciebus.

416 2467 586 2543 Ergo
629 2467 908 2545 quoniam
951 2465 1216 2542 genetivo
1259 2462 1542 2542 singulari
1583 2471 1824 2544 reperto
1870 2465 2141 2526 facillime
2194 2465 2455 2528 omnium
2497 2465 2837 2526 declinatio·
2866 2488 2918 2530 2⁰

243 2587 388 2630 num
433 2569 680 2629 nomina
728 2565 1128 2636 declinantur,
1178 2566 1510 2628 docendum
1557 2574 1673 2636 est,
1724 2566 1909 2645 qualis
1955 2569 2345 2630 nominativus
2388 2566 2619 2648 qualem
2668 2567 2842 2628 saciet

247 2673 613 2750 genetivum.
703 2676 1023 2730 tractemus
1059 2669 1240 2746 igitur
1283 2687 1391 2747 per
1433 2667 1689 2746 singulas
1730 2669 1951 2731 litteras
1994 2668 2082 2729 vel
2126 2669 2379 2750 syllabas
2420 2670 2838 2730 nominativum

245 2773 636 2852 singularem,
685 2791 755 2834 ex
797 2789 916 2850 quo
951 2772 1258 2848 genetivus
1291 2771 1562 2840 trabitur,
1610 2790 1729 2852 quo
1773 2774 2005 2849 cognito
2048 2774 2355 2853 utriusque
2396 2771 2630 2833 numeri
2673 2789 2843 2832 casus

247 2875 530 2938 facillime
582 2873 1050 2935 declinabantur.
1141 2872 1244 2934 sed
1297 2857 1430 2933 an'te
1481 2872 1554 2933 de
1599 2875 1957 2934 nominatim
2015 2875 2273 2954 quinque
2323 2874 2777 2936 declinationum
2829 2873 2835 2954 !

243 2979 512 3040 breviter
557 2983 908 3046 tractemuS,
956 2975 1172 3054 quibus
1213 2973 1422 3036 litteris
1477 2973 1566 3035 vel
1609 2974 1846 3056 syllabis
1892 2975 1980 3038 vel
2020 2977 2211 3038 modis
2266 2995 2379 3038 una
2424 2994 2694 3057 quaeque
2738 2976 2837 3034 de·
2866 2997 2918 3038 π

248 3080 488 3142 clinatio
537 3079 958 3140 nominativum
996 3080 1277 3138 terminat
1311 3075 1690 3154 singularem.
1756 3079 1979 3156 primae
2011 3078 2415 3153 declinationis
2448 3079 2842 3138 nominativus

249 3182 574 3262 singularis
609 3183 676 3242 fit
707 3180 898 3240 modis
927 3179 1134 3251 tribuS,
1183 3197 1234 3249 a,
1281 3199 1364 3248 as,
1412 3197 1476 3239 es
1509 3178 1817 3258 producta,
1863 3187 2035 3258 poeta
2065 3189 2293 3259 poetae,
2335 3181 2561 3242 Aeneas
2588 3182 2841 3249 Aeneae,
2930 3189 2938 3196 ·

245 3285 538 3350 Anchises
585 3282 895 3348 Anchisae.
967 3282 1262 3345 secundae
1294 3281 1700 3343 declinationis
1744 3285 2137 3344 nominativus
2186 3281 2503 3360 singularis
2544 3283 2610 3342 tit
2653 3281 2843 3342 modis

251 3391 546 3467 quinque,
603 3403 703 3446 um
747 3403 814 3446 er
861 3385 912 3444 ir
955 3403 1058 3446 eus
1089 3381 1114 3466 ΙΙ
1147 3403 1248 3452 us,
1295 3402 1546 3461 regnum
1593 3385 1795 3463 regni,
1842 3403 1991 3463 puer
2037 3387 2238 3464 pueri,
2283 3386 2367 3445 vir
2410 3386 2548 3454 viri,
2596 3399 2843 3462 magnus

252 3491 466 3570 magni,
513 3488 756 3568 Tydeus
783 3485 984 3567 Tydei.
1073 3487 1284 3548 tertiae
1321 3486 1729 3548 declinationis
1772 3489 2163 3549 nominativus
2206 3485 2517 3565 singularis
2556 3487 2621 3547 sst
2649 3485 2840 3546 modis
2868 3502 2919 3544 ao

253 3591 640 3674 quadraginta
673 3606 810 3656 uno.
855 3607 910 3658 a,
942 3609 992 3656 e,
1043 3607 1078 3648 o
1101 3597 1391 3666 correpta,
1431 3608 1466 3650 o
1495 3589 1801 3668 producta,
1848 3609 1899 3658 c,
1930 3597 1969 3659 t,
2003 3587 2076 3660 al,
2110 3589 2181 3658 el,
2226 3588 2283 3658 il,
2322 3587 2380 3648 ol
2406 3589 2715 3668 producta,
2758 3585 2837 3656 ul,

251 3715 320 3756 an
363 3694 698 3774 producta,
743 3708 818 3754 en
863 3697 1166 3770 correpta,
1211 3709 1288 3752 en
1325 3693 1645 3771 producta,
1699 3709 1776 3752 on
1824 3699 2126 3770 correpta,
2170 3709 2247 3751 on
2282 3691 2601 3769 producta,
2646 3709 2730 3760 ar,
2776 3708 2843 3751 er

255 3802 548 3876 correpta,
599 3813 669 3856 er
709 3793 1013 3874 producta,
1057 3809 1145 3865 or,
1187 3812 1280 3864 ur,
1319 3813 1402 3863 as,
1449 3811 1514 3856 es
1551 3800 1843 3873 correpta,
1890 3815 1955 3856 es
1988 3793 2293 3874 producta,
2338 3795 2405 3865 is,
2450 3812 2517 3855 os
2552 3799 2842 3870 correpta,

253 3919 316 3960 os
355 3899 688 3979 producta,
733 3915 806 3958 us
841 3901 1144 3973 correpta,
1189 3914 1260 3956 us
1294 3895 1612 3973 producta,
1670 3915 1775 3966 ax,
1823 3915 1893 3958 ex
1940 3904 2239 3974 correpta,
2286 3915 2355 3958 ex
2404 3893 2719 3973 producta,
2762 3895 2839 3963 ix,

382 4063 448 4113 17
489 4053 838 4122 nominativo]
882 4065 930 4104 et
965 4057 1199 4108 uocatiuo
1231 4059 1622 4121 super-emmam
1658 4060 1815 4108 estin
1849 4057 1900 4108 B
2076 4057 2141 4108 18
2179 4057 2431 4122 accipient
2460 4055 2513 4106 B
2660 4056 2723 4106 21
2764 4053 2841 4104 fa-

258 4133 342 4180 ciat
377 4145 414 4188 ς
561 4133 776 4208 22-pe1·0
795 4131 1191 4195 simeram-iperet:
1221 4135 1302 4177 est
1331 4129 1382 4176 in
1417 4127 1468 4178 B
1604 4129 1674 4179 24
1707 4128 2027 4178 declinantur
2050 4143 2186 4177 corr.
2230 4125 2621 4176 declinabuntur
2652 4127 2705 4176 B

259 4237 314 4285 27
345 4237 394 4288 i.
437 4251 516 4286 as,
553 4209 927 4298 ee.⁸producta
965 4233 1012 4282 B
1161 4232 1228 4282 28
1267 4231 1432 4283 modis
1464 4248 1556 4282 sex
1588 4248 1643 4281 er
1671 4233 1714 4282 ir
1752 4249 1812 4282 ur
1850 4249 1909 4284 us
1947 4247 2037 4282 eus
2074 4247 2159 4280 um
2196 4240 2250 4280 ut
2288 4246 2415 4296 puer
2451 4230 2596 4294 pueri
2626 4231 2707 4278 uir
2740 4229 2841 4278 uiri

258 4315 382 4353 satur
409 4305 578 4354 saturi
615 4317 841 4368 magnus
882 4303 1053 4369 magni
1089 4303 1273 4367 tydeus
1309 4303 1446 4367 tydei
1485 4317 1696 4369 regnum
1736 4303 1881 4367 regni
1911 4317 1947 4365 p
1978 4310 2029 4352 et
2066 4301 2330 4351 Putat-hius
2444 4299 2513 4350 29
2550 4313 2635 4348 um
2670 4315 2761 4349 eus
2798 4301 2842 4348 ir

261 4391 306 4424 ns
329 4391 382 4425 er
413 4376 470 4426 B
655 4373 722 4425 31
768 4373 998 4436 fortasse
1050 4373 1212 4422 modis
1251 4373 1590 4438 quadraginta
1621 4374 1840 4426 duobus.
1898 4389 2011 4422 nam
2052 4379 2125 4422 tot
2157 4371 2421 4434 adam-ipen
2456 4377 2573 4420 sunt
2611 4373 2843 4434 escenipla

371 4457 456 4534 afe
491 4485 744 4544 correpta
781 4492 812 4526 o
839 4493 870 4526 e
909 4477 1103 4539 (deleta
1138 4491 1167 4524 c
1199 4477 1394 4539 littera)
1429 4485 1448 4525 t
1483 4475 1530 4526 al
1565 4476 1655 4526 B:
1690 4491 1717 4525 a
1757 4484 1991 4542 correpta
2024 4492 2053 4526 e
2087 4475 2333 4539 producto
2370 4489 2397 4523 e
2431 4483 2662 4540 correpto
2700 4490 2728 4524 o
2756 4485 2843 4526 cor

261 4565 282 4598 ο
309 4552 554 4616 producto
597 4559 618 4598 t
659 4549 710 4598 al
753 4547 800 4598 el
840 4547 879 4596 il
919 4547 968 4595 ol
1005 4548 1054 4596 ul
1093 4561 1156 4596 an
1193 4561 1252 4596 en
1292 4555 1522 4611 correpta
1559 4561 1621 4596 en
1661 4547 1909 4611 producta
1945 4560 2011 4594 on
2048 4553 2277 4609 correpta
2313 4559 2376 4595 on
2417 4545 2663 4609 producta
2697 4559 2755 4594 ar
2788 4561 2845 4596 er

261 4633 464 4688 correpta
505 4637 566 4671 er
599 4619 868 4686 producta
905 4631 964 4668 or
1000 4631 1058 4666 ur
1095 4631 1152 4666 as
1188 4631 1242 4665 es
1279 4625 1510 4682 correpta
1562 4633 1616 4666 es
1655 4617 1899 4683 producta
1954 4617 1999 4666 is
2046 4631 2105 4666 os
2135 4623 2365 4680 correpta
2410 4629 2467 4664 os
2503 4616 2743 4679 producta
2782 4631 2842 4664 us

262 4703 460 4760 correpta
497 4707 566 4741 us
607 4692 876 4756 producta
916 4701 984 4736 ax
1015 4701 1078 4738 ex
1113 4688 1166 4735 ix
1203 4701 1266 4738 ox
1299 4689 1388 4737 co?
1429 4701 1496 4736 ox
1533 4687 1730 4751 produ&
1764 4703 1833 4735 ux
1871 4702 1907 4749 p
2079 4685 2123 4734 ol
2169 4700 2258 4734 om.
2295 4683 2343 4733 B
2513 4685 2578 4736 32
2628 4701 2689 4734 en
2725 4693 2843 4736 ante

259 4773 458 4830 correpta
491 4779 593 4814 om.
629 4761 685 4811 B
875 4756 946 4809 33
991 4771 1047 4805 as
1085 4771 1140 4806 es
1175 4757 1422 4824 producta
1456 4771 1510 4807 es
1549 4765 1779 4821 correpta
1814 4757 1859 4808 is
1903 4771 1959 4806 os
1998 4756 2243 4822 producta
2281 4770 2338 4805 os
2377 4763 2606 4820 correpta
2640 4769 2701 4802 us
2726 4769 2841 4819 pro-

258 4833 478 4884 ductaax
517 4831 578 4883 B
