3434 5442
929 306 1321 367 INSTITVTA
1360 306 1639 368 ARTIVM
1692 306 2010 368 104-111
2673 308 2754 371 63

302 434 347 473 ρ.
376 420 458 461 m.
478 420 529 461 τι
557 422 607 462 n.
2408 422 2570 465 24¹1.ae
2599 422 2653 463 v.

212 492 484 569 pan-auvos
516 490 603 552 vel
636 490 1023 571 superlativus
1060 493 1294 571 gradus,
1342 510 1453 555 nec
1478 510 1595 555 non
1630 501 1688 557 et
1716 494 1830 555 tria
1864 495 2098 555 nomina
2139 435 2424 565 anomalia,
2471 501 2754 575 quantum

210 594 343 653 ratio
384 593 679 668 poscebat,
728 596 1122 656 tractavimus.

360 695 527 757 Nunc
568 696 843 775 quoniam
890 713 1064 776 quem
1099 696 1173 757 ad
1204 696 1443 758 modum
1484 715 1555 759 ex
1584 708 1696 759 suo
1727 714 1956 776 genere
1991 696 2313 760 masculino
2357 696 2575 777 gradus
2616 715 2756 757 con-

205 794 417 857 lationis
453 796 597 858 fiant
638 798 1019 866 ostendimus,
1066 805 1124 859 et
1160 799 1293 859 ideo
1336 800 1449 860 iam
1488 798 1561 860 de
1605 816 1823 877 genere
1867 800 2166 861 communi
2207 798 2572 878 incipiamus.

358 898 441 959 De
484 916 705 977 genere
748 901 1063 961 communi.
1137 902 1465 961 communis
1506 902 1741 978 generis
1785 902 2040 971 nomina,
2085 902 2170 963 sic
2209 903 2292 962 uti
2335 918 2512 979 supra
2553 900 2756 962 docui·
2805 925 2834 965 3

204 1020 339 1069 mus,
376 1002 435 1062 in
480 1002 727 1077 positivo
756 1002 943 1079 gradu
988 1002 1343 1063 nominativo
1390 1020 1529 1063 casu
1572 1004 1806 1063 numeri
1835 1000 2148 1080 singularis
2189 1001 2382 1064 tribus
2425 1001 2518 1062 his
2551 1002 2757 1062 formis

204 1102 543 1163 definiuntur
590 1111 845 1171 tantum,
906 1098 973 1165 er
1014 1101 1055 1164 il
1100 1104 1166 1163 is.
1256 1120 1417 1164 nunc
1478 1104 1800 1165 earundem
1853 1100 2180 1184 ratiojlnem
2237 1102 2584 1173 subicimus,
2641 1122 2756 1183 qua

202 1204 570 1265 dinoscantur
614 1206 881 1273 nomina,
940 1223 1115 1285 quem
1160 1204 1231 1265 ad
1276 1205 1537 1277 modum,
1580 1223 1651 1265 ex
1688 1204 1832 1284 ipsis
1875 1187 2078 1266 formis
2136 1206 2355 1283 gradus
2409 1204 2758 1267 conlationis

202 1306 383 1367 facere
429 1312 697 1385 possunt.

356 1408 439 1469 De
483 1428 573 1469 er.
660 1426 1067 1489 quaecumque
1106 1410 1340 1469 nomina
1388 1409 1621 1487 generis
1666 1410 1996 1470 communis
2035 1408 2095 1469 in
2133 1410 2380 1487 positivo
2421 1408 2606 1487 gradu
2652 1425 2756 1469 no·
2781 1432 2834 1477 10

202 1511 463 1571 minativo
525 1528 671 1571 casu
734 1511 963 1571 numeri
1028 1508 1341 1587 singularis
1398 1529 1464 1571 er
1519 1510 1730 1572 litteris
1783 1498 2173 1580 deliniuntur,
2231 1511 2282 1569 si
2333 1512 2758 1590 comparativos

204 1611 403 1689 gradus
458 1630 533 1671 ex
580 1630 643 1673 se
686 1611 884 1673 facere
935 1619 1211 1691 possunt,
1280 1612 1429 1673 haec
1490 1614 1547 1673 in
1604 1612 1796 1673 dativo
1845 1630 1985 1673 casu
2049 1612 2280 1673 numeri
2337 1610 2648 1691 singularis
2689 1630 2757 1673 or

202 1711 467 1791 syllabam
510 1715 812 1793 accipiunt
854 1721 911 1775 et
948 1713 1405 1791 comparativum
1453 1713 1699 1792 gradum
1734 1716 1970 1791 generis
2011 1716 2100 1775 sui
2140 1714 2486 1784 ostendunt;
2538 1712 2760 1777 scilicet

202 1814 483 1893 quoniam,
530 1816 619 1876 sic
662 1818 745 1875 uti
786 1834 965 1893 supra
1008 1814 1344 1884 docuimus,
1392 1817 1746 1895 quicumque
1793 1811 2190 1898 comlparativi
2240 1816 2458 1895 gradus
2493 1804 2757 1878 nomina-

204 1918 305 1975 tivo
352 1934 487 1978 casu
534 1918 775 1977 numeri
812 1914 1127 1993 singularis
1170 1918 1259 2001 ior
1302 1916 1511 1978 litteris
1554 1917 1912 1979 definiuntur
1955 1925 2012 1979 et
2054 1935 2174 1980 non
2218 1936 2292 1980 ex
2333 1916 2430 1979 illa
2469 1918 2758 1996 positione
2783 1942 2838 1984 ιο

202 2016 438 2089 formae,
496 2036 617 2098 qua
672 2036 741 2079 ex
792 2036 1011 2098 genere
1063 2019 1389 2081 masculino
1443 2022 1803 2081 nominativo
1845 2036 1982 2081 casu
2037 2021 2270 2081 numeri
2319 2018 2638 2097 singularis.
2687 2036 2759 2081 ex

200 2118 389 2181 litteris
432 2123 683 2183 nomina
726 2120 1100 2191 definiuntur,
1147 2121 1345 2183 venire
1388 2120 1840 2199 intelleguntur,
1879 2122 1946 2187 hi
1987 2122 2222 2199 generis
2263 2123 2590 2183 communis
2631 2114 2760 2183 csse

202 2224 599 2301 reperiuntur,
661 2230 729 2285 ut
762 2230 901 2301 puta
964 2224 1063 2284 hic
1104 2231 1163 2284 et
1199 2224 1345 2285 haec
1386 2242 1523 2285 acer
1576 2224 1752 2285 huius
1794 2226 1946 2285 acris
1991 2223 2128 2285 huic
2167 2225 2323 2294 acri,
2370 2223 2470 2285 hic
2513 2232 2572 2284 et
2612 2222 2760 2284 haec

202 2325 379 2383 acrior
422 2323 625 2385 facere
666 2324 893 2387 debeat.
982 2343 1141 2385 nunc
1184 2326 1387 2387 eadem
1432 2344 1611 2405 supra
1655 2324 1792 2386 dicti
1837 2326 2070 2404 generis
2111 2312 2378 2395 nomina,
2425 2343 2575 2405 quae
2611 2325 2758 2404 dixi-

203 2443 319 2487 ·us
368 2427 429 2487 in
474 2444 659 2505 supra
704 2427 859 2488 dicto
899 2427 1091 2503 ‚gradu
1144 2429 1497 2488 nominativo
1542 2444 1681 2488 casu
1735 2429 1965 2489 numeri
2003 2426 2315 2504 singularis
2367 2446 2544 2507 supra
2603 2426 2758 2489 dicta
2783 2450 2837 2493 20

206 2524 375 2589 torma
428 2528 697 2596 definiri,
756 2531 819 2589 in
858 2530 1047 2589 dativo
1096 2548 1235 2591 casu
1289 2532 1523 2591 numeri
1564 2528 1880 2608 singularis
1930 2548 2000 2591 us
2039 2528 2318 2609 syllabam
2369 2530 2664 2608 accipiunt
2704 2536 2761 2590 et

204 2646 309 2690 non
368 2638 599 2692 tantum
668 2633 1128 2709 comparativum
1192 2632 1439 2711 gradum
1505 2632 1742 2710 generis
1806 2634 2000 2692 neutri
2060 2630 2164 2693 sed
2231 2638 2288 2692 et
2347 2630 2759 2693 adverbiorum

206 2733 534 2803 ostenduam
584 2732 809 2795 scilicet
847 2734 1123 2812 quoniam
1174 2735 1527 2813 quicumque
1552 2736 1946 2813 ⁴comparativi
1981 2732 2200 2809 gradus
2235 2734 2588 2794 nominativo
2623 2751 2759 2795 casu

204 2837 416 2895 numeri
460 2834 783 2911 singularis
826 2837 919 2896 ius
958 2833 1165 2897 litteris
1206 2836 1578 2907 definiuntur,
1618 2834 1681 2895 hi
1717 2852 1836 2896 non
1879 2842 2105 2896 tantum
2150 2835 2386 2913 generis
2427 2837 2620 2896 neutri
2657 2835 2760 2897 sed

204 2942 255 2993 et
297 2936 711 2998 adverbiorum
756 2938 1164 3015 reperiuntur,
1224 2944 1289 2999 ut
1330 2940 1471 3017 'puta
1540 2936 1637 2998 hic
1687 2945 1745 2999 et
1793 2938 1940 2999 haec
1983 2955 2120 2999 acer
2175 2938 2312 2997 huic
2358 2938 2509 3005 acri,
2567 2938 2835 3001 acriusss

202 3040 419 3115 utrique
457 3038 841 3117 respondeat,
930 3038 1031 3100 sed
1070 3047 1209 3099 tnnc
1254 3039 1315 3100 hi
1364 3040 1597 3117 generis
1641 3042 1838 3101 neutri
1881 3056 2008 3101 esse
2050 3040 2457 3118 reperiuntur,
2505 3039 2758 3119 quando,

204 3140 279 3197 sic
308 3142 389 3201 uti
432 3159 618 3219 supra
664 3141 933 3209 diximus,
978 3140 1295 3217 generibus
1340 3142 1563 3203 neutris
1607 3142 1770 3219 iungi
1813 3142 2202 3209 inveniuntur,
2249 3148 2315 3201 ut
2349 3149 2486 3218 puta
2532 3142 2762 3203 ‘acrius

204 3248 475 3304 acetum’.
564 3251 629 3302 at
670 3260 809 3303 vero
852 3244 1087 3323 quando
1140 3261 1257 3305 non
1317 3243 1633 3322 generibus
1686 3242 1942 3313 neutris,
1998 3243 2098 3304 sed
2155 3259 2290 3303 cum
2341 3241 2448 3303 alia
2506 3241 2765 3323 qualibet

206 3352 355 3419 parte
396 3346 687 3406 orationis
730 3347 1066 3416 miscentur,
1108 3344 1519 3408 adverbiorum
1562 3362 1691 3407 esse
1733 3345 2206 3426 pronuntiantur,
2249 3351 2315 3405 ut
2353 3344 2553 3423 puta‘
2569 3346 2763 3406 acrius

206 3447 587 3523 respondet&
626 3448 711 3509 sic
744 3454 801 3508 et
834 3447 928 3508 alii
968 3449 1342 3527 comparativi
1378 3448 1612 3525 gradus»,
1660 3447 1894 3527 quando
1925 3450 2128 3526 generi
2161 3453 2374 3509 neutro
2403 3446 2495 3507 vel
2525 3445 2760 3527 quando
2787 3470 2840 3513 ae

208 3548 477 3611 adverbiis
542 3551 969 3629 respondeant,
1026 3550 1459 3628 intelleguntur.
1549 3568 1709 3611 nunc
1767 3550 1912 3611 11333
1969 3549 2170 3612 eadem
2231 3550 2469 3609 nomina
2528 3549 2764 3627 generis

208 3651 409 3713 scilicet
450 3653 803 3721 communis,
848 3672 1001 3733 quae
1042 3652 1297 3714 diximus
1342 3654 1401 3713 in
1438 3654 1683 3732 positivo
1723 3653 1912 3730 gradu
1955 3651 2306 3713 nominativo
2352 3668 2490 3713 casu
2531 3652 2764 3711 numeri

208 3752 507 3832 singularis
552 3773 625 3817 er
662 3753 870 3816 litteris
912 3754 1177 3826 definiri,
1242 3756 1293 3815 si
1341 3755 1726 3839 superlativus
1765 3755 1986 3832 gradus
2043 3774 2116 3817 ex
2158 3772 2222 3815 se
2263 3754 2460 3815 facere
2501 3760 2762 3832 possunt.

211 3854 261 3913 in
308 3855 517 3919 eodem
566 3858 921 3919 nominativo
978 3874 1117 3917 casu
1170 3859 1403 3918 numeri
1458 3856 1770 3933 singularis
1822 3858 2008 3917 rimus
2059 3854 2310 3936 syllabas
2363 3856 2658 3934 accipiunt
2703 3862 2766 3917 et

212 3958 611 4035 superlativum
654 3959 898 4038 gradum
938 3960 1173 4037 generis
1209 3958 1514 4019 masculini
1560 3959 1894 4030 ostendunt,
1940 3967 2006 4019 ut
2037 3967 2178 4037 puta
2223 3960 2318 4019 hic
2353 3966 2412 4019 et
2449 3958 2610 4019 baec
2625 3976 2762 4019 acer
2787 3976 2838 4019 ss

212 4056 294 4117 liic
330 4064 659 4123 acerrimus
696 4062 893 4124 facere
936 4060 1165 4123 debeat.
1228 4062 1391 4123 item·
1412 4060 1561 4122 11333
1604 4060 1806 4122 eadem
1851 4076 2030 4139 supra
2073 4061 2213 4121 dicti
2254 4062 2487 4139 generis
2525 4060 2762 4120 nomina

214 4158 261 4217 in
299 4179 469 4241 supra
502 4163 663 4223 dicto
706 4182 845 4225 casu
882 4166 1029 4224 rima
1078 4162 1331 4243 syllabas
1372 4164 1669 4242 accipiunt
1710 4170 1770 4225 et
1796 4162 2210 4241 superlativum
2240 4162 2485 4240 gradum
2529 4161 2764 4238 generis

216 4260 459 4325 feminini
504 4266 839 4334 ostendunt,
888 4274 955 4327 ut
996 4272 1137 4345 puta
1182 4266 1277 4327 hic
1320 4272 1374 4327 et
1418 4265 1565 4327 haec
1595 4282 1732 4326 acer
1775 4264 1923 4325 haec
1965 4266 2256 4325 acerrima
2300 4266 2498 4325 facere
2532 4263 2761 4325 debeat.

217 4370 267 4422 at
300 4384 433 4427 vero
478 4368 629 4429 haec
672 4367 873 4429 eadem
916 4385 1094 4447 supra
1140 4369 1279 4429 dicti
1324 4370 1557 4446 generis
1599 4368 1836 4428 nomina
1879 4368 1939 4428 in
1984 4384 2162 4446 supra
2191 4366 2348 4428 dicto
2381 4384 2520 4427 casu
2548 4366 2762 4427 rimum

336 4570 367 4621 5
402 4572 670 4623 docuimus
706 4589 737 4622 r
770 4573 1036 4656 posuimus
1069 4574 1115 4625 R
1243 4574 1273 4623 7
1311 4580 1503 4622 tantum
1539 4587 1632 4623 om,
1668 4570 1734 4631 R,
1768 4571 1890 4621 add.
1921 4587 1952 4620 r
2060 4571 2120 4622 11
2158 4571 2205 4620 si
2235 4587 2266 4619 r
2301 4579 2350 4622 et
2385 4571 2432 4622 R
2541 4571 2605 4623 lo
2641 4568 2762 4638 qua]

219 4650 333 4721 quae
360 4640 431 4692 Ru
606 4643 669 4693 1⁷
706 4645 909 4694 nomina
938 4658 1029 4694 om.
1070 4644 1146 4695 R:
1182 4643 1503 4703 definiuntur,
1539 4641 1746 4691 nomina
1783 4642 1956 4691 venire
1990 4658 2017 4691 v
2193 4642 2257 4691 19
2300 4642 2514 4692 debeant
2551 4642 2625 4693 Ro

218 4708 273 4753 27
308 4710 446 4778 iungi
478 4713 803 4763 inveniuntur
838 4731 895 4764 νυ
925 4716 1204 4781 iunguntur
1236 4714 1281 4765 R
1459 4714 1527 4765 33
1562 4712 1760 4762 deliniri
1786 4728 1845 4761 ro
1882 4712 2194 4764 deliniuntur
2223 4714 2271 4765 R
2411 4710 2480 4767 34
2523 4714 2684 4762 rimus
2719 4712 2763 4762 R

220 4777 329 4828 rima
359 4796 390 4829 r
522 4782 593 4835 35
628 4786 832 4850 generis
862 4786 1132 4834 masculini
1168 4801 1197 4834 υ
1230 4783 1435 4851 generis
1468 4784 1699 4835 feminini
1731 4798 1764 4832 r
1801 4785 1996 4833 numeri
2033 4784 2310 4852 singularis
2345 4785 2392 4837 R
