<?xml version="1.0" encoding="UTF-8"?>
<!DOCTYPE html PUBLIC "-//W3C//DTD XHTML 1.0 Transitional//EN"
    "http://www.w3.org/TR/xhtml1/DTD/xhtml1-transitional.dtd">
<html xmlns="http://www.w3.org/1999/xhtml" xml:lang="en" lang="en">
 <head>
  <title>
</title>
<meta http-equiv="Content-Type" content="text/html;charset=utf-8" />
  <meta name='ocr-system' content='tesseract 3.04.00' />
  <meta name='ocr-capabilities' content='ocr_page ocr_carea ocr_par ocr_line ocrx_word'/>
</head>
<body>
  <div class='ocr_page' id='page_1' title='image "./grammaticilatin01unkngoog_0539.png"; bbox 0 0 3434 5442; ppageno 0'>
   <div class='ocr_carea' id='block_1_1' title="bbox 683 349 2078 418">
    <p class='ocr_par' dir='ltr' id='par_1_1' title="bbox 683 349 2078 418">
     <span class='ocr_line' id='line_1_1' title="bbox 683 349 2078 418; baseline -0.005 0"><span class='ocrx_word' id='word_1_1' title='bbox 683 358 763 418; x_wconf 82' lang='lat'><strong>47</strong></span> <span class='ocrx_word' id='word_1_2' title='bbox 768 355 806 418; x_wconf 88' lang='lat'><em>8</em></span> <span class='ocrx_word' id='word_1_3' title='bbox 1005 393 1012 398; x_wconf 83' lang='lat'><strong>·</strong></span> <span class='ocrx_word' id='word_1_4' title='bbox 1832 349 2078 412; x_wconf 86' lang='lat' dir='ltr'><strong>SERGlI</strong></span> 
     </span>
    </p>
   </div>
   <div class='ocr_carea' id='block_1_2' title="bbox 629 457 3229 1333">
    <p class='ocr_par' dir='ltr' id='par_1_2' title="bbox 681 457 3228 926">
     <span class='ocr_line' id='line_1_2' title="bbox 783 457 3143 512; baseline 0.002 -14"><span class='ocrx_word' id='word_1_5' title='bbox 783 471 829 512; x_wconf 76' lang='lat' dir='ltr'><strong>p.</strong></span> <span class='ocrx_word' id='word_1_6' title='bbox 861 459 975 501; x_wconf 63' lang='grc' dir='ltr'><strong>ιω.</strong></span> <span class='ocrx_word' id='word_1_7' title='bbox 1011 459 1062 500; x_wconf 78' lang='lat'><strong>³0</strong></span> <span class='ocrx_word' id='word_1_8' title='bbox 1089 459 1136 498; x_wconf 74' lang='grc' dir='ltr'><strong>ν.</strong></span> <span class='ocrx_word' id='word_1_9' title='bbox 2828 469 2875 510; x_wconf 73' lang='grc' dir='ltr'><strong>μ.</strong></span> <span class='ocrx_word' id='word_1_10' title='bbox 2902 459 2992 500; x_wconf 76' lang='lat' dir='ltr'><strong>m.</strong></span> <span class='ocrx_word' id='word_1_11' title='bbox 3020 457 3071 499; x_wconf 72' lang='lat' dir='ltr'><strong>vs</strong></span> <span class='ocrx_word' id='word_1_12' title='bbox 3092 457 3143 502; x_wconf 82' lang='lat' dir='ltr'><strong>v.</strong></span> 
     </span>
     <span class='ocr_line' id='line_1_3' title="bbox 683 533 3224 620; baseline 0 -20"><span class='ocrx_word' id='word_1_13' title='bbox 683 557 861 600; x_wconf 88' lang='lat' dir='ltr'><strong>unam</strong></span> <span class='ocrx_word' id='word_1_14' title='bbox 889 537 1150 600; x_wconf 80' lang='lat' dir='ltr'><strong>vocalem</strong></span> <span class='ocrx_word' id='word_1_15' title='bbox 1177 555 1230 617; x_wconf 78' lang='lat' dir='ltr'><strong>y,</strong></span> <span class='ocrx_word' id='word_1_16' title='bbox 1278 533 1539 620; x_wconf 67' lang='lat' dir='ltr'><strong>altelram</strong></span> <span class='ocrx_word' id='word_1_17' title='bbox 1585 535 1883 616; x_wconf 76' lang='lat' dir='ltr'><strong>duplicem</strong></span> <span class='ocrx_word' id='word_1_18' title='bbox 1926 546 2354 598; x_wconf 76' lang='lat' dir='ltr'><strong>consonantem</strong></span> <span class='ocrx_word' id='word_1_19' title='bbox 2400 557 2431 597; x_wconf 90' lang='lat' dir='ltr'><strong>z</strong></span> <span class='ocrx_word' id='word_1_20' title='bbox 2478 538 2689 598; x_wconf 87' lang='lat' dir='ltr'><strong>Graeci</strong></span> <span class='ocrx_word' id='word_1_21' title='bbox 2746 554 2876 598; x_wconf 84' lang='lat' dir='ltr'><strong>esse</strong></span> <span class='ocrx_word' id='word_1_22' title='bbox 2922 535 3224 600; x_wconf 84' lang='lat' dir='ltr'><strong>voluerunt.</strong></span> 
     </span>
     <span class='ocr_line' id='line_1_4' title="bbox 681 637 3228 721; baseline 0 -21"><span class='ocrx_word' id='word_1_23' title='bbox 681 639 824 702; x_wconf 90' lang='lat' dir='ltr'><strong>illud</strong></span> <span class='ocrx_word' id='word_1_24' title='bbox 867 647 1178 721; x_wconf 87' lang='lat' dir='ltr'><strong>praeterea</strong></span> <span class='ocrx_word' id='word_1_25' title='bbox 1224 646 1412 702; x_wconf 88' lang='lat' dir='ltr'><strong>astute</strong></span> <span class='ocrx_word' id='word_1_26' title='bbox 1455 638 1628 702; x_wconf 86' lang='lat' dir='ltr'><strong>nobis</strong></span> <span class='ocrx_word' id='word_1_27' title='bbox 1671 638 1845 700; x_wconf 85' lang='lat' dir='ltr'><strong>datur</strong></span> <span class='ocrx_word' id='word_1_28' title='bbox 1886 637 2167 718; x_wconf 79' lang='lat' dir='ltr'><strong>intellegi,</strong></span> <span class='ocrx_word' id='word_1_29' title='bbox 2212 637 2389 718; x_wconf 83' lang='lat' dir='ltr'><strong>quod,</strong></span> <span class='ocrx_word' id='word_1_30' title='bbox 2436 655 2570 700; x_wconf 89' lang='lat' dir='ltr'><strong>cum</strong></span> <span class='ocrx_word' id='word_1_31' title='bbox 2612 640 2881 701; x_wconf 86' lang='lat' dir='ltr'><strong>omnium</strong></span> <span class='ocrx_word' id='word_1_32' title='bbox 2926 657 3228 702; x_wconf 84' lang='lat' dir='ltr'><strong>consonan-</strong></span> 
     </span>
     <span class='ocr_line' id='line_1_5' title="bbox 681 739 3225 822; baseline -0.001 -17"><span class='ocrx_word' id='word_1_33' title='bbox 681 745 828 806; x_wconf 86' lang='lat' dir='ltr'><strong>tium</strong></span> <span class='ocrx_word' id='word_1_34' title='bbox 871 744 982 804; x_wconf 87' lang='lat' dir='ltr'><strong>ista</strong></span> <span class='ocrx_word' id='word_1_35' title='bbox 1027 750 1235 804; x_wconf 82' lang='lat' dir='ltr'><strong>natura</strong></span> <span class='ocrx_word' id='word_1_36' title='bbox 1279 743 1385 812; x_wconf 90' lang='lat' dir='ltr'><strong>sit,</strong></span> <span class='ocrx_word' id='word_1_37' title='bbox 1431 749 1498 802; x_wconf 92' lang='lat' dir='ltr'><strong>ut</strong></span> <span class='ocrx_word' id='word_1_38' title='bbox 1542 739 1831 822; x_wconf 79' lang='lat' dir='ltr'><strong>quaedam</strong></span> <span class='ocrx_word' id='word_1_39' title='bbox 1876 758 2081 802; x_wconf 89' lang='lat' dir='ltr'><strong>earum</strong></span> <span class='ocrx_word' id='word_1_40' title='bbox 2125 740 2199 803; x_wconf 92' lang='lat' dir='ltr'><strong>ab</strong></span> <span class='ocrx_word' id='word_1_41' title='bbox 2238 757 2273 802; x_wconf 92' lang='lat' dir='ltr'><strong>e</strong></span> <span class='ocrx_word' id='word_1_42' title='bbox 2316 741 2602 820; x_wconf 80' lang='lat' dir='ltr'><strong>incipiant</strong></span> <span class='ocrx_word' id='word_1_43' title='bbox 2648 749 2707 800; x_wconf 89' lang='lat' dir='ltr'><strong>et</strong></span> <span class='ocrx_word' id='word_1_44' title='bbox 2746 742 2811 802; x_wconf 86' lang='lat' dir='ltr'><strong>in</strong></span> <span class='ocrx_word' id='word_1_45' title='bbox 2856 759 2921 801; x_wconf 88' lang='lat' dir='ltr'><strong>se</strong></span> <span class='ocrx_word' id='word_1_46' title='bbox 2960 741 3225 813; x_wconf 84' lang='lat' dir='ltr'><strong>desinant,</strong></span> 
     </span>
     <span class='ocr_line' id='line_1_6' title="bbox 681 841 3227 926; baseline 0 -20"><span class='ocrx_word' id='word_1_47' title='bbox 681 845 970 926; x_wconf 82' lang='lat' dir='ltr'><strong>quaedam</strong></span> <span class='ocrx_word' id='word_1_48' title='bbox 1025 864 1059 906; x_wconf 91' lang='lat' dir='ltr'><strong>a</strong></span> <span class='ocrx_word' id='word_1_49' title='bbox 1117 863 1182 906; x_wconf 91' lang='lat' dir='ltr'><strong>se</strong></span> <span class='ocrx_word' id='word_1_50' title='bbox 1223 844 1506 905; x_wconf 86' lang='lat' dir='ltr'><strong>inchoent</strong></span> <span class='ocrx_word' id='word_1_51' title='bbox 1546 850 1608 904; x_wconf 57' lang='lat' dir='ltr'><strong>&gt;et</strong></span> <span class='ocrx_word' id='word_1_52' title='bbox 1647 844 1710 903; x_wconf 91' lang='lat' dir='ltr'><strong>in</strong></span> <span class='ocrx_word' id='word_1_53' title='bbox 1756 861 1789 903; x_wconf 99' lang='lat' dir='ltr'><strong>e</strong></span> <span class='ocrx_word' id='word_1_54' title='bbox 1818 842 2120 916; x_wconf 84' lang='lat' dir='ltr'><strong>desinant,</strong></span> <span class='ocrx_word' id='word_1_55' title='bbox 2166 845 2313 904; x_wconf 83' lang='lat' dir='ltr'><strong>istae</strong></span> <span class='ocrx_word' id='word_1_56' title='bbox 2355 841 2512 904; x_wconf 85' lang='lat' dir='ltr'><strong>solae</strong></span> <span class='ocrx_word' id='word_1_57' title='bbox 2558 849 2831 922; x_wconf 80' lang='lat' dir='ltr'><strong>repertae</strong></span> <span class='ocrx_word' id='word_1_58' title='bbox 2871 845 3006 915; x_wconf 86' lang='lat' dir='ltr'><strong>sint,</strong></span> <span class='ocrx_word' id='word_1_59' title='bbox 3051 863 3084 904; x_wconf 90' lang='lat' dir='ltr'>x</span> <span class='ocrx_word' id='word_1_60' title='bbox 3124 844 3159 904; x_wconf 92' lang='lat' dir='ltr'><strong>h</strong></span> <span class='ocrx_word' id='word_1_61' title='bbox 3196 844 3227 906; x_wconf 80' lang='lat' dir='ltr'>k</span> 
     </span>
    </p>

    <p class='ocr_par' dir='ltr' id='par_1_3' title="bbox 629 943 3229 1333">
     <span class='ocr_line' id='line_1_7' title="bbox 629 943 3229 1028; baseline -0 -22"><span class='ocrx_word' id='word_1_62' title='bbox 629 965 656 1006; x_wconf 76' lang='lat' dir='ltr'><strong>s</strong></span> <span class='ocrx_word' id='word_1_63' title='bbox 681 967 720 1028; x_wconf 85' lang='lat' dir='ltr'><strong>q</strong></span> <span class='ocrx_word' id='word_1_64' title='bbox 765 967 800 1028; x_wconf 75' lang='lat' dir='ltr'><strong>y</strong></span> <span class='ocrx_word' id='word_1_65' title='bbox 845 967 909 1018; x_wconf 91' lang='lat' dir='ltr'><strong>z,</strong></span> <span class='ocrx_word' id='word_1_66' title='bbox 955 965 1104 1027; x_wconf 86' lang='lat' dir='ltr'><strong>quae</strong></span> <span class='ocrx_word' id='word_1_67' title='bbox 1149 965 1259 1007; x_wconf 89' lang='lat' dir='ltr'><strong>nec</strong></span> <span class='ocrx_word' id='word_1_68' title='bbox 1301 945 1374 1008; x_wconf 88' lang='lat' dir='ltr'><strong>ab</strong></span> <span class='ocrx_word' id='word_1_69' title='bbox 1420 964 1453 1006; x_wconf 99' lang='lat' dir='ltr'><strong>e</strong></span> <span class='ocrx_word' id='word_1_70' title='bbox 1496 945 1781 1006; x_wconf 87' lang='lat' dir='ltr'><strong>inchoant</strong></span> <span class='ocrx_word' id='word_1_71' title='bbox 1822 963 1935 1007; x_wconf 94' lang='lat' dir='ltr'><strong>nec</strong></span> <span class='ocrx_word' id='word_1_72' title='bbox 1976 947 2039 1006; x_wconf 86' lang='lat' dir='ltr'><strong>in</strong></span> <span class='ocrx_word' id='word_1_73' title='bbox 2086 965 2119 1006; x_wconf 94' lang='lat' dir='ltr'><strong>e</strong></span> <span class='ocrx_word' id='word_1_74' title='bbox 2162 944 2456 1006; x_wconf 89' lang='lat' dir='ltr'><strong>desinunt.</strong></span> <span class='ocrx_word' id='word_1_75' title='bbox 2533 953 2901 1023; x_wconf 83' lang='lat' dir='ltr'><strong>postremum</strong></span> <span class='ocrx_word' id='word_1_76' title='bbox 2942 943 3083 1006; x_wconf 83' lang='lat' dir='ltr'><strong>illud</strong></span> <span class='ocrx_word' id='word_1_77' title='bbox 3122 948 3229 1006; x_wconf 88' lang='lat' dir='ltr'><strong>ani·</strong></span> 
     </span>
     <span class='ocr_line' id='line_1_8' title="bbox 679 1045 3229 1128; baseline -0.001 -17"><span class='ocrx_word' id='word_1_78' title='bbox 679 1049 1162 1111; x_wconf 86' lang='lat' dir='ltr'><strong>madvertendum</strong></span> <span class='ocrx_word' id='word_1_79' title='bbox 1219 1057 1336 1119; x_wconf 87' lang='lat' dir='ltr'><strong>est,</strong></span> <span class='ocrx_word' id='word_1_80' title='bbox 1395 1047 1552 1126; x_wconf 85' lang='lat' dir='ltr'><strong>quod</strong></span> <span class='ocrx_word' id='word_1_81' title='bbox 1597 1049 1702 1109; x_wconf 89' lang='lat' dir='ltr'><strong>uni</strong></span> <span class='ocrx_word' id='word_1_82' title='bbox 1758 1049 1969 1128; x_wconf 88' lang='lat' dir='ltr'><strong>cuique</strong></span> <span class='ocrx_word' id='word_1_83' title='bbox 2012 1045 2243 1108; x_wconf 76' lang='lat' dir='ltr'><strong>litterae</strong></span> <span class='ocrx_word' id='word_1_84' title='bbox 2287 1045 2500 1108; x_wconf 88' lang='lat' dir='ltr'><strong>accidit</strong></span> <span class='ocrx_word' id='word_1_85' title='bbox 2543 1065 2791 1118; x_wconf 90' lang='lat' dir='ltr'><strong>nomen,</strong></span> <span class='ocrx_word' id='word_1_86' title='bbox 2838 1065 2957 1127; x_wconf 86' lang='lat' dir='ltr'><strong>quo</strong></span> <span class='ocrx_word' id='word_1_87' title='bbox 2994 1055 3229 1118; x_wconf 84' lang='lat' dir='ltr'><strong>vocetur,</strong></span> 
     </span>
     <span class='ocr_line' id='line_1_9' title="bbox 681 1147 3227 1232; baseline -0.001 -20"><span class='ocrx_word' id='word_1_88' title='bbox 681 1153 1018 1223; x_wconf 85' lang='lat' dir='ltr'><strong>character,</strong></span> <span class='ocrx_word' id='word_1_89' title='bbox 1065 1169 1182 1232; x_wconf 90' lang='lat' dir='ltr'><strong>quo</strong></span> <span class='ocrx_word' id='word_1_90' title='bbox 1226 1151 1539 1229; x_wconf 83' lang='lat' dir='ltr'><strong>figuretur,</strong></span> <span class='ocrx_word' id='word_1_91' title='bbox 1585 1157 1873 1230; x_wconf 86' lang='lat' dir='ltr'><strong>potestas,</strong></span> <span class='ocrx_word' id='word_1_92' title='bbox 1921 1167 2036 1230; x_wconf 83' lang='lat' dir='ltr'><strong>qua</strong></span> <span class='ocrx_word' id='word_1_93' title='bbox 2079 1147 2455 1228; x_wconf 80' lang='lat' dir='ltr'><strong>intellegatur</strong></span> <span class='ocrx_word' id='word_1_94' title='bbox 2498 1167 2575 1211; x_wconf 86' lang='lat' dir='ltr'><strong>an</strong></span> <span class='ocrx_word' id='word_1_95' title='bbox 2618 1151 2696 1211; x_wconf 90' lang='lat' dir='ltr'><strong>sit</strong></span> <span class='ocrx_word' id='word_1_96' title='bbox 2736 1147 2953 1211; x_wconf 81' lang='lat' dir='ltr'><strong>vocalis</strong></span> <span class='ocrx_word' id='word_1_97' title='bbox 2994 1167 3065 1210; x_wconf 84' lang='lat' dir='ltr'><strong>an</strong></span> <span class='ocrx_word' id='word_1_98' title='bbox 3104 1167 3227 1210; x_wconf 83' lang='lat' dir='ltr'><strong>con·</strong></span> 
     </span>
     <span class='ocr_line' id='line_1_10' title="bbox 677 1250 2151 1333; baseline -0.003 -16"><span class='ocrx_word' id='word_1_99' title='bbox 677 1271 896 1317; x_wconf 87' lang='lat' dir='ltr'><strong>sonans</strong></span> <span class='ocrx_word' id='word_1_100' title='bbox 940 1273 1014 1316; x_wconf 89' lang='lat' dir='ltr'><strong>an</strong></span> <span class='ocrx_word' id='word_1_101' title='bbox 1059 1251 1425 1316; x_wconf 82' lang='lat' dir='ltr'><strong>semivocalis</strong></span> <span class='ocrx_word' id='word_1_102' title='bbox 1467 1271 1544 1314; x_wconf 90' lang='lat' dir='ltr'><strong>an</strong></span> <span class='ocrx_word' id='word_1_103' title='bbox 1587 1259 1751 1314; x_wconf 85' lang='lat' dir='ltr'><strong>muta</strong></span> <span class='ocrx_word' id='word_1_104' title='bbox 1794 1270 1871 1313; x_wconf 89' lang='lat' dir='ltr'><strong>an</strong></span> <span class='ocrx_word' id='word_1_105' title='bbox 1912 1250 2151 1333; x_wconf 88' lang='lat' dir='ltr'><strong>liquida.</strong></span> 
     </span>
    </p>
   </div>
   <div class='ocr_carea' id='block_1_3' title="bbox 1721 1439 2211 1504">
    <p class='ocr_par' dir='ltr' id='par_1_4' title="bbox 1721 1439 2211 1504">
     <span class='ocr_line' id='line_1_11' title="bbox 1721 1439 2211 1504; baseline 0.004 -4"><span class='ocrx_word' id='word_1_106' title='bbox 1721 1439 1820 1504; x_wconf 91' lang='lat' dir='ltr'><strong>DE</strong></span> <span class='ocrx_word' id='word_1_107' title='bbox 1864 1439 2211 1502; x_wconf 75' lang='lat' dir='ltr'><strong>SYLLABA.</strong></span> 
     </span>
    </p>
   </div>
   <div class='ocr_carea' id='block_1_4' title="bbox 602 1568 3307 3703">
    <p class='ocr_par' dir='ltr' id='par_1_5' title="bbox 602 1568 3307 3703">
     <span class='ocr_line' id='line_1_12' title="bbox 602 1568 3231 1659; baseline -0.003 -18"><span class='ocrx_word' id='word_1_108' title='bbox 602 1607 655 1650; x_wconf 67' lang='grc' dir='ltr'><strong>ιο</strong></span> <span class='ocrx_word' id='word_1_109' title='bbox 851 1577 1083 1659; x_wconf 82' lang='lat' dir='ltr'><strong>Syllaba</strong></span> <span class='ocrx_word' id='word_1_110' title='bbox 1125 1576 1280 1638; x_wconf 85' lang='lat' dir='ltr'><strong>dicta</strong></span> <span class='ocrx_word' id='word_1_111' title='bbox 1324 1584 1414 1638; x_wconf 89' lang='lat' dir='ltr'><strong>est</strong></span> <span class='ocrx_word' id='word_1_112' title='bbox 1468 1595 1538 1637; x_wconf 85' lang='lat' dir='ltr'><strong>ex</strong></span> <span class='ocrx_word' id='word_1_113' title='bbox 1581 1576 2070 1656; x_wconf 84' lang='lat' dir='ltr'><strong>interpretatione</strong></span> <span class='ocrx_word' id='word_1_114' title='bbox 2116 1577 2341 1638; x_wconf 88' lang='lat' dir='ltr'><strong>Graeca</strong></span> <span class='ocrx_word' id='word_1_115' title='bbox 2384 1575 2552 1655; x_wconf 90' lang='lat' dir='ltr'><strong>quasi</strong></span> <span class='ocrx_word' id='word_1_116' title='bbox 2595 1568 2729 1635; x_wconf 77' lang='grc' dir='ltr'><strong>ἀπὸ</strong></span> <span class='ocrx_word' id='word_1_117' title='bbox 2786 1573 2913 1636; x_wconf 86' lang='grc' dir='ltr'><strong>τοῦ</strong></span> <span class='ocrx_word' id='word_1_118' title='bbox 2960 1573 3231 1654; x_wconf 77' lang='grc' dir='ltr'><strong><em>συλλαμ-</em></strong></span> 
     </span>
     <span class='ocr_line' id='line_1_13' title="bbox 676 1673 3229 1762; baseline -0.001 -21"><span class='ocrx_word' id='word_1_119' title='bbox 676 1675 916 1761; x_wconf 75' lang='grc' dir='ltr'><strong>βάνειν</strong></span> <span class='ocrx_word' id='word_1_120' title='bbox 970 1673 1051 1740; x_wconf 80' lang='grc' dir='ltr'><strong>τὰ</strong></span> <span class='ocrx_word' id='word_1_121' title='bbox 1103 1674 1485 1762; x_wconf 75' lang='grc' dir='ltr'><strong><em>γράμματα,</em></strong></span> <span class='ocrx_word' id='word_1_122' title='bbox 1553 1678 1626 1739; x_wconf 88' lang='lat' dir='ltr'><strong>ab</strong></span> <span class='ocrx_word' id='word_1_123' title='bbox 1685 1694 1757 1739; x_wconf 91' lang='lat' dir='ltr'><strong>eo</strong></span> <span class='ocrx_word' id='word_1_124' title='bbox 1812 1679 1969 1758; x_wconf 89' lang='lat' dir='ltr'><strong>quod</strong></span> <span class='ocrx_word' id='word_1_125' title='bbox 2025 1677 2430 1757; x_wconf 86' lang='lat' dir='ltr'><strong>conplectatur</strong></span> <span class='ocrx_word' id='word_1_126' title='bbox 2486 1687 2547 1739; x_wconf 89' lang='lat' dir='ltr'><strong>et</strong></span> <span class='ocrx_word' id='word_1_127' title='bbox 2599 1676 2967 1756; x_wconf 84' lang='lat' dir='ltr'><strong>conglutinet</strong></span> <span class='ocrx_word' id='word_1_128' title='bbox 3008 1675 3229 1738; x_wconf 70' lang='lat' dir='ltr'><strong>litteras».</strong></span> 
     </span>
     <span class='ocr_line' id='line_1_14' title="bbox 680 1777 3229 1863; baseline -0.002 -18"><span class='ocrx_word' id='word_1_129' title='bbox 680 1782 838 1845; x_wconf 91' lang='lat' dir='ltr'><strong>unde</strong></span> <span class='ocrx_word' id='word_1_130' title='bbox 881 1784 945 1843; x_wconf 90' lang='lat' dir='ltr'><strong>in</strong></span> <span class='ocrx_word' id='word_1_131' title='bbox 990 1781 1394 1863; x_wconf 89' lang='lat' dir='ltr'><strong>quaestionem</strong></span> <span class='ocrx_word' id='word_1_132' title='bbox 1437 1778 1582 1840; x_wconf 89' lang='lat' dir='ltr'><strong>illud</strong></span> <span class='ocrx_word' id='word_1_133' title='bbox 1629 1781 1813 1850; x_wconf 87' lang='lat' dir='ltr'><strong>venit,</strong></span> <span class='ocrx_word' id='word_1_134' title='bbox 1861 1798 2044 1861; x_wconf 88' lang='lat' dir='ltr'><strong>quare</strong></span> <span class='ocrx_word' id='word_1_135' title='bbox 2088 1798 2203 1841; x_wconf 90' lang='lat' dir='ltr'><strong>una</strong></span> <span class='ocrx_word' id='word_1_136' title='bbox 2246 1778 2467 1841; x_wconf 86' lang='lat' dir='ltr'><strong>vocalis</strong></span> <span class='ocrx_word' id='word_1_137' title='bbox 2511 1777 2732 1860; x_wconf 75' lang='lat' dir='ltr'><strong>syllaba</strong></span> <span class='ocrx_word' id='word_1_138' title='bbox 2778 1778 3011 1842; x_wconf 88' lang='lat' dir='ltr'><strong>dicitur.</strong></span> <span class='ocrx_word' id='word_1_139' title='bbox 3078 1778 3229 1840; x_wconf 84' lang='lat' dir='ltr'><strong>intel·</strong></span> 
     </span>
     <span class='ocr_line' id='line_1_15' title="bbox 679 1881 3233 1965; baseline -0.002 -19"><span class='ocrx_word' id='word_1_140' title='bbox 679 1884 994 1965; x_wconf 87' lang='lat' dir='ltr'><strong>legendum</strong></span> <span class='ocrx_word' id='word_1_141' title='bbox 1054 1892 1143 1944; x_wconf 92' lang='lat' dir='ltr'><strong>est</strong></span> <span class='ocrx_word' id='word_1_142' title='bbox 1199 1890 1397 1945; x_wconf 90' lang='lat' dir='ltr'><strong>tamen</strong></span> <span class='ocrx_word' id='word_1_143' title='bbox 1464 1882 1622 1962; x_wconf 85' lang='lat' dir='ltr'><strong>quod</strong></span> <span class='ocrx_word' id='word_1_144' title='bbox 1679 1883 1793 1943; x_wconf 87' lang='lat' dir='ltr'><strong>hoc</strong></span> <span class='ocrx_word' id='word_1_145' title='bbox 1851 1881 1964 1942; x_wconf 89' lang='lat' dir='ltr'><strong>sibi</strong></span> <span class='ocrx_word' id='word_1_146' title='bbox 2020 1881 2289 1952; x_wconf 85' lang='lat' dir='ltr'><strong>abusive,</strong></span> <span class='ocrx_word' id='word_1_147' title='bbox 2348 1899 2467 1943; x_wconf 90' lang='lat' dir='ltr'><strong>non</strong></span> <span class='ocrx_word' id='word_1_148' title='bbox 2511 1883 2741 1943; x_wconf 87' lang='lat' dir='ltr'><strong>ratione</strong></span> <span class='ocrx_word' id='word_1_149' title='bbox 2788 1881 3077 1964; x_wconf 82' lang='lat' dir='ltr'><strong>deposcat</strong></span> <span class='ocrx_word' id='word_1_150' title='bbox 3159 1891 3233 1941; x_wconf 65' lang='lat' dir='ltr'><strong>est</strong></span> 
     </span>
     <span class='ocr_line' id='line_1_16' title="bbox 683 1984 3230 2067; baseline -0.002 -18"><span class='ocrx_word' id='word_1_151' title='bbox 683 1989 858 2050; x_wconf 89' lang='lat' dir='ltr'><strong>etiam</strong></span> <span class='ocrx_word' id='word_1_152' title='bbox 904 1984 1125 2066; x_wconf 77' lang='lat' dir='ltr'><strong>syllaba</strong></span> <span class='ocrx_word' id='word_1_153' title='bbox 1169 1993 1505 2067; x_wconf 89' lang='lat' dir='ltr'><strong>temporum</strong></span> <span class='ocrx_word' id='word_1_154' title='bbox 1551 2003 1785 2064; x_wconf 84' lang='lat' dir='ltr'><strong>capax,-</strong></span> <span class='ocrx_word' id='word_1_155' title='bbox 1811 1986 1949 2064; x_wconf 90' lang='lat' dir='ltr'><strong>quia</strong></span> <span class='ocrx_word' id='word_1_156' title='bbox 1993 1993 2093 2046; x_wconf 85' lang='lat' dir='ltr'><strong>aut</strong></span> <span class='ocrx_word' id='word_1_157' title='bbox 2134 1985 2331 2046; x_wconf 86' lang='lat' dir='ltr'><strong>brevis</strong></span> <span class='ocrx_word' id='word_1_158' title='bbox 2361 1993 2451 2045; x_wconf 91' lang='lat' dir='ltr'><strong>est</strong></span> <span class='ocrx_word' id='word_1_159' title='bbox 2496 1993 2555 2045; x_wconf 95' lang='lat' dir='ltr'><strong>et</strong></span> <span class='ocrx_word' id='word_1_160' title='bbox 2594 2002 2783 2045; x_wconf 89' lang='lat' dir='ltr'><strong>unum</strong></span> <span class='ocrx_word' id='word_1_161' title='bbox 2828 1985 3067 2064; x_wconf 86' lang='lat' dir='ltr'><strong>suscipit</strong></span> <span class='ocrx_word' id='word_1_162' title='bbox 3102 1993 3230 2044; x_wconf 86' lang='lat' dir='ltr'><strong>tem·</strong></span> 
     </span>
     <span class='ocr_line' id='line_1_17' title="bbox 607 2081 3233 2170; baseline -0.003 -19"><span class='ocrx_word' id='word_1_163' title='bbox 607 2119 657 2162; x_wconf 76' lang='lat'><strong>15</strong></span> <span class='ocrx_word' id='word_1_164' title='bbox 683 2108 821 2170; x_wconf 85' lang='lat' dir='ltr'><strong>pus,</strong></span> <span class='ocrx_word' id='word_1_165' title='bbox 868 2096 970 2150; x_wconf 89' lang='lat' dir='ltr'><strong>aut</strong></span> <span class='ocrx_word' id='word_1_166' title='bbox 1011 2087 1186 2168; x_wconf 85' lang='lat' dir='ltr'><strong>longa</strong></span> <span class='ocrx_word' id='word_1_167' title='bbox 1232 2095 1291 2148; x_wconf 90' lang='lat' dir='ltr'><strong>et</strong></span> <span class='ocrx_word' id='word_1_168' title='bbox 1333 2088 1469 2149; x_wconf 90' lang='lat' dir='ltr'><strong>duo.</strong></span> <span class='ocrx_word' id='word_1_169' title='bbox 1531 2104 1738 2148; x_wconf 87' lang='lat' dir='ltr'><strong>omnes</strong></span> <span class='ocrx_word' id='word_1_170' title='bbox 1766 2086 1946 2165; x_wconf 88' lang='lat' dir='ltr'><strong>igitur</strong></span> <span class='ocrx_word' id='word_1_171' title='bbox 1990 2085 2245 2167; x_wconf 78' lang='lat' dir='ltr'><strong>syllabae</strong></span> <span class='ocrx_word' id='word_1_172' title='bbox 2291 2095 2391 2148; x_wconf 91' lang='lat' dir='ltr'><strong>aut</strong></span> <span class='ocrx_word' id='word_1_173' title='bbox 2432 2085 2644 2166; x_wconf 85' lang='lat' dir='ltr'><strong>longae</strong></span> <span class='ocrx_word' id='word_1_174' title='bbox 2687 2094 2826 2148; x_wconf 90' lang='lat' dir='ltr'><strong>sunt</strong></span> <span class='ocrx_word' id='word_1_175' title='bbox 2870 2093 2970 2147; x_wconf 89' lang='lat' dir='ltr'><strong>aut</strong></span> <span class='ocrx_word' id='word_1_176' title='bbox 2996 2081 3023 2169; x_wconf 81' lang='grc'><strong>11</strong></span> <span class='ocrx_word' id='word_1_177' title='bbox 3048 2085 3233 2145; x_wconf 62' lang='lat' dir='ltr'><strong>breves</strong></span> 
     </span>
     <span class='ocr_line' id='line_1_18' title="bbox 683 2183 3231 2270; baseline -0.003 -16"><span class='ocrx_word' id='word_1_178' title='bbox 683 2199 784 2254; x_wconf 89' lang='lat' dir='ltr'><strong>aut</strong></span> <span class='ocrx_word' id='word_1_179' title='bbox 825 2208 1190 2253; x_wconf 90' lang='lat' dir='ltr'><strong>communes.</strong></span> <span class='ocrx_word' id='word_1_180' title='bbox 1277 2188 1380 2250; x_wconf 89' lang='lat' dir='ltr'><strong>sed</strong></span> <span class='ocrx_word' id='word_1_181' title='bbox 1424 2188 1636 2268; x_wconf 82' lang='lat' dir='ltr'><strong>longae</strong></span> <span class='ocrx_word' id='word_1_182' title='bbox 1679 2187 1911 2250; x_wconf 92' lang='lat' dir='ltr'><strong>duobus</strong></span> <span class='ocrx_word' id='word_1_183' title='bbox 1954 2189 2149 2250; x_wconf 90' lang='lat' dir='ltr'><strong>modis</strong></span> <span class='ocrx_word' id='word_1_184' title='bbox 2188 2183 2363 2260; x_wconf 79' lang='lat' dir='ltr'><strong>fiunt,</strong></span> <span class='ocrx_word' id='word_1_185' title='bbox 2422 2195 2631 2250; x_wconf 88' lang='lat' dir='ltr'><strong>natura</strong></span> <span class='ocrx_word' id='word_1_186' title='bbox 2674 2197 2734 2250; x_wconf 91' lang='lat' dir='ltr'><strong>et</strong></span> <span class='ocrx_word' id='word_1_187' title='bbox 2774 2188 3093 2270; x_wconf 87' lang='lat' dir='ltr'><strong>positione:</strong></span> <span class='ocrx_word' id='word_1_188' title='bbox 3144 2205 3231 2247; x_wconf 89' lang='lat' dir='ltr'><strong>na-</strong></span> 
     </span>
     <span class='ocr_line' id='line_1_19' title="bbox 681 2289 3231 2372; baseline -0.003 -16"><span class='ocrx_word' id='word_1_189' title='bbox 681 2303 814 2356; x_wconf 88' lang='lat' dir='ltr'><strong>tura</strong></span> <span class='ocrx_word' id='word_1_190' title='bbox 859 2301 959 2356; x_wconf 88' lang='lat' dir='ltr'><strong>aut</strong></span> <span class='ocrx_word' id='word_1_191' title='bbox 1001 2292 1400 2372; x_wconf 85' lang='lat' dir='ltr'><strong>diphthongo,</strong></span> <span class='ocrx_word' id='word_1_192' title='bbox 1449 2297 1514 2352; x_wconf 93' lang='lat' dir='ltr'><strong>ut</strong></span> <span class='ocrx_word' id='word_1_193' title='bbox 1556 2310 1624 2352; x_wconf 91' lang='lat' dir='ltr'><strong>ae</strong></span> <span class='ocrx_word' id='word_1_194' title='bbox 1669 2310 1742 2351; x_wconf 89' lang='lat' dir='ltr'><strong>oe</strong></span> <span class='ocrx_word' id='word_1_195' title='bbox 1786 2309 1860 2351; x_wconf 91' lang='lat' dir='ltr'><strong>au</strong></span> <span class='ocrx_word' id='word_1_196' title='bbox 1906 2309 1980 2352; x_wconf 94' lang='lat' dir='ltr'><strong>eu</strong></span> <span class='ocrx_word' id='word_1_197' title='bbox 2026 2293 2109 2362; x_wconf 90' lang='lat' dir='ltr'><strong>ei,</strong></span> <span class='ocrx_word' id='word_1_198' title='bbox 2156 2299 2257 2354; x_wconf 90' lang='lat' dir='ltr'><strong>aut</strong></span> <span class='ocrx_word' id='word_1_199' title='bbox 2299 2289 2665 2370; x_wconf 83' lang='lat' dir='ltr'><strong>singularum</strong></span> <span class='ocrx_word' id='word_1_200' title='bbox 2708 2289 2997 2353; x_wconf 86' lang='lat' dir='ltr'><strong>vocalium</strong></span> <span class='ocrx_word' id='word_1_201' title='bbox 3038 2289 3231 2371; x_wconf 88' lang='lat' dir='ltr'><strong>produ-</strong></span> 
     </span>
     <span class='ocr_line' id='line_1_20' title="bbox 685 2392 3231 2474; baseline -0.002 -16"><span class='ocrx_word' id='word_1_202' title='bbox 685 2399 909 2467; x_wconf 86' lang='lat' dir='ltr'><strong>ctione,</strong></span> <span class='ocrx_word' id='word_1_203' title='bbox 971 2403 1038 2456; x_wconf 90' lang='lat' dir='ltr'><strong>ut</strong></span> <span class='ocrx_word' id='word_1_204' title='bbox 1080 2413 1113 2455; x_wconf 92' lang='lat' dir='ltr'><strong>a</strong></span> <span class='ocrx_word' id='word_1_205' title='bbox 1159 2413 1192 2455; x_wconf 88' lang='lat' dir='ltr'><strong>e</strong></span> <span class='ocrx_word' id='word_1_206' title='bbox 1235 2395 1255 2456; x_wconf 92' lang='lat' dir='ltr'><strong>i</strong></span> <span class='ocrx_word' id='word_1_207' title='bbox 1298 2414 1333 2456; x_wconf 93' lang='lat' dir='ltr'><strong>o</strong></span> <span class='ocrx_word' id='word_1_208' title='bbox 1379 2413 1435 2456; x_wconf 91' lang='lat' dir='ltr'><strong>u.</strong></span> <span class='ocrx_word' id='word_1_209' title='bbox 1523 2396 1816 2474; x_wconf 88' lang='lat' dir='ltr'><strong>positione</strong></span> <span class='ocrx_word' id='word_1_210' title='bbox 1872 2392 2065 2454; x_wconf 86' lang='lat' dir='ltr'><strong>modis</strong></span> <span class='ocrx_word' id='word_1_211' title='bbox 2120 2401 2399 2474; x_wconf 84' lang='lat' dir='ltr'><strong>quattuor</strong></span> <span class='ocrx_word' id='word_1_212' title='bbox 2441 2394 2618 2465; x_wconf 86' lang='lat' dir='ltr'><strong>fiunt,</strong></span> <span class='ocrx_word' id='word_1_213' title='bbox 2665 2412 2799 2454; x_wconf 89' lang='lat' dir='ltr'><strong>cum</strong></span> <span class='ocrx_word' id='word_1_214' title='bbox 2846 2401 2949 2454; x_wconf 88' lang='lat' dir='ltr'><strong>aut</strong></span> <span class='ocrx_word' id='word_1_215' title='bbox 2990 2401 3231 2471; x_wconf 76' lang='lat' dir='ltr'><strong>correpta</strong></span> 
     </span>
     <span class='ocr_line' id='line_1_21' title="bbox 683 2494 3233 2574; baseline -0.003 -14"><span class='ocrx_word' id='word_1_216' title='bbox 683 2498 900 2560; x_wconf 86' lang='lat' dir='ltr'><strong>vocalis</strong></span> <span class='ocrx_word' id='word_1_217' title='bbox 941 2500 1005 2559; x_wconf 93' lang='lat' dir='ltr'><strong>in</strong></span> <span class='ocrx_word' id='word_1_218' title='bbox 1050 2497 1195 2559; x_wconf 89' lang='lat' dir='ltr'><strong>duas</strong></span> <span class='ocrx_word' id='word_1_219' title='bbox 1239 2495 1457 2558; x_wconf 88' lang='lat' dir='ltr'><strong>desinit</strong></span> <span class='ocrx_word' id='word_1_220' title='bbox 1501 2504 1922 2567; x_wconf 83' lang='lat' dir='ltr'><strong>consonanteS,</strong></span> <span class='ocrx_word' id='word_1_221' title='bbox 1980 2503 2046 2557; x_wconf 88' lang='lat' dir='ltr'><strong>ut</strong></span> <span class='ocrx_word' id='word_1_222' title='bbox 2088 2497 2306 2568; x_wconf 89' lang='lat' dir='ltr'><strong>amnis,</strong></span> <span class='ocrx_word' id='word_1_223' title='bbox 2353 2506 2453 2557; x_wconf 89' lang='lat' dir='ltr'><strong>aut</strong></span> <span class='ocrx_word' id='word_1_224' title='bbox 2494 2497 2557 2555; x_wconf 91' lang='lat' dir='ltr'><strong>in</strong></span> <span class='ocrx_word' id='word_1_225' title='bbox 2603 2513 2779 2556; x_wconf 89' lang='lat' dir='ltr'><strong>unam</strong></span> <span class='ocrx_word' id='word_1_226' title='bbox 2828 2494 3141 2574; x_wconf 86' lang='lat' dir='ltr'><strong>duplicem,</strong></span> <span class='ocrx_word' id='word_1_227' title='bbox 3178 2501 3233 2554; x_wconf 89' lang='lat' dir='ltr'><strong>ut</strong></span> 
     </span>
     <span class='ocr_line' id='line_1_22' title="bbox 609 2597 3233 2672; baseline -0.002 -10"><span class='ocrx_word' id='word_1_228' title='bbox 609 2631 661 2672; x_wconf 80' lang='lat'><strong>20</strong></span> <span class='ocrx_word' id='word_1_229' title='bbox 687 2602 840 2671; x_wconf 83' lang='lat' dir='ltr'><strong>axis,</strong></span> <span class='ocrx_word' id='word_1_230' title='bbox 900 2607 1000 2660; x_wconf 90' lang='lat' dir='ltr'><strong>aut</strong></span> <span class='ocrx_word' id='word_1_231' title='bbox 1054 2601 1116 2660; x_wconf 91' lang='lat' dir='ltr'><strong>in</strong></span> <span class='ocrx_word' id='word_1_232' title='bbox 1173 2597 1418 2660; x_wconf 89' lang='lat' dir='ltr'><strong>alteram</strong></span> <span class='ocrx_word' id='word_1_233' title='bbox 1479 2605 1903 2660; x_wconf 87' lang='lat' dir='ltr'><strong>consonantem</strong></span> <span class='ocrx_word' id='word_1_234' title='bbox 1960 2604 2019 2658; x_wconf 91' lang='lat' dir='ltr'><strong>et</strong></span> <span class='ocrx_word' id='word_1_235' title='bbox 2078 2597 2320 2660; x_wconf 87' lang='lat' dir='ltr'><strong>alteram</strong></span> <span class='ocrx_word' id='word_1_236' title='bbox 2378 2597 2641 2659; x_wconf 85' lang='lat' dir='ltr'><strong>vocalem</strong></span> <span class='ocrx_word' id='word_1_237' title='bbox 2698 2597 2832 2659; x_wconf 89' lang='lat' dir='ltr'><strong>loco</strong></span> <span class='ocrx_word' id='word_1_238' title='bbox 2888 2599 3233 2658; x_wconf 87' lang='lat' dir='ltr'><strong>consonantis</strong></span> 
     </span>
     <span class='ocr_line' id='line_1_23' title="bbox 683 2699 3229 2784; baseline -0.002 -20"><span class='ocrx_word' id='word_1_239' title='bbox 683 2705 968 2784; x_wconf 90' lang='lat' dir='ltr'><strong>positam,</strong></span> <span class='ocrx_word' id='word_1_240' title='bbox 1016 2709 1082 2763; x_wconf 89' lang='lat' dir='ltr'><strong>ut</strong></span> <span class='ocrx_word' id='word_1_241' title='bbox 1125 2709 1185 2763; x_wconf 87' lang='lat' dir='ltr'><strong>at</strong></span> <span class='ocrx_word' id='word_1_242' title='bbox 1226 2709 1416 2771; x_wconf 82' lang='lat' dir='ltr'><strong>vateS,</strong></span> <span class='ocrx_word' id='word_1_243' title='bbox 1464 2711 1523 2762; x_wconf 89' lang='lat' dir='ltr'><strong>at</strong></span> <span class='ocrx_word' id='word_1_244' title='bbox 1567 2701 1789 2771; x_wconf 77' lang='lat' dir='ltr'><strong>VenuS,</strong></span> <span class='ocrx_word' id='word_1_245' title='bbox 1836 2707 1937 2762; x_wconf 89' lang='lat' dir='ltr'><strong>aut</strong></span> <span class='ocrx_word' id='word_1_246' title='bbox 1980 2701 2041 2760; x_wconf 87' lang='lat' dir='ltr'><strong>in</strong></span> <span class='ocrx_word' id='word_1_247' title='bbox 2087 2701 2106 2759; x_wconf 94' lang='lat' dir='ltr'><strong>i</strong></span> <span class='ocrx_word' id='word_1_248' title='bbox 2149 2702 2399 2781; x_wconf 86' lang='lat' dir='ltr'><strong>positam</strong></span> <span class='ocrx_word' id='word_1_249' title='bbox 2444 2703 2603 2762; x_wconf 89' lang='lat' dir='ltr'><strong>inter</strong></span> <span class='ocrx_word' id='word_1_250' title='bbox 2647 2699 2793 2762; x_wconf 88' lang='lat' dir='ltr'><strong>duas</strong></span> <span class='ocrx_word' id='word_1_251' title='bbox 2837 2699 3094 2770; x_wconf 76' lang='lat' dir='ltr'><strong>vocaleS,</strong></span> <span class='ocrx_word' id='word_1_252' title='bbox 3134 2709 3188 2760; x_wconf 82' lang='lat' dir='ltr'><strong>ut</strong></span> <span class='ocrx_word' id='word_1_253' title='bbox 3224 2720 3229 2782; x_wconf 71' lang='grc'>1</span> 
     </span>
     <span class='ocr_line' id='line_1_24' title="bbox 683 2800 3234 2886; baseline -0.003 -18"><span class='ocrx_word' id='word_1_254' title='bbox 683 2807 1019 2886; x_wconf 89' lang='lat' dir='ltr'><strong>Pompeius.</strong></span> <span class='ocrx_word' id='word_1_255' title='bbox 1082 2802 1289 2865; x_wconf 85' lang='lat' dir='ltr'><strong>breves</strong></span> <span class='ocrx_word' id='word_1_256' title='bbox 1333 2800 1466 2864; x_wconf 91' lang='lat' dir='ltr'><strong>illae</strong></span> <span class='ocrx_word' id='word_1_257' title='bbox 1511 2811 1649 2864; x_wconf 90' lang='lat' dir='ltr'><strong>sunt</strong></span> <span class='ocrx_word' id='word_1_258' title='bbox 1691 2821 1843 2882; x_wconf 90' lang='lat' dir='ltr'><strong>quae</strong></span> <span class='ocrx_word' id='word_1_259' title='bbox 1888 2803 2105 2864; x_wconf 89' lang='lat' dir='ltr'><strong>horum</strong></span> <span class='ocrx_word' id='word_1_260' title='bbox 2150 2801 2296 2864; x_wconf 90' lang='lat' dir='ltr'><strong>nihil</strong></span> <span class='ocrx_word' id='word_1_261' title='bbox 2341 2803 2674 2865; x_wconf 87' lang='lat' dir='ltr'><strong>habuerint.</strong></span> <span class='ocrx_word' id='word_1_262' title='bbox 2737 2821 3078 2864; x_wconf 62' lang='lat' dir='ltr'><strong>communes</strong></span> <span class='ocrx_word' id='word_1_263' title='bbox 3117 2819 3234 2862; x_wconf 78' lang='lat' dir='ltr'><strong>vero</strong></span> 
     </span>
     <span class='ocr_line' id='line_1_25' title="bbox 691 2905 3234 2987; baseline -0.002 -18"><span class='ocrx_word' id='word_1_264' title='bbox 691 2909 884 2971; x_wconf 88' lang='lat' dir='ltr'><strong>modis</strong></span> <span class='ocrx_word' id='word_1_265' title='bbox 925 2907 1078 2968; x_wconf 86' lang='lat' dir='ltr'><strong>fiunt</strong></span> <span class='ocrx_word' id='word_1_266' title='bbox 1119 2905 1292 2966; x_wconf 89' lang='lat' dir='ltr'><strong>Vllll.</strong></span> <span class='ocrx_word' id='word_1_267' title='bbox 1365 2907 1598 2985; x_wconf 90' lang='lat' dir='ltr'><strong>primus</strong></span> <span class='ocrx_word' id='word_1_268' title='bbox 1641 2905 1854 2966; x_wconf 90' lang='lat' dir='ltr'><strong>modus</strong></span> <span class='ocrx_word' id='word_1_269' title='bbox 1900 2913 2015 2976; x_wconf 89' lang='lat' dir='ltr'><strong>est,</strong></span> <span class='ocrx_word' id='word_1_270' title='bbox 2062 2923 2195 2965; x_wconf 90' lang='lat' dir='ltr'><strong>cum</strong></span> <span class='ocrx_word' id='word_1_271' title='bbox 2242 2913 2577 2987; x_wconf 87' lang='lat' dir='ltr'><strong>correptam</strong></span> <span class='ocrx_word' id='word_1_272' title='bbox 2622 2905 2885 2967; x_wconf 86' lang='lat' dir='ltr'><strong>vocalem</strong></span> <span class='ocrx_word' id='word_1_273' title='bbox 2930 2905 3077 2966; x_wconf 90' lang='lat' dir='ltr'><strong>duae</strong></span> <span class='ocrx_word' id='word_1_274' title='bbox 3116 2923 3234 2965; x_wconf 88' lang='lat' dir='ltr'><strong>con-</strong></span> 
     </span>
     <span class='ocr_line' id='line_1_26' title="bbox 689 3005 3307 3089; baseline -0.003 -18"><span class='ocrx_word' id='word_1_275' title='bbox 689 3017 969 3072; x_wconf 87' lang='lat' dir='ltr'><strong>sonantes</strong></span> <span class='ocrx_word' id='word_1_276' title='bbox 1013 3014 1326 3080; x_wconf 84' lang='lat' dir='ltr'><strong>secuntur,</strong></span> <span class='ocrx_word' id='word_1_277' title='bbox 1373 3025 1622 3088; x_wconf 88' lang='lat' dir='ltr'><strong>quarum</strong></span> <span class='ocrx_word' id='word_1_278' title='bbox 1667 3009 1835 3088; x_wconf 84' lang='lat' dir='ltr'><strong>prior</strong></span> <span class='ocrx_word' id='word_1_279' title='bbox 1880 3005 2056 3068; x_wconf 83' lang='lat' dir='ltr'><strong>debet</strong></span> <span class='ocrx_word' id='word_1_280' title='bbox 2101 3026 2230 3069; x_wconf 91' lang='lat' dir='ltr'><strong>esse</strong></span> <span class='ocrx_word' id='word_1_281' title='bbox 2272 3016 2462 3078; x_wconf 88' lang='lat' dir='ltr'><strong>muta,</strong></span> <span class='ocrx_word' id='word_1_282' title='bbox 2510 3026 2685 3089; x_wconf 90' lang='lat' dir='ltr'><strong>quam</strong></span> <span class='ocrx_word' id='word_1_283' title='bbox 2716 3006 2939 3088; x_wconf 88' lang='lat' dir='ltr'><strong>liquida</strong></span> <span class='ocrx_word' id='word_1_284' title='bbox 2970 3009 3233 3087; x_wconf 87' lang='lat' dir='ltr'><strong>sequitur:</strong></span> <span class='ocrx_word' id='word_1_285' title='bbox 3298 3037 3307 3044; x_wconf 93' lang='lat'><strong>·</strong></span> 
     </span>
     <span class='ocr_line' id='line_1_27' title="bbox 608 3107 3233 3190; baseline -0.002 -16"><span class='ocrx_word' id='word_1_286' title='bbox 608 3121 794 3184; x_wconf 55' lang='lat' dir='ltr'><strong>aest.</strong></span> <span class='ocrx_word' id='word_1_287' title='bbox 830 3112 988 3172; x_wconf 91' lang='lat' dir='ltr'><strong>enim</strong></span> <span class='ocrx_word' id='word_1_288' title='bbox 1044 3109 1219 3189; x_wconf 84' lang='lat' dir='ltr'><strong>longa</strong></span> <span class='ocrx_word' id='word_1_289' title='bbox 1272 3111 1334 3170; x_wconf 88' lang='lat' dir='ltr'><strong>in</strong></span> <span class='ocrx_word' id='word_1_290' title='bbox 1390 3110 1534 3178; x_wconf 90' lang='lat' dir='ltr'><strong>hoc,</strong></span> <span class='ocrx_word' id='word_1_291' title='bbox 1592 3111 1836 3170; x_wconf 73' lang='lat' dir='ltr'><strong>‘vasto</strong></span> <span class='ocrx_word' id='word_1_292' title='bbox 1899 3107 2253 3190; x_wconf 77' lang='lat' dir='ltr'><strong>Cyclopis</strong></span> <span class='ocrx_word' id='word_1_293' title='bbox 2312 3112 2383 3170; x_wconf 89' lang='lat' dir='ltr'><strong>in</strong></span> <span class='ocrx_word' id='word_1_294' title='bbox 2440 3114 2724 3178; x_wconf 90' lang='lat' dir='ltr'><strong>antro&#39;;</strong></span> <span class='ocrx_word' id='word_1_295' title='bbox 2782 3109 2980 3170; x_wconf 81' lang='lat' dir='ltr'><strong>brevis</strong></span> <span class='ocrx_word' id='word_1_296' title='bbox 3022 3111 3079 3170; x_wconf 90' lang='lat' dir='ltr'><strong>in</strong></span> <span class='ocrx_word' id='word_1_297' title='bbox 3122 3109 3233 3176; x_wconf 89' lang='lat' dir='ltr'><strong>hoc,</strong></span> 
     </span>
     <span class='ocr_line' id='line_1_28' title="bbox 683 3209 3233 3294; baseline -0.002 -20"><span class='ocrx_word' id='word_1_298' title='bbox 683 3217 1121 3294; x_wconf 77' lang='lat' dir='ltr'><strong>‘vastosque</strong></span> <span class='ocrx_word' id='word_1_299' title='bbox 1165 3211 1252 3274; x_wconf 91' lang='lat' dir='ltr'><strong>ab</strong></span> <span class='ocrx_word' id='word_1_300' title='bbox 1297 3230 1486 3292; x_wconf 90' lang='lat' dir='ltr'><strong>rupe</strong></span> <span class='ocrx_word' id='word_1_301' title='bbox 1529 3209 1948 3290; x_wconf 83' lang='lat' dir='ltr'><strong>Cyclopas’.</strong></span> <span class='ocrx_word' id='word_1_302' title='bbox 2009 3212 2305 3274; x_wconf 90' lang='lat' dir='ltr'><strong>secundus</strong></span> <span class='ocrx_word' id='word_1_303' title='bbox 2334 3212 2544 3274; x_wconf 88' lang='lat' dir='ltr'><strong>modus</strong></span> <span class='ocrx_word' id='word_1_304' title='bbox 2584 3219 2704 3283; x_wconf 89' lang='lat' dir='ltr'><strong>est,</strong></span> <span class='ocrx_word' id='word_1_305' title='bbox 2750 3231 2886 3274; x_wconf 91' lang='lat' dir='ltr'><strong>cum</strong></span> <span class='ocrx_word' id='word_1_306' title='bbox 2932 3221 3233 3291; x_wconf 84' lang='lat' dir='ltr'><strong>correptam</strong></span> 
     </span>
     <span class='ocr_line' id='line_1_29' title="bbox 686 3313 3235 3396; baseline -0.003 -17"><span class='ocrx_word' id='word_1_307' title='bbox 686 3317 949 3379; x_wconf 86' lang='lat' dir='ltr'><strong>vocalem</strong></span> <span class='ocrx_word' id='word_1_308' title='bbox 1005 3313 1279 3376; x_wconf 86' lang='lat' dir='ltr'><strong>similiter</strong></span> <span class='ocrx_word' id='word_1_309' title='bbox 1335 3313 1484 3374; x_wconf 90' lang='lat' dir='ltr'><strong>duae</strong></span> <span class='ocrx_word' id='word_1_310' title='bbox 1540 3321 1932 3374; x_wconf 88' lang='lat' dir='ltr'><strong>consonantes</strong></span> <span class='ocrx_word' id='word_1_311' title='bbox 1974 3324 2284 3387; x_wconf 86' lang='lat' dir='ltr'><strong>secuntur,</strong></span> <span class='ocrx_word' id='word_1_312' title='bbox 2330 3333 2579 3396; x_wconf 89' lang='lat' dir='ltr'><strong>quarum</strong></span> <span class='ocrx_word' id='word_1_313' title='bbox 2624 3317 2790 3395; x_wconf 88' lang='lat' dir='ltr'><strong>prior</strong></span> <span class='ocrx_word' id='word_1_314' title='bbox 2834 3315 2911 3375; x_wconf 91' lang='lat' dir='ltr'><strong>sit</strong></span> <span class='ocrx_word' id='word_1_315' title='bbox 2952 3313 2981 3373; x_wconf 80' lang='lat' dir='ltr'>f</span> <span class='ocrx_word' id='word_1_316' title='bbox 3018 3315 3235 3374; x_wconf 86' lang='lat' dir='ltr'><strong>semivo-</strong></span> 
     </span>
     <span class='ocr_line' id='line_1_30' title="bbox 690 3414 3237 3497; baseline -0.002 -17"><span class='ocrx_word' id='word_1_317' title='bbox 690 3418 835 3481; x_wconf 88' lang='lat' dir='ltr'><strong>calis</strong></span> <span class='ocrx_word' id='word_1_318' title='bbox 893 3426 952 3479; x_wconf 87' lang='lat' dir='ltr'><strong>et</strong></span> <span class='ocrx_word' id='word_1_319' title='bbox 1007 3433 1262 3496; x_wconf 89' lang='lat' dir='ltr'><strong>sequens</strong></span> <span class='ocrx_word' id='word_1_320' title='bbox 1304 3414 1556 3495; x_wconf 82' lang='lat' dir='ltr'><strong>liquida:</strong></span> <span class='ocrx_word' id='word_1_321' title='bbox 1615 3423 1706 3475; x_wconf 90' lang='lat' dir='ltr'><strong>est</strong></span> <span class='ocrx_word' id='word_1_322' title='bbox 1750 3417 1909 3476; x_wconf 87' lang='lat' dir='ltr'><strong>enim</strong></span> <span class='ocrx_word' id='word_1_323' title='bbox 1953 3414 2130 3495; x_wconf 85' lang='lat' dir='ltr'><strong>longa</strong></span> <span class='ocrx_word' id='word_1_324' title='bbox 2172 3420 2237 3478; x_wconf 89' lang='lat' dir='ltr'><strong>in</strong></span> <span class='ocrx_word' id='word_1_325' title='bbox 2282 3417 2425 3488; x_wconf 91' lang='lat' dir='ltr'><strong>hoc,</strong></span> <span class='ocrx_word' id='word_1_326' title='bbox 2470 3419 2663 3479; x_wconf 73' lang='lat' dir='ltr'><strong>‘toto</strong></span> <span class='ocrx_word' id='word_1_327' title='bbox 2708 3414 3093 3497; x_wconf 80' lang='lat' dir='ltr'><strong>proflabat</strong></span> <span class='ocrx_word' id='word_1_328' title='bbox 3130 3433 3237 3494; x_wconf 81' lang='lat' dir='ltr'><strong>pe·</strong></span> 
     </span>
     <span class='ocr_line' id='line_1_31' title="bbox 689 3517 3234 3599; baseline -0.003 -16"><span class='ocrx_word' id='word_1_329' title='bbox 689 3529 900 3583; x_wconf 88' lang='lat' dir='ltr'><strong>ctore</strong></span> <span class='ocrx_word' id='word_1_330' title='bbox 943 3523 1344 3587; x_wconf 89' lang='lat' dir='ltr'><strong>somnum’;</strong></span> <span class='ocrx_word' id='word_1_331' title='bbox 1391 3517 1587 3579; x_wconf 86' lang='lat' dir='ltr'><strong>brevis</strong></span> <span class='ocrx_word' id='word_1_332' title='bbox 1630 3519 1692 3578; x_wconf 92' lang='lat' dir='ltr'><strong>in</strong></span> <span class='ocrx_word' id='word_1_333' title='bbox 1738 3517 1879 3588; x_wconf 87' lang='lat' dir='ltr'><strong>hoc,</strong></span> <span class='ocrx_word' id='word_1_334' title='bbox 1929 3523 2147 3580; x_wconf 73' lang='lat' dir='ltr'><strong>‘neve</strong></span> <span class='ocrx_word' id='word_1_335' title='bbox 2192 3517 2561 3599; x_wconf 83' lang='lat' dir='ltr'><strong>flagella&#39;.</strong></span> <span class='ocrx_word' id='word_1_336' title='bbox 2650 3521 2863 3580; x_wconf 87' lang='lat' dir='ltr'><strong>tertius</strong></span> <span class='ocrx_word' id='word_1_337' title='bbox 2906 3517 3110 3579; x_wconf 88' lang='lat' dir='ltr'><strong>modus</strong></span> <span class='ocrx_word' id='word_1_338' title='bbox 3148 3525 3234 3584; x_wconf 82' lang='lat' dir='ltr'><strong>est,</strong></span> 
     </span>
     <span class='ocr_line' id='line_1_32' title="bbox 621 3619 3237 3703; baseline -0.002 -18"><span class='ocrx_word' id='word_1_339' title='bbox 621 3654 673 3696; x_wconf 65' lang='grc' dir='ltr'><strong>ω</strong></span> <span class='ocrx_word' id='word_1_340' title='bbox 699 3641 833 3685; x_wconf 88' lang='lat' dir='ltr'><strong>cum</strong></span> <span class='ocrx_word' id='word_1_341' title='bbox 878 3628 1211 3701; x_wconf 87' lang='lat' dir='ltr'><strong>correptam</strong></span> <span class='ocrx_word' id='word_1_342' title='bbox 1241 3619 1501 3681; x_wconf 86' lang='lat' dir='ltr'><strong>vocalem</strong></span> <span class='ocrx_word' id='word_1_343' title='bbox 1531 3619 1681 3682; x_wconf 91' lang='lat' dir='ltr'><strong>duae</strong></span> <span class='ocrx_word' id='word_1_344' title='bbox 1711 3628 2104 3682; x_wconf 88' lang='lat' dir='ltr'><strong>consonantes</strong></span> <span class='ocrx_word' id='word_1_345' title='bbox 2146 3630 2445 3693; x_wconf 89' lang='lat' dir='ltr'><strong>secuntur,</strong></span> <span class='ocrx_word' id='word_1_346' title='bbox 2492 3640 2743 3703; x_wconf 85' lang='lat' dir='ltr'><strong>quarum</strong></span> <span class='ocrx_word' id='word_1_347' title='bbox 2786 3622 2953 3700; x_wconf 88' lang='lat' dir='ltr'><strong>prior</strong></span> <span class='ocrx_word' id='word_1_348' title='bbox 2997 3627 3083 3682; x_wconf 89' lang='lat' dir='ltr'><strong>est</strong></span> <span class='ocrx_word' id='word_1_349' title='bbox 3121 3637 3237 3681; x_wconf 88' lang='lat' dir='ltr'><strong>con·</strong></span> 
     </span>
    </p>
   </div>
   <div class='ocr_carea' id='block_1_5' title="bbox 691 3875 3243 4648">
    <p class='ocr_par' dir='ltr' id='par_1_6' title="bbox 691 3875 3243 4364">
     <span class='ocr_line' id='line_1_33' title="bbox 831 3875 3239 3944; baseline -0.004 -13"><span class='ocrx_word' id='word_1_350' title='bbox 831 3881 859 3931; x_wconf 89' lang='lat'>1</span> <span class='ocrx_word' id='word_1_351' title='bbox 899 3885 1256 3928; x_wconf 82' lang='lat' dir='ltr'><strong>consonantem</strong></span> <span class='ocrx_word' id='word_1_352' title='bbox 1295 3895 1387 3930; x_wconf 86' lang='lat' dir='ltr'><strong>om.</strong></span> <span class='ocrx_word' id='word_1_353' title='bbox 1419 3878 1470 3929; x_wconf 89' lang='lat' dir='ltr'><em>B</em></span> <span class='ocrx_word' id='word_1_354' title='bbox 1497 3885 1546 3927; x_wconf 75' lang='lat' dir='ltr'><strong>et</strong></span> <span class='ocrx_word' id='word_1_355' title='bbox 1569 3879 1739 3928; x_wconf 75' lang='lat' dir='ltr'><strong>codex</strong></span> <span class='ocrx_word' id='word_1_356' title='bbox 1764 3879 2115 3944; x_wconf 66' lang='lat' dir='ltr'><strong>Sangallenst&#39;s</strong></span> <span class='ocrx_word' id='word_1_357' title='bbox 2222 3877 2257 3931; x_wconf 79' lang='lat'><strong>3</strong></span> <span class='ocrx_word' id='word_1_358' title='bbox 2292 3879 2343 3928; x_wconf 90' lang='lat' dir='ltr'><strong>in</strong></span> <span class='ocrx_word' id='word_1_359' title='bbox 2374 3893 2431 3929; x_wconf 91' lang='lat' dir='ltr'><strong>se</strong></span> <span class='ocrx_word' id='word_1_360' title='bbox 2466 3879 2721 3930; x_wconf 83' lang='lat' dir='ltr'><strong>dissinunt</strong></span> <span class='ocrx_word' id='word_1_361' title='bbox 2749 3877 2801 3927; x_wconf 93' lang='lat' dir='ltr'>F</span> <span class='ocrx_word' id='word_1_362' title='bbox 2880 3877 2916 3926; x_wconf 89' lang='lat'>4</span> <span class='ocrx_word' id='word_1_363' title='bbox 2950 3875 3187 3942; x_wconf 74' lang='lat' dir='ltr'><strong>quaedam</strong></span> <span class='ocrx_word' id='word_1_364' title='bbox 3214 3889 3239 3922; x_wconf 80' lang='grc' dir='ltr'><strong>ι</strong></span> 
     </span>
     <span class='ocr_line' id='line_1_34' title="bbox 693 3946 3239 4005; baseline -0.004 -3"><span class='ocrx_word' id='word_1_365' title='bbox 693 3967 751 4002; x_wconf 87' lang='lat' dir='ltr'><strong>se</strong></span> <span class='ocrx_word' id='word_1_366' title='bbox 782 3947 1019 3999; x_wconf 84' lang='lat' dir='ltr'><strong>inchoent</strong></span> <span class='ocrx_word' id='word_1_367' title='bbox 1055 3958 1104 4000; x_wconf 86' lang='lat' dir='ltr'><strong>et</strong></span> <span class='ocrx_word' id='word_1_368' title='bbox 1137 3949 1190 3998; x_wconf 90' lang='lat' dir='ltr'><strong>in</strong></span> <span class='ocrx_word' id='word_1_369' title='bbox 1223 3965 1252 3998; x_wconf 84' lang='lat' dir='ltr'><strong>e</strong></span> <span class='ocrx_word' id='word_1_370' title='bbox 1285 3949 1520 3999; x_wconf 84' lang='lat' dir='ltr'><strong>desinant</strong></span> <span class='ocrx_word' id='word_1_371' title='bbox 1554 3963 1644 4000; x_wconf 86' lang='lat' dir='ltr'><strong>om.</strong></span> <span class='ocrx_word' id='word_1_372' title='bbox 1678 3947 1733 3998; x_wconf 89' lang='lat' dir='ltr'><em>B</em></span> <span class='ocrx_word' id='word_1_373' title='bbox 1872 3949 2112 4000; x_wconf 80' lang='lat' dir='ltr'><strong>inchoant</strong></span> <span class='ocrx_word' id='word_1_374' title='bbox 2146 3947 2197 3998; x_wconf 86' lang='lat' dir='ltr'>F</span> <span class='ocrx_word' id='word_1_375' title='bbox 2226 3949 2464 3999; x_wconf 79' lang='lat' dir='ltr'><strong>incohent</strong></span> <span class='ocrx_word' id='word_1_376' title='bbox 2500 3963 2534 4005; x_wconf 88' lang='grc' dir='ltr'><strong><em>ς</em></strong></span> <span class='ocrx_word' id='word_1_377' title='bbox 2675 3947 2911 3998; x_wconf 77' lang='lat' dir='ltr'><strong>desinant</strong></span> <span class='ocrx_word' id='word_1_378' title='bbox 2944 3960 2981 4003; x_wconf 82' lang='grc' dir='ltr'><strong><em>ς</em></strong></span> <span class='ocrx_word' id='word_1_379' title='bbox 3016 3946 3239 3997; x_wconf 78' lang='lat' dir='ltr'><strong>dissinunt</strong></span> 
     </span>
     <span class='ocr_line' id='line_1_35' title="bbox 691 4013 3241 4085; baseline -0.003 -13"><span class='ocrx_word' id='word_1_380' title='bbox 691 4021 745 4072; x_wconf 87' lang='lat' dir='ltr'>F</span> <span class='ocrx_word' id='word_1_381' title='bbox 909 4029 1144 4085; x_wconf 76' lang='lat' dir='ltr'><strong>repertae</strong></span> <span class='ocrx_word' id='word_1_382' title='bbox 1175 4026 1294 4069; x_wconf 89' lang='lat' dir='ltr'><strong>sunt</strong></span> <span class='ocrx_word' id='word_1_383' title='bbox 1327 4019 1377 4068; x_wconf 84' lang='lat' dir='ltr'>F</span> <span class='ocrx_word' id='word_1_384' title='bbox 1543 4019 1578 4069; x_wconf 90' lang='grc'><strong>6</strong></span> <span class='ocrx_word' id='word_1_385' title='bbox 1611 4018 1805 4068; x_wconf 86' lang='lat' dir='ltr'><strong>accedit</strong></span> <span class='ocrx_word' id='word_1_386' title='bbox 1836 4019 1888 4069; x_wconf 90' lang='lat' dir='ltr'><em>B</em></span> <span class='ocrx_word' id='word_1_387' title='bbox 1916 4021 2123 4070; x_wconf 80' lang='lat' dir='ltr'><strong>accedat</strong></span> <span class='ocrx_word' id='word_1_388' title='bbox 2166 4019 2336 4068; x_wconf 73' lang='lat' dir='ltr'><strong>codex</strong></span> <span class='ocrx_word' id='word_1_389' title='bbox 2371 4020 2721 4084; x_wconf 70' lang='lat' dir='ltr'><strong>Sanyallerm‘s</strong></span> <span class='ocrx_word' id='word_1_390' title='bbox 2892 4019 2926 4068; x_wconf 80' lang='lat'><strong>7</strong></span> <span class='ocrx_word' id='word_1_391' title='bbox 2968 4025 3179 4066; x_wconf 72' lang='lat' dir='ltr'><strong>caracter</strong></span> <span class='ocrx_word' id='word_1_392' title='bbox 3200 4013 3241 4064; x_wconf 87' lang='lat' dir='ltr'><em>B</em></span> 
     </span>
     <span class='ocr_line' id='line_1_36' title="bbox 693 4088 3239 4155; baseline -0.002 -14"><span class='ocrx_word' id='word_1_393' title='bbox 693 4099 916 4142; x_wconf 80' lang='lat' dir='ltr'><strong>carecter</strong></span> <span class='ocrx_word' id='word_1_394' title='bbox 941 4091 994 4140; x_wconf 86' lang='lat' dir='ltr'>F</span> <span class='ocrx_word' id='word_1_395' title='bbox 1129 4103 1259 4140; x_wconf 84' lang='lat' dir='ltr'><strong>anne</strong></span> <span class='ocrx_word' id='word_1_396' title='bbox 1297 4089 1363 4140; x_wconf 88' lang='lat' dir='ltr'><strong>sit</strong></span> <span class='ocrx_word' id='word_1_397' title='bbox 1393 4088 1588 4138; x_wconf 81' lang='lat' dir='ltr'><strong>uocalis</strong></span> <span class='ocrx_word' id='word_1_398' title='bbox 1619 4103 1684 4138; x_wconf 79' lang='lat' dir='ltr'><strong>an</strong></span> <span class='ocrx_word' id='word_1_399' title='bbox 1715 4097 1857 4139; x_wconf 79' lang='lat' dir='ltr'><strong>muta</strong></span> <span class='ocrx_word' id='word_1_400' title='bbox 1890 4104 1956 4140; x_wconf 76' lang='lat' dir='ltr'><strong>sn</strong></span> <span class='ocrx_word' id='word_1_401' title='bbox 1994 4089 2185 4155; x_wconf 83' lang='lat' dir='ltr'><strong>liquida</strong></span> <span class='ocrx_word' id='word_1_402' title='bbox 2221 4089 2356 4153; x_wconf 79' lang='lat' dir='ltr'><strong>(rell.</strong></span> <span class='ocrx_word' id='word_1_403' title='bbox 2387 4089 2506 4155; x_wconf 83' lang='lat' dir='ltr'><strong>om.)</strong></span> <span class='ocrx_word' id='word_1_404' title='bbox 2541 4089 2593 4139; x_wconf 90' lang='lat' dir='ltr'><em>B</em></span> <span class='ocrx_word' id='word_1_405' title='bbox 2760 4089 2795 4141; x_wconf 99' lang='grc'>9</span> <span class='ocrx_word' id='word_1_406' title='bbox 2830 4101 3019 4139; x_wconf 77' lang='lat' dir='ltr'><strong>mem-r</strong></span> <span class='ocrx_word' id='word_1_407' title='bbox 3054 4101 3115 4137; x_wconf 74' lang='lat' dir='ltr'><strong>ns</strong></span> <span class='ocrx_word' id='word_1_408' title='bbox 3148 4099 3239 4135; x_wconf 75' lang='lat' dir='ltr'><strong>sn-</strong></span> 
     </span>
     <span class='ocr_line' id='line_1_37' title="bbox 692 4157 3238 4224; baseline -0.003 -12"><span class='ocrx_word' id='word_1_409' title='bbox 692 4175 840 4212; x_wconf 70' lang='lat' dir='ltr'><strong>mnts</strong></span> <span class='ocrx_word' id='word_1_410' title='bbox 873 4158 1082 4224; x_wconf 73' lang='lat' dir='ltr'><strong>Syllaba</strong></span> <span class='ocrx_word' id='word_1_411' title='bbox 1117 4159 1252 4210; x_wconf 80' lang='lat' dir='ltr'><strong>dicta</strong></span> <span class='ocrx_word' id='word_1_412' title='bbox 1279 4168 1356 4210; x_wconf 87' lang='lat' dir='ltr'><strong>est</strong></span> <span class='ocrx_word' id='word_1_413' title='bbox 1389 4159 1442 4207; x_wconf 98' lang='lat' dir='ltr'>F</span> <span class='ocrx_word' id='word_1_414' title='bbox 1471 4170 1540 4207; x_wconf 76' lang='lat' dir='ltr'><strong>nn</strong></span> <span class='ocrx_word' id='word_1_415' title='bbox 1579 4174 1796 4210; x_wconf 67' lang='lat' dir='ltr'><strong>sunum</strong></span> <span class='ocrx_word' id='word_1_416' title='bbox 1832 4159 1980 4210; x_wconf 84' lang='lat' dir='ltr'><strong>Dicta</strong></span> <span class='ocrx_word' id='word_1_417' title='bbox 2013 4169 2089 4210; x_wconf 85' lang='lat' dir='ltr'><strong>est</strong></span> <span class='ocrx_word' id='word_1_418' title='bbox 2124 4157 2321 4224; x_wconf 72' lang='lat' dir='ltr'><strong>syllaba</strong></span> <span class='ocrx_word' id='word_1_419' title='bbox 2357 4160 2408 4211; x_wconf 89' lang='lat' dir='ltr'><em>B</em></span> <span class='ocrx_word' id='word_1_420' title='bbox 2577 4159 2644 4211; x_wconf 81' lang='lat' dir='ltr'><strong>lo</strong></span> <span class='ocrx_word' id='word_1_421' title='bbox 2680 4159 2828 4223; x_wconf 79' lang='lat' dir='ltr'><strong>quasi</strong></span> <span class='ocrx_word' id='word_1_422' title='bbox 2864 4157 3158 4224; x_wconf 76' lang='lat' dir='ltr'><strong>syllabanita</strong></span> <span class='ocrx_word' id='word_1_423' title='bbox 3189 4157 3238 4204; x_wconf 78' lang='lat' dir='ltr'><strong>ab</strong></span> 
     </span>
     <span class='ocr_line' id='line_1_38' title="bbox 692 4218 3239 4297; baseline -0.004 -14"><span class='ocrx_word' id='word_1_424' title='bbox 692 4247 752 4283; x_wconf 84' lang='lat' dir='ltr'><strong>eo</strong></span> <span class='ocrx_word' id='word_1_425' title='bbox 780 4231 834 4282; x_wconf 88' lang='lat' dir='ltr'><em>B</em></span> <span class='ocrx_word' id='word_1_426' title='bbox 870 4231 1017 4293; x_wconf 76' lang='lat' dir='ltr'><strong>quasi</strong></span> <span class='ocrx_word' id='word_1_427' title='bbox 1055 4229 1262 4280; x_wconf 80' lang='lat' dir='ltr'><strong>bannita</strong></span> <span class='ocrx_word' id='word_1_428' title='bbox 1297 4230 1360 4279; x_wconf 83' lang='lat' dir='ltr'><strong>ab</strong></span> <span class='ocrx_word' id='word_1_429' title='bbox 1389 4245 1449 4278; x_wconf 88' lang='lat' dir='ltr'><strong>eo</strong></span> <span class='ocrx_word' id='word_1_430' title='bbox 1485 4225 1538 4279; x_wconf 84' lang='lat' dir='ltr'>F</span> <span class='ocrx_word' id='word_1_431' title='bbox 1565 4218 1682 4280; x_wconf 72' lang='grc' dir='ltr'><strong>ἄπο</strong></span> <span class='ocrx_word' id='word_1_432' title='bbox 1707 4244 1811 4280; x_wconf 79' lang='grc' dir='ltr'><strong>του</strong></span> <span class='ocrx_word' id='word_1_433' title='bbox 1835 4227 2258 4297; x_wconf 72' lang='grc' dir='ltr'><strong>συλλαμβανειν</strong></span> <span class='ocrx_word' id='word_1_434' title='bbox 2278 4245 2349 4280; x_wconf 82' lang='grc' dir='ltr'><strong>τα</strong></span> <span class='ocrx_word' id='word_1_435' title='bbox 2375 4243 2681 4295; x_wconf 69' lang='grc' dir='ltr'><strong><em>γοαμματα</em></strong></span> <span class='ocrx_word' id='word_1_436' title='bbox 2706 4243 2767 4281; x_wconf 86' lang='lat' dir='ltr'><strong>eo</strong></span> <span class='ocrx_word' id='word_1_437' title='bbox 2796 4241 2833 4284; x_wconf 78' lang='grc' dir='ltr'><strong><em>ς</em></strong></span> <span class='ocrx_word' id='word_1_438' title='bbox 2974 4229 3033 4279; x_wconf 87' lang='lat'><strong>11</strong></span> <span class='ocrx_word' id='word_1_439' title='bbox 3068 4226 3239 4277; x_wconf 84' lang='lat' dir='ltr'><strong>conclu-</strong></span> 
     </span>
     <span class='ocr_line' id='line_1_39' title="bbox 691 4295 3243 4364; baseline -0.003 -12"><span class='ocrx_word' id='word_1_440' title='bbox 691 4304 856 4352; x_wconf 77' lang='lat' dir='ltr'><strong>tinant</strong></span> <span class='ocrx_word' id='word_1_441' title='bbox 891 4317 1030 4356; x_wconf 83' lang='lat' dir='ltr'><strong>corr.</strong></span> <span class='ocrx_word' id='word_1_442' title='bbox 1063 4307 1176 4350; x_wconf 83' lang='lat' dir='ltr'><strong>—nat</strong></span> <span class='ocrx_word' id='word_1_443' title='bbox 1203 4301 1257 4350; x_wconf 90' lang='lat' dir='ltr'>F</span> <span class='ocrx_word' id='word_1_444' title='bbox 1427 4299 1490 4350; x_wconf 85' lang='lat'><strong>13</strong></span> <span class='ocrx_word' id='word_1_445' title='bbox 1528 4306 1697 4348; x_wconf 85' lang='lat' dir='ltr'><strong>tamen</strong></span> <span class='ocrx_word' id='word_1_446' title='bbox 1729 4313 1821 4352; x_wconf 78' lang='lat' dir='ltr'><strong>om,</strong></span> <span class='ocrx_word' id='word_1_447' title='bbox 1854 4298 1908 4348; x_wconf 91' lang='lat' dir='ltr'><em>B</em></span> <span class='ocrx_word' id='word_1_448' title='bbox 2044 4301 2238 4348; x_wconf 69' lang='lat' dir='ltr'><strong>rationi}</strong></span> <span class='ocrx_word' id='word_1_449' title='bbox 2292 4299 2525 4364; x_wconf 81' lang='lat' dir='ltr'><strong>diposcat</strong></span> <span class='ocrx_word' id='word_1_450' title='bbox 2559 4297 2609 4347; x_wconf 87' lang='lat' dir='ltr'>F</span> <span class='ocrx_word' id='word_1_451' title='bbox 2775 4298 2843 4350; x_wconf 81' lang='lat'><strong>14</strong></span> <span class='ocrx_word' id='word_1_452' title='bbox 2878 4295 3019 4364; x_wconf 78' lang='lat' dir='ltr'><strong>qnia]</strong></span> <span class='ocrx_word' id='word_1_453' title='bbox 3058 4311 3175 4361; x_wconf 79' lang='lat' dir='ltr'><strong>quae</strong></span> <span class='ocrx_word' id='word_1_454' title='bbox 3204 4295 3243 4344; x_wconf 81' lang='lat' dir='ltr'>F</span> 
     </span>
    </p>

    <p class='ocr_par' dir='ltr' id='par_1_7' title="bbox 691 4368 3239 4648">
     <span class='ocr_line' id='line_1_40' title="bbox 841 4368 3239 4435; baseline -0.003 -14"><span class='ocrx_word' id='word_1_455' title='bbox 841 4371 904 4422; x_wconf 89' lang='grc'><strong>16</strong></span> <span class='ocrx_word' id='word_1_456' title='bbox 925 4371 1092 4421; x_wconf 86' lang='lat' dir='ltr'><strong>modis</strong></span> <span class='ocrx_word' id='word_1_457' title='bbox 1129 4379 1247 4420; x_wconf 88' lang='lat' dir='ltr'><strong>sunt</strong></span> <span class='ocrx_word' id='word_1_458' title='bbox 1276 4370 1330 4422; x_wconf 93' lang='lat' dir='ltr'><em>B</em></span> <span class='ocrx_word' id='word_1_459' title='bbox 1473 4369 1533 4422; x_wconf 85' lang='lat'><strong>17</strong></span> <span class='ocrx_word' id='word_1_460' title='bbox 1563 4368 1901 4435; x_wconf 80' lang='lat' dir='ltr'><strong>singularium</strong></span> <span class='ocrx_word' id='word_1_461' title='bbox 1936 4369 1989 4420; x_wconf 89' lang='lat' dir='ltr'>F</span> <span class='ocrx_word' id='word_1_462' title='bbox 2136 4368 2200 4422; x_wconf 90' lang='lat'><strong>18</strong></span> <span class='ocrx_word' id='word_1_463' title='bbox 2230 4377 2288 4420; x_wconf 83' lang='lat' dir='ltr'><strong>ut</strong></span> <span class='ocrx_word' id='word_1_464' title='bbox 2316 4383 2377 4420; x_wconf 74' lang='lat' dir='ltr'><strong>ae</strong></span> <span class='ocrx_word' id='word_1_465' title='bbox 2398 4411 2410 4422; x_wconf 94' lang='lat'><strong>.</strong></span> <span class='ocrx_word' id='word_1_466' title='bbox 2428 4385 2458 4420; x_wconf 90' lang='grc' dir='ltr'>ο</span> <span class='ocrx_word' id='word_1_467' title='bbox 2476 4410 2488 4423; x_wconf 91' lang='grc'><strong>.</strong></span> <span class='ocrx_word' id='word_1_468' title='bbox 2506 4385 2534 4418; x_wconf 88' lang='lat' dir='ltr'><strong>e</strong></span> <span class='ocrx_word' id='word_1_469' title='bbox 2562 4369 2816 4434; x_wconf 85' lang='lat' dir='ltr'><strong>positione</strong></span> <span class='ocrx_word' id='word_1_470' title='bbox 2851 4368 2903 4418; x_wconf 87' lang='lat' dir='ltr'>F</span> <span class='ocrx_word' id='word_1_471' title='bbox 3032 4375 3115 4417; x_wconf 81' lang='lat' dir='ltr'><strong>aut</strong></span> <span class='ocrx_word' id='word_1_472' title='bbox 3146 4380 3239 4416; x_wconf 82' lang='lat' dir='ltr'><strong>cum</strong></span> 
     </span>
     <span class='ocr_line' id='line_1_41' title="bbox 695 4437 3237 4507; baseline -0.004 -15"><span class='ocrx_word' id='word_1_473' title='bbox 695 4449 926 4507; x_wconf 80' lang='lat' dir='ltr'><strong>correpta</strong></span> <span class='ocrx_word' id='word_1_474' title='bbox 961 4440 1154 4492; x_wconf 82' lang='lat' dir='ltr'><strong>uocalis</strong></span> <span class='ocrx_word' id='word_1_475' title='bbox 1195 4439 1248 4490; x_wconf 89' lang='lat' dir='ltr'><strong>in</strong></span> <span class='ocrx_word' id='word_1_476' title='bbox 1284 4440 1412 4491; x_wconf 77' lang='lat' dir='ltr'><strong>duas</strong></span> <span class='ocrx_word' id='word_1_477' title='bbox 1450 4447 1789 4490; x_wconf 79' lang='lat' dir='ltr'><strong>consonantes</strong></span> <span class='ocrx_word' id='word_1_478' title='bbox 1826 4439 2035 4490; x_wconf 83' lang='lat' dir='ltr'><strong>dissinit</strong></span> <span class='ocrx_word' id='word_1_479' title='bbox 2064 4441 2117 4490; x_wconf 86' lang='lat' dir='ltr'>F</span> <span class='ocrx_word' id='word_1_480' title='bbox 2250 4437 2325 4489; x_wconf 82' lang='lat'><strong>20</strong></span> <span class='ocrx_word' id='word_1_481' title='bbox 2355 4448 2404 4490; x_wconf 86' lang='lat' dir='ltr'><strong>et</strong></span> <span class='ocrx_word' id='word_1_482' title='bbox 2428 4453 2519 4493; x_wconf 87' lang='lat' dir='ltr'><strong>om.</strong></span> <span class='ocrx_word' id='word_1_483' title='bbox 2545 4439 2599 4491; x_wconf 93' lang='lat' dir='ltr'><em>B</em></span> <span class='ocrx_word' id='word_1_484' title='bbox 2730 4441 2800 4491; x_wconf 74' lang='lat'><strong>21</strong></span> <span class='ocrx_word' id='word_1_485' title='bbox 2839 4446 2896 4488; x_wconf 84' lang='lat' dir='ltr'><strong>nt</strong></span> <span class='ocrx_word' id='word_1_486' title='bbox 2930 4447 3069 4488; x_wconf 74' lang='lat' dir='ltr'><strong>uates</strong></span> <span class='ocrx_word' id='word_1_487' title='bbox 3104 4449 3237 4484; x_wconf 83' lang='lat' dir='ltr'><strong>uenus</strong></span> 
     </span>
     <span class='ocr_line' id='line_1_42' title="bbox 691 4503 3238 4577; baseline -0.003 -14"><span class='ocrx_word' id='word_1_488' title='bbox 691 4512 745 4563; x_wconf 88' lang='lat' dir='ltr'><em>B</em></span> <span class='ocrx_word' id='word_1_489' title='bbox 917 4513 985 4562; x_wconf 79' lang='lat'><strong>22</strong></span> <span class='ocrx_word' id='word_1_490' title='bbox 1019 4512 1200 4562; x_wconf 87' lang='lat' dir='ltr'><strong>breues</strong></span> <span class='ocrx_word' id='word_1_491' title='bbox 1233 4509 1463 4577; x_wconf 69' lang='lat' dir='ltr'><strong>syllabae</strong></span> <span class='ocrx_word' id='word_1_492' title='bbox 1499 4517 1616 4560; x_wconf 85' lang='lat' dir='ltr'><strong>suut</strong></span> <span class='ocrx_word' id='word_1_493' title='bbox 1649 4509 1835 4572; x_wconf 83' lang='lat' dir='ltr'><strong>quibus</strong></span> <span class='ocrx_word' id='word_1_494' title='bbox 1874 4509 1999 4558; x_wconf 90' lang='lat' dir='ltr'><strong>nihil</strong></span> <span class='ocrx_word' id='word_1_495' title='bbox 2034 4509 2217 4560; x_wconf 85' lang='lat' dir='ltr'><strong>horum</strong></span> <span class='ocrx_word' id='word_1_496' title='bbox 2250 4510 2437 4561; x_wconf 81' lang='lat' dir='ltr'><strong>accidit</strong></span> <span class='ocrx_word' id='word_1_497' title='bbox 2478 4509 2529 4559; x_wconf 78' lang='lat' dir='ltr'>F</span> <span class='ocrx_word' id='word_1_498' title='bbox 2726 4511 2796 4559; x_wconf 82' lang='lat'><strong>24</strong></span> <span class='ocrx_word' id='word_1_499' title='bbox 2830 4510 3057 4571; x_wconf 86' lang='lat' dir='ltr'><strong>sequitur</strong></span> <span class='ocrx_word' id='word_1_500' title='bbox 3087 4521 3167 4557; x_wconf 82' lang='grc' dir='ltr'><strong>οιιι.</strong></span> <span class='ocrx_word' id='word_1_501' title='bbox 3197 4503 3238 4554; x_wconf 82' lang='grc' dir='ltr'><em>Β</em></span> 
     </span>
     <span class='ocr_line' id='line_1_43' title="bbox 693 4577 3097 4648; baseline -0.002 -16"><span class='ocrx_word' id='word_1_502' title='bbox 693 4592 835 4635; x_wconf 82' lang='lat' dir='ltr'><strong>muta</strong></span> <span class='ocrx_word' id='word_1_503' title='bbox 869 4591 920 4632; x_wconf 83' lang='lat' dir='ltr'><strong>et</strong></span> <span class='ocrx_word' id='word_1_504' title='bbox 961 4595 1180 4647; x_wconf 86' lang='lat' dir='ltr'><strong>sequens</strong></span> <span class='ocrx_word' id='word_1_505' title='bbox 1214 4579 1408 4644; x_wconf 83' lang='lat' dir='ltr'><strong>liquida</strong></span> <span class='ocrx_word' id='word_1_506' title='bbox 1451 4581 1620 4631; x_wconf 77' lang='lat' dir='ltr'><strong>codex</strong></span> <span class='ocrx_word' id='word_1_507' title='bbox 1655 4581 2007 4645; x_wconf 70' lang='lat' dir='ltr'><strong>Sanyallensis</strong></span> <span class='ocrx_word' id='word_1_508' title='bbox 2176 4581 2245 4631; x_wconf 83' lang='lat'><strong>25</strong></span> <span class='ocrx_word' id='word_1_509' title='bbox 2297 4578 2464 4648; x_wconf 83' lang='lat' dir='ltr'><strong>vasto]</strong></span> <span class='ocrx_word' id='word_1_510' title='bbox 2528 4579 2687 4644; x_wconf 73' lang='lat' dir='ltr'><strong>Ver-9.</strong></span> <span class='ocrx_word' id='word_1_511' title='bbox 2726 4579 2858 4633; x_wconf 78' lang='lat' dir='ltr'><strong>Aen.</strong></span> <span class='ocrx_word' id='word_1_512' title='bbox 2897 4579 2965 4628; x_wconf 86' lang='lat'><strong>111</strong></span> <span class='ocrx_word' id='word_1_513' title='bbox 2998 4577 3097 4630; x_wconf 85' lang='grc'><strong>617</strong></span> 
     </span>
    </p>
   </div>
   <div class='ocr_carea' id='block_1_6' title="bbox 694 4644 3323 4718">
    <p class='ocr_par' dir='ltr' id='par_1_8' title="bbox 694 4644 3323 4718">
     <span class='ocr_line' id='line_1_44' title="bbox 694 4644 3323 4718; baseline -0.003 -16"><span class='ocrx_word' id='word_1_514' title='bbox 694 4653 916 4718; x_wconf 80' lang='lat' dir='ltr'><strong>ciclopes</strong></span> <span class='ocrx_word' id='word_1_515' title='bbox 954 4653 1005 4704; x_wconf 87' lang='lat' dir='ltr'>F</span> <span class='ocrx_word' id='word_1_516' title='bbox 1139 4652 1209 4704; x_wconf 81' lang='grc'><strong>26</strong></span> <span class='ocrx_word' id='word_1_517' title='bbox 1241 4658 1487 4715; x_wconf 82' lang='lat' dir='ltr'><strong>uastoque</strong></span> <span class='ocrx_word' id='word_1_518' title='bbox 1519 4651 1600 4702; x_wconf 77' lang='lat' dir='ltr'><strong>F.-</strong></span> <span class='ocrx_word' id='word_1_519' title='bbox 1651 4650 1809 4715; x_wconf 69' lang='lat' dir='ltr'><strong>Vera.</strong></span> <span class='ocrx_word' id='word_1_520' title='bbox 1848 4651 1978 4702; x_wconf 74' lang='lat' dir='ltr'><strong>Aen.</strong></span> <span class='ocrx_word' id='word_1_521' title='bbox 2016 4651 2084 4701; x_wconf 87' lang='grc' dir='ltr'><strong>ΙΙΙ</strong></span> <span class='ocrx_word' id='word_1_522' title='bbox 2120 4649 2222 4702; x_wconf 83' lang='grc'><strong>647</strong></span> <span class='ocrx_word' id='word_1_523' title='bbox 2364 4651 2587 4716; x_wconf 83' lang='lat' dir='ltr'><strong>ciclopes</strong></span> <span class='ocrx_word' id='word_1_524' title='bbox 2614 4649 2665 4699; x_wconf 89' lang='lat' dir='ltr'>F</span> <span class='ocrx_word' id='word_1_525' title='bbox 2798 4650 2865 4700; x_wconf 78' lang='lat'><strong>2⁷</strong></span> <span class='ocrx_word' id='word_1_526' title='bbox 2902 4647 3127 4698; x_wconf 82' lang='lat' dir='ltr'><strong>similiter</strong></span> <span class='ocrx_word' id='word_1_527' title='bbox 3156 4661 3231 4696; x_wconf 76' lang='lat' dir='ltr'><strong>om.</strong></span> <span class='ocrx_word' id='word_1_528' title='bbox 3317 4644 3323 4655; x_wconf 89' lang='lat'>&#39;</span> 
     </span>
    </p>
   </div>
   <div class='ocr_carea' id='block_1_7' title="bbox 695 4718 3233 4928">
    <p class='ocr_par' dir='ltr' id='par_1_9' title="bbox 695 4718 3233 4928">
     <span class='ocr_line' id='line_1_45' title="bbox 695 4718 3232 4788; baseline -0.004 -15"><span class='ocrx_word' id='word_1_529' title='bbox 695 4724 746 4773; x_wconf 86' lang='lat' dir='ltr'>F</span> <span class='ocrx_word' id='word_1_530' title='bbox 882 4725 1022 4788; x_wconf 82' lang='lat' dir='ltr'><strong>prior</strong></span> <span class='ocrx_word' id='word_1_531' title='bbox 1055 4724 1126 4772; x_wconf 83' lang='lat' dir='ltr'><strong>sit</strong></span> <span class='ocrx_word' id='word_1_532' title='bbox 1159 4721 1187 4771; x_wconf 76' lang='lat' dir='ltr'><strong>f</strong></span> <span class='ocrx_word' id='word_1_533' title='bbox 1217 4720 1544 4772; x_wconf 75' lang='lat' dir='ltr'><strong>seminocalis</strong></span> <span class='ocrx_word' id='word_1_534' title='bbox 1582 4733 1618 4776; x_wconf 86' lang='grc' dir='ltr'><strong><em>ς</em></strong></span> <span class='ocrx_word' id='word_1_535' title='bbox 1653 4721 1796 4786; x_wconf 86' lang='lat' dir='ltr'><strong>prior</strong></span> <span class='ocrx_word' id='word_1_536' title='bbox 1830 4722 1898 4770; x_wconf 88' lang='lat' dir='ltr'><strong>sit</strong></span> <span class='ocrx_word' id='word_1_537' title='bbox 1946 4719 2249 4772; x_wconf 80' lang='lat' dir='ltr'><strong>semuocalis</strong></span> <span class='ocrx_word' id='word_1_538' title='bbox 2284 4719 2338 4769; x_wconf 88' lang='lat' dir='ltr'>F</span> <span class='ocrx_word' id='word_1_539' title='bbox 2387 4721 2558 4787; x_wconf 88' lang='lat' dir='ltr'><strong>priore</strong></span> <span class='ocrx_word' id='word_1_540' title='bbox 2594 4735 2737 4774; x_wconf 83' lang='lat' dir='ltr'><strong>cons.</strong></span> <span class='ocrx_word' id='word_1_541' title='bbox 2778 4718 3094 4770; x_wconf 81' lang='lat' dir='ltr'><strong>semiuocnlis</strong></span> <span class='ocrx_word' id='word_1_542' title='bbox 3124 4729 3232 4765; x_wconf 77' lang='lat' dir='ltr'><strong>corr.</strong></span> 
     </span>
     <span class='ocr_line' id='line_1_46' title="bbox 695 4786 3233 4860; baseline -0 -19"><span class='ocrx_word' id='word_1_543' title='bbox 695 4794 837 4858; x_wconf 79' lang='lat' dir='ltr'><strong>prior</strong></span> <span class='ocrx_word' id='word_1_544' title='bbox 874 4795 940 4843; x_wconf 85' lang='lat' dir='ltr'><strong>sit</strong></span> <span class='ocrx_word' id='word_1_545' title='bbox 975 4792 1303 4860; x_wconf 70' lang='lat' dir='ltr'><strong>semiuocalis</strong></span> <span class='ocrx_word' id='word_1_546' title='bbox 1338 4790 1389 4841; x_wconf 89' lang='lat' dir='ltr'><em>B</em></span> <span class='ocrx_word' id='word_1_547' title='bbox 1587 4790 1656 4841; x_wconf 82' lang='lat'><strong>28</strong></span> <span class='ocrx_word' id='word_1_548' title='bbox 1687 4788 1815 4856; x_wconf 85' lang='lat' dir='ltr'><strong>toto]</strong></span> <span class='ocrx_word' id='word_1_549' title='bbox 1861 4791 2020 4857; x_wconf 77' lang='lat' dir='ltr'><strong>Ver-9.</strong></span> <span class='ocrx_word' id='word_1_550' title='bbox 2050 4792 2177 4842; x_wconf 82' lang='lat' dir='ltr'><strong>Aen.</strong></span> <span class='ocrx_word' id='word_1_551' title='bbox 2212 4791 2355 4840; x_wconf 78' lang='lat' dir='ltr'><strong>Vim</strong></span> <span class='ocrx_word' id='word_1_552' title='bbox 2391 4789 2496 4842; x_wconf 82' lang='grc'><strong>326</strong></span> <span class='ocrx_word' id='word_1_553' title='bbox 2700 4789 2770 4840; x_wconf 78' lang='grc'><strong>29</strong></span> <span class='ocrx_word' id='word_1_554' title='bbox 2798 4804 2929 4840; x_wconf 86' lang='lat' dir='ltr'><strong>nene</strong></span> <span class='ocrx_word' id='word_1_555' title='bbox 2960 4786 3145 4854; x_wconf 69' lang='lat' dir='ltr'><strong>flagelio</strong></span> <span class='ocrx_word' id='word_1_556' title='bbox 3174 4799 3233 4840; x_wconf 60' lang='grc' dir='ltr'><strong>εἰ</strong></span> 
     </span>
     <span class='ocr_line' id='line_1_47' title="bbox 705 4860 1816 4928; baseline -0.004 -14"><span class='ocrx_word' id='word_1_557' title='bbox 705 4865 862 4928; x_wconf 68' lang='lat' dir='ltr'><strong>Vera.</strong></span> <span class='ocrx_word' id='word_1_558' title='bbox 895 4877 1068 4926; x_wconf 67' lang='lat' dir='ltr'><strong>aem-9.</strong></span> <span class='ocrx_word' id='word_1_559' title='bbox 1097 4862 1142 4911; x_wconf 89' lang='lat'><strong>11</strong></span> <span class='ocrx_word' id='word_1_560' title='bbox 1178 4861 1281 4910; x_wconf 81' lang='grc'><strong>299</strong></span> <span class='ocrx_word' id='word_1_561' title='bbox 1419 4861 1490 4912; x_wconf 87' lang='grc'><strong>30</strong></span> <span class='ocrx_word' id='word_1_562' title='bbox 1521 4870 1599 4910; x_wconf 86' lang='lat' dir='ltr'><strong>est</strong></span> <span class='ocrx_word' id='word_1_563' title='bbox 1630 4875 1725 4915; x_wconf 86' lang='lat' dir='ltr'><strong>om.</strong></span> <span class='ocrx_word' id='word_1_564' title='bbox 1765 4860 1816 4910; x_wconf 89' lang='lat' dir='ltr'>F</span> 
     </span>
    </p>
   </div>
  </div>
 </body>
</html>
