3434 5442
1145 335 1562 399 CATHOLICA
1601 336 1626 397 l
1673 336 1903 398 16—21
2346 323 2355 334 ⁶
2457 342 2470 353 ”
2774 335 2815 397 9

355 477 369 492 .
399 449 610 491 nui-49
645 449 696 492 r.
2463 481 2475 494 .
2506 453 2593 495 10⁷.
2612 454 2639 493 s
2666 452 2713 495 ι.

227 541 294 582 ex
322 461 570 600 ¹,quibus
623 541 748 585 una
804 523 1026 604 syllaba
1081 522 1307 585 sublata
1362 525 1426 586 nt
1479 526 1799 594 vocativus,
1855 527 1905 585 si
1963 526 2078 586 sint
2136 527 2369 585 nomina
2422 467 2691 604 propria,
2752 532 2816 587 ut

227 643 264 684 o
303 623 584 694 Terenti:
628 628 723 686 sin
771 625 1148 706 appellativa,
1196 628 1566 691 novissimam
1610 645 1680 688 us
1722 630 1781 688 in
1826 648 1858 689 e
1901 636 2246 707 correptam,
2277 626 2588 688 mutabunt
2622 628 2680 687 in
2718 645 2814 686 vo-

228 728 434 797 cativo,
479 745 518 786 o
564 731 830 807 egregie.
915 713 1108 791 omnia
1151 737 1349 792 tamen
1391 730 1628 791 nomina
1667 749 1727 791 m
1766 732 2075 792 terminata
2120 730 2415 792 secundae
2456 739 2593 792 sunt
2632 728 2813 792 decli-

229 830 512 890 nationis:
555 849 698 892 nam
745 835 764 892 i
811 831 1032 894 faciunt
1073 833 1356 912 genetivo,
1404 841 1651 912 excepto
1693 850 1948 912 nequam
1993 837 2354 910 monoptoto.
2394 835 2405 910 Ι

394 931 448 993 Ν
505 932 705 994 littera
769 935 1084 996 terminata
1145 936 1383 996 nomina
1449 937 1656 996 tertiae
1716 941 1853 997 sunt
1912 934 2347 996 declinationis:
2414 953 2549 1012 nam
2614 936 2813 996 omnia
2864 957 2891 997 5

227 1036 500 1113 genetivo
566 1037 662 1098 nis
727 1037 971 1099 faciunt.
1055 1037 1256 1099 Latina
1303 1037 1538 1116 quidem
1595 1038 1831 1116 generis
1884 1035 2193 1099 masculini
2256 1042 2315 1098 et
2360 1036 2624 1098 feminini
2676 1055 2813 1098 rara

225 1137 557 1222 habetatum
605 1137 724 1199 duo
767 1123 992 1219 ligustra
1033 1139 1312 1217 simplici,
1360 1139 1459 1200 hic
1493 1141 1622 1201 rien
1667 1139 1845 1200 huius
1876 1139 2073 1208 rienis‚
2116 1138 2214 1219 bic
2253 1137 2369 1200 lien
2408 1139 2585 1202 huius
2614 1138 2811 1210 lienis;

224 1241 556 1319 composita
605 1244 844 1318 generis
887 1243 1076 1302 omnis
1116 1239 1213 1302 hic
1255 1247 1314 1302 et
1357 1241 1510 1302 haec
1549 1248 1609 1302 et
1647 1241 1764 1304 hoc
1808 1240 2025 1302 tibicen
2068 1243 2349 1304 cornicen
2390 1241 2631 1312 fidicen,
2677 1241 2811 1302 tibi·

222 1343 371 1402 cinis
411 1343 741 1404 cornicinis
777 1342 1055 1410 fidicinis3
1097 1345 1360 1423 quamvis
1401 1342 1713 1404 Terentius
1753 1343 2043 1405 fidicinam
2074 1350 2147 1404 ·et
2192 1343 2489 1404 tibicinam
2527 1345 2809 1422 posuerit.

219 1446 421 1506 neutri
467 1447 710 1522 generis
752 1443 934 1506 multa
981 1446 1358 1523 reperiuntur
1404 1463 1476 1507 en
1517 1447 1576 1506 in
1621 1447 1977 1506 nominativo
2022 1453 2312 1524 correpta,
2366 1447 2427 1507 in
2469 1447 2733 1524 genetivo
2777 1468 2810 1508 e
2838 1464 2890 1506 ιο

219 1545 278 1607 in
317 1547 342 1607 i
387 1553 639 1615 mutata,
680 1554 745 1608 ut
776 1546 894 1608 hoc
929 1544 1123 1624 pollen
1163 1547 1416 1628 pollinis,
1459 1565 1699 1609 carmen
1736 1545 2029 1617 carminis,
2075 1547 2271 1608 lumen
2313 1545 2566 1616 luminis,
2610 1547 2812 1624 gluten

216 1647 498 1726 glutinis,
558 1652 783 1710 crimen
828 1651 1117 1719 criminis,
1177 1647 1354 1710 limen
1407 1648 1638 1710 liminis.
1728 1649 1831 1712 sed
1884 1653 2160 1728 quoniam
2218 1648 2397 1710 multa
2443 1651 2667 1712 Graeca
2722 1649 2811 1712 vel

213 1750 482 1811 barbara
543 1753 784 1812 nomina
841 1753 1224 1830 reperiuntur
1287 1753 1522 1829 generis
1578 1751 1907 1813 masculini·
1939 1750 2026 1812 vel
2088 1751 2346 1812 feminini
2410 1750 2565 1830 (nam
2606 1751 2811 1814 Latina

211 1855 488 1932 exceptis
527 1872 712 1934 supra
755 1855 960 1933 positis
1016 1859 1073 1914 et
1113 1871 1236 1914 uno
1280 1852 1464 1914 altero
1503 1855 1781 1932 proprio,
1838 1853 1936 1915 hic
1981 1854 2187 1914 Idmon
2232 1853 2519 1923 Idmonis,
2577 1871 2613 1913 o
2650 1859 2709 1914 et
2750 1855 2811 1914 in

213 1957 594 2016 nominativo
637 1961 696 2016 et
737 1957 798 2016 in
841 1957 1106 2034 genetivo
1156 1963 1447 2034 correpta,
1495 1955 1602 2016 alia
1640 1973 1761 2016 non
1791 1955 2209 2037 inveniuntur),
2254 1954 2685 2017 observandum
2722 1963 2812 2016 est
2840 1973 2889 2014 ιε»

209 2065 276 2116 ιιι
325 2064 480 2117 tunc
531 2059 932 2137 producamus
973 2057 1207 2128 Latine,
1260 2059 1310 2117 si
1353 2058 1508 2136 apud
1555 2056 1685 2118 illos
1730 2058 2173 2138 producuntur,
2232 2065 2297 2118 ut
2330 2058 2513 2119 Sinon
2559 2057 2809 2127 SinoniS,

209 2159 498 2244 Rubicon
526 2159 873 2229 RubiconiS,
917 2167 1059 2222 tunc
1088 2159 1494 2238 corripiamus,
1539 2160 1590 2222 si
1617 2160 1771 2239 apud
1818 2159 1949 2220 illos
1981 2159 2397 2238 corripiuntur,
2443 2166 2509 2220 ut
2536 2155 2810 2220 Memnon
2872 2205 2889 2218 .

211 2261 590 2330 Memnonis,
645 2261 744 2322 hic
785 2268 846 2322 et
901 2261 1049 2323 haec
1089 2261 1285 2322 Saxon
1331 2261 1610 2333 Saxonis,
1670 2263 1767 2323 bic
1808 2261 1979 2323 Titan
2026 2262 2177 2332 Pan,
2218 2261 2442 2323 Titanis
2497 2261 2671 2322 Panis
2724 2259 2811 2321 vel

209 2362 462 2423 Titanos
503 2363 721 2432 Panos,
765 2369 828 2424 ut
873 2361 1160 2440 Vergilius
1203 2363 1478 2424 ‘Panos
1519 2363 1609 2425 de
1651 2381 1857 2426 more
1899 2364 2205 2444 Lycaei’
2252 2365 2379 2424 sine
2424 2361 2667 2424 alicuius
2708 2361 2809 2423 de-

211 2464 558 2524 clinationis
601 2466 862 2526 ratione:
921 2463 1076 2525 nulla
1129 2467 1286 2526 enim
1326 2463 1636 2528 declinatio
1695 2468 1963 2545 genetivo
2012 2484 2121 2526 nos
2162 2463 2380 2546 syllaba
2438 2465 2807 2526 terminatur.
2836 2483 2888 2526 ao

211 2567 513 2644 excipitur
557 2585 746 2658 unum
789 2569 863 2628 tis
909 2566 1127 2628 faciens
1170 2542 1460 2644 genetivo,
1506 2567 1782 2629 Laocoon
1828 2567 2199 2630 Laocoontis.
2270 2569 2466 2646 posuit
2501 2567 2811 2628 Lucretius

213 2667 328 2728 hoc
373 2686 650 2747 sanguen
697 2687 873 2729 novo
895 2687 1080 2739 more,
1129 2687 1262 2730 cum
1300 2672 1375 2730 sit
1414 2671 1510 2732 bic
1538 2673 1775 2750 sanguis
1816 2671 1989 2732 huius
2022 2671 2341 2748 sanguinis,
2386 2681 2590 2730 contra
2632 2671 2811 2730 ratio-

213 2789 350 2830 nem
396 2772 534 2849 guis
573 2771 1056 2839 terminatorum,
1117 2791 1269 2851 quae
1312 2775 1644 2850 genetivum
1696 2773 1943 2834 similem
1988 2773 2344 2833 nominativo
2403 2773 2653 2842 faciunt',
2713 2773 2811 2833 hic

211 2875 426 2950 anguis
471 2875 728 2952 pinguia,
773 2872 950 2934 huius
992 2875 1200 2952 anguis
1243 2875 1493 2952 pinguis

385 2975 436 3036 Ο
483 2975 678 3036 littera
726 2993 874 3054 pura
928 2977 1242 3036 terminata
1298 2978 1532 3038 nomina
1578 2979 1851 3054 genetivo
1890 2993 1927 3036 o
1966 2977 2293 3054 producant
2332 2993 2577 3038 necesse
2615 2983 2704 3037 est
2748 2983 2885 3038 etas
2956 3041 2967 3054 ⁸

214 3080 422 3138 tertiae
472 3079 592 3138 sint
634 3076 1069 3138 declinationis:
1136 3096 1271 3138 nam
1317 3079 1366 3140 is
1418 3080 1733 3140 terminant
1783 3081 2151 3157 genetivum,
2209 3077 2301 3140 leo
2356 3077 2579 3146 leonis,
2625 3077 2811 3140 Pollio

211 3178 516 3240 Pollionis.
611 3181 900 3258 excipitur
941 3199 1160 3250 unum,
1208 3180 1364 3260 quod
1409 3182 1470 3240 in
1509 3182 1777 3258 genetivo
1820 3199 1855 3240 o
1900 3182 1958 3240 in
2000 3200 2032 3241 e
2076 3188 2408 3258 correptam
2448 3187 2667 3250 mutat,
2714 3180 2810 3241 hic

209 3281 362 3341 Anio
419 3281 602 3342 huius
647 3283 916 3352 Anienis„
966 3300 1184 3343 nomen
1241 3281 1517 3344 fluminis.
1609 3301 1743 3343 cum
1801 3282 2003 3362 aliqua·
2048 3300 2185 3343 vero
2242 3284 2589 3345 consonanti
2638 3299 2809 3363 prae-

213 3383 408 3461 posita
451 3390 514 3444 et
548 3385 953 3462 corripiuntur
1001 3393 1059 3446 et
1097 3384 1538 3464 producuntur,
1583 3385 1834 3463 ideoque
1877 3401 1987 3464 per
2028 3383 2285 3464 singulas
2328 3383 2553 3446 litteras
2597 3385 2808 3448 docea-

210 3503 342 3546 mus
383 3487 626 3548 iunctas
665 3505 702 3547 o
741 3485 986 3548 litterae.
1076 3487 1154 3548 bo
1193 3487 1502 3549 terminata
1547 3488 1961 3566 producuntur
2004 3489 2063 3547 in
2108 3487 2395 3565 genetivo,
2441 3487 2591 3548 Libo
2632 3487 2808 3549 Libo·
2834 3497 2887 3540 ³⁰

213 3589 328 3658 nis,
387 3587 594 3650 Carbo
633 3588 946 3661 CarboniS,
997 3589 1198 3651 Narbo
1241 3588 1552 3650 Narbonis.
1643 3590 1761 3650 hoc
1814 3596 2011 3651 tamen
2064 3591 2219 3650 scire
2272 3588 2586 3658 debemus,
2650 3589 2809 3669 quod

213 3693 398 3750 omnis
452 3691 853 3753 nominativus
895 3711 932 3751 o
983 3691 1175 3752 littera
1232 3693 1584 3753 terminatus
1643 3692 1765 3754 sive
1823 3685 1969 3771 pura
2022 3691 2163 3753 sive*
2199 3691 2388 3771 aliqua
2448 3701 2810 3754 consonante

215 3811 428 3872 praepo
453 3791 592 3874 {sita
636 3800 698 3854 et
757 3795 953 3854 iuncta
997 3795 1345 3874 corripitur,
1405 3797 1666 3873 exceptis
1711 3796 1983 3865 Graecis»,
2044 3811 2195 3872 quae
2239 3793 2685 3873 producuntur,
2746 3801 2813 3854 ut

215 3895 348 3955 Dido
389 3895 632 3965 Manto,
679 3895 932 3974 ideoque
977 3896 1378 3958 indifferenter
1424 3896 1795 3958 declinantur
1842 3897 2041 3957 Latina
2091 3896 2350 3965 ratione,
2410 3895 2585 3958 huius
2628 3895 2809 3958 Didus

217 3997 452 4068 Mantus,
499 4005 572 4058 ut
617 3995 910 4075 Vergilius
2832 4009 2883 4051 as

617 4099 990 4163 fatidicae
1033 4102 1322 4165 Mantus
1365 4108 1436 4164 et
1468 4102 1709 4163 Tusci.

217 4219 274 4261 to
317 4201 544 4284 syllaba
589 4205 643 4263 si
705 4203 940 4263 inventa
997 4204 1241 4274 fuerint,
1303 4201 1739 4284 producentur:
1798 4201 2053 4264 barbara
2101 4202 2322 4273 audivi,
2383 4200 2517 4262 Sico
2558 4201 2805 4272 SiconiS,

321 4409 385 4461 lt)
411 4423 478 4460 en
518 4407 804 4459 Sacerdos
841 4421 870 4455 n
905 4405 958 4456 B
1093 4406 1156 4458 11
1193 4405 1388 4474 pollen]
1427 4407 1681 4458 Pmcian.
1713 4423 1770 4472 p.
1810 4407 1914 4459 708
2064 4407 2130 4457 14
2167 4407 2251 4456 hic
2286 4407 2461 4456 idmon
2498 4403 2722 4455 idmonis
2758 4405 2809 4456 B

213 4476 274 4528 hie
300 4481 504 4531 idemon
551 4479 728 4529 huius
761 4475 1017 4526 idemouis
1051 4493 1087 4542 p
1122 4475 1206 4528 hic
1241 4478 1460 4543 Ligmon
1499 4479 1761 4546 Ligmonis
1800 4491 1835 4535 ς
2007 4476 2071 4526 16
2118 4477 2163 4526 si
2198 4485 2322 4541 aput
2358 4476 2475 4526 illos
2512 4475 2808 4542 producitur

211 4548 290 4600 idue
316 4551 642 4618 producitur
668 4547 770 4598 B:
805 4548 1154 4612 producuntur
1189 4547 1560 4599 Lindemannus
1671 4549 1736 4599 18
1774 4547 1948 4598 Saxon
1976 4547 2195 4598 Saxonis
2226 4561 2300 4610 ρς
2337 4561 2491 4596 sason
2525 4546 2728 4596 sasonis
2757 4545 2807 4596 B

335 4625 400 4676 19
443 4616 766 4687 Vergilius]
813 4619 946 4668 Aen.
987 4619 1103 4668 Vlll
1135 4617 1235 4670 344
1409 4617 1472 4669 21
1513 4632 1668 4668 unum
1708 4620 1775 4668 tis
1812 4633 1953 4668 cor-r.
2002 4618 2255 4682 excipitur
2284 4631 2439 4666 unum
2477 4618 2542 4666 tis
2580 4617 2631 4667 B

198 4691 450 4764 henin-J
489 4696 516 4746 1
559 4691 706 4744 837.
746 4689 856 4740 860
1029 4689 1098 4742 27
1145 4705 1172 4738 e
1209 4699 1490 4754 correptam
1525 4689 1755 4753 defendit
1783 4688 2157 4739 Heeketcenius
2208 4688 2271 4737 de
2298 4688 2487 4752 sraqrn.
2522 4693 2621 4738 vet.
2658 4695 2800 4750 poet.

193 4765 278 4816 ld.
307 4768 457 4831 apud
495 4765 744 4816 Gellium
775 4757 962 4823 (Lim.
999 4775 1048 4807 α.
1089 4757 1246 4822 1854)
1287 4773 1340 4822 p.
1381 4759 1448 4810 33
1639 4757 1707 4808 34
1749 4759 2069 4809 declinantur
2102 4761 2490 4821 superscriptum
2525 4764 2601 4808 est
2634 4758 2685 4806 in
2717 4755 2800 4807 B:

179 4839 503 4890 indifl'erenter
543 4831 904 4884 declinantur
939 4837 988 4879 et
1026 4830 1214 4880 Graece
1249 4841 1298 4878 et
1332 4829 1510 4880 Latine
1545 4827 1807 4880 Sacerdos
1942 4828 2011 4880 35
2049 4827 2333 4894 Vergilius]
2370 4827 2499 4879 Aen.
2538 4827 2587 4876 X
2625 4825 2725 4878 199
