3434 5442
1185 326 1562 389 APPEme
1603 326 1853 387 45—74
2687 328 2806 389 201

2388 456 2433 496 ρ.
2461 442 2553 483 ns.
2572 442 2625 483 49
2655 442 2711 485 v.

393 516 584 588 Inter,
605 515 992 576 criminosum
1048 520 1108 575 et
1159 513 1600 575 criminatorem
1655 512 1773 576 hoc
1820 514 2096 583 interest,
2151 513 2313 594 quod
2370 514 2811 575 criminatorem

235 619 328 697 qui
365 618 594 679 crimen
631 616 774 678 dicit
816 615 1116 694 designat,
1171 616 1556 676 criminosum
1599 620 1796 675 autem
1848 616 1909 676 in
1950 634 2127 696 quem
2174 616 2402 677 crimen
2448 614 2667 677 dicitur
2710 616 2811 677 de-

231 726 532 781 monstrat.
1765 730 1795 751 ⁶

393 820 554 881 Inter
597 818 904 880 libidinem
943 824 1002 879 et
1039 816 1338 879 lividinem
1379 818 1494 878 hoc
1532 818 1812 887 interest,
1868 817 2026 895 quod
2070 817 2374 880 libidinem
2430 818 2811 896 cupiditatem

227 922 401 982 animi
445 920 754 999 significat,
801 930 862 981 at
901 937 1044 981 vero
1083 917 1384 980 lividinem
1424 918 1672 981 livorem
1711 922 1981 998 corporis
2024 938 2154 981 esse
2198 919 2585 981 demonstrat.
2862 948 2888 985 a

388 1022 556 1083 lnter
597 1019 819 1083 malum
869 1028 925 1083 et
969 1020 1188 1082 malum
1243 1020 1358 1081 hoc
1395 1022 1672 1091 interest,
1732 1022 1921 1101 quod,
1978 1023 2028 1081 si
2072 1020 2291 1083 malum
2340 1022 2629 1100 producte
2675 1040 2812 1101 pro·

225 1124 472 1193 feratur,
519 1122 714 1185 velum
759 1120 855 1185 vel
891 1121 1074 1184 arbor
1117 1124 1282 1183 navis
1327 1140 1570 1183 necesse
1615 1130 1707 1183 est
1751 1130 1817 1184 ut
1858 1121 2262 1201 intellegatur3
2315 1123 2367 1184 si
2409 1140 2546 1183 vero
2590 1122 2809 1184 malum

225 1232 497 1305 correpte
537 1223 898 1305 proferatur,
944 1224 1006 1285 id
1049 1223 1205 1303 quod
1249 1231 1340 1286 est
1379 1225 1704 1303 pessimum
1747 1242 1991 1286 necesse
2036 1232 2127 1285 est
2170 1230 2235 1285 ut
2274 1222 2683 1287 subaudiatur.

385 1325 552 1387 lnter
591 1328 750 1388 iuvat
791 1334 848 1387 et
891 1324 1058 1387 iubat
1099 1325 1214 1387 hoc
1247 1327 1510 1395 interest,
1559 1325 1721 1404 quod
1763 1326 1922 1387 iuvat
1951 1326 2185 1388 adiuvat
2225 1326 2535 1403 significat,
2581 1333 2808 1387 atvero

221 1426 382 1489 iubat
425 1427 684 1489 delectat
726 1428 1106 1490 demonstrat.
2838 1454 2887 1495 ιο

390 1528 552 1591 lnter
592 1528 800 1591 tubam
843 1536 902 1591 et
943 1528 1120 1591 tubos
1159 1530 1276 1592 hoc
1317 1531 1590 1600 interest,
1649 1528 1807 1607 quod
1858 1527 2059 1591 tubam
2104 1527 2488 1608 symphoniae
2532 1527 2810 1591 bucinam

223 1632 528 1710 significat,
577 1638 638 1693 at
680 1649 820 1693 vero
861 1630 1040 1694 tubos
1082 1633 1184 1711 qui
1227 1648 1441 1713 aquam
1487 1632 1729 1693 mittunt
1771 1649 1901 1693 esse
1940 1630 2327 1691 demonstrat.

389 1732 557 1795 Inter
598 1731 846 1795 barbam
903 1741 963 1795 et
1011 1732 1234 1796 barbas
1288 1732 1406 1795 hoc
1458 1734 1735 1801 interest,
1800 1731 1958 1811 quod
2012 1731 2261 1795 barbam
2314 1732 2623 1794 hominum
2680 1750 2812 1795 esse

221 1835 510 1913 designat,
553 1833 774 1897 barbas
815 1852 958 1897 vero
1003 1833 1347 1897 animalium
1387 1852 1518 1897 esse
1555 1834 1940 1895 demonstrat.

387 1936 552 1998 Inter
605 1943 884 1999 neutrum
953 1944 1012 1997 et
1065 1934 1334 1998 neutrale
1393 1936 1508 1997 hoc
1561 1938 1837 2006 interest,
1880 1936 2059 2015 ·quod
2110 1941 2389 1998 neutrum
2444 1955 2662 1998 nomen
2710 1944 2812 1998 aut
2839 1961 2887 2002 ιε,

218 2056 555 2117 pronomen
595 2036 688 2101 vel
724 2040 1102 2118 participium
1138 2038 1442 2116 significat,
1487 2036 1759 2101 neutrale
1797 2055 1939 2099 vero
1975 2037 2221 2101 verbum
2260 2056 2389 2099 esse
2425 2038 2808 2099 demonstrat.

387 2138 552 2201 Inter
587 2146 757 2201 tuum
795 2147 854 2202 et
899 2148 1023 2201 tum
1067 2141 1186 2202 hoc
1223 2142 1487 2211 interest,
1533 2140 1694 2221 quod
1741 2146 1905 2201 tuum
1947 2156 2279 2219 pronomen
2320 2140 2639 2219 significat,
2685 2146 2810 2201 tum

217 2257 361 2302 vero
403 2240 750 2303 adverbium
789 2260 920 2304 esse
961 2242 1344 2305 demonstrat.

390 2342 553 2404 inter
607 2342 832 2421 fragrat
879 2351 940 2406 et
975 2343 1188 2423 flagrat
1229 2344 1348 2405 hoe
1387 2344 1664 2414 interest,
1720 2330 1886 2424 quod'
1934 2344 2159 2423 fragrat
2208 2342 2453 2405 odorem
2500 2343 2809 2423 significat,

217 2442 433 2523 flagrat
477 2462 616 2507 vero
655 2444 1036 2525 splendorem
1081 2446 1464 2509 demonstrat.
2282 2526 2289 2531 Ι
2834 2469 2887 2511 πο

387 2546 551 2608 Inter
594 2546 894 2609 theatrum
947 2554 1006 2609 et
1059 2547 1292 2610 theatra
1343 2547 1458 2609 hoc
1510 2548 1789 2618 interest,
1848 2547 2007 2627 quod
2051 2547 2349 2610 theatrum
2406 2549 2639 2610 moenia
2682 2550 2811 2628 ipsa

215 2648 529 2727 significat,
577 2649 810 2711 theatra
853 2668 995 2712 vero
1035 2649 1208 2712 ludos
1247 2650 1516 2712 scenicos
1561 2667 1692 2713 esse
1738 2648 2125 2712 demonstrat.

385 2748 550 2812 Inter
591 2750 792 2813 dolum
851 2760 910 2814 et
965 2751 1232 2814 dolorem
1289 2752 1404 2813 hoc
1455 2752 1731 2823 interest,
1790 2752 1949 2832 quod
2006 2750 2208 2814 dolum
2268 2752 2811 2830 tergiversationem

215 2852 526 2931 significat,
571 2852 842 2915 dolorem
879 2872 1020 2917 vero
1067 2855 1340 2933 corporis
1383 2854 1851 2932 inquietudinem
1896 2872 2025 2915 esse
2070 2853 2458 2916 demonstrat.

387 2952 554 3017 lnter
595 2958 908 3035 augurium
959 2964 1017 3017 et
1061 2956 1384 3033 auspicium
1425 2956 1540 3017 hoc
1581 2956 1845 3027 interest,
1886 2954 2046 3035 quod
2078 2957 2391 3033 augurium
2436 2956 2627 3017 avium
2671 2972 2807 3015 can-
2836 2977 2887 3019 25

215 3066 344 3119 tum
394 3057 701 3135 significat,
749 3060 1076 3137 auspicium
1122 3075 1262 3119 vero
1309 3055 1618 3119 cuiuslibet
1663 3064 1967 3137 aspectum
2012 3056 2401 3119 demonstrat.

387 3157 551 3221 Inter
585 3159 846 3238 probum
887 3168 944 3222 et
985 3160 1278 3240 probrum
1319 3158 1436 3221 hoc
1477 3160 1757 3229 interest,
1802 3159 1963 3239 quod
2007 3156 2265 3238 probum
2317 3160 2537 3219 iustum
2590 3159 2810 3237 signifi-

217 3268 331 3330 cat,
381 3259 674 3339 probrum
719 3280 860 3322 vero
905 3262 1360 3341 ignominiosum
1405 3279 1534 3323 esse
1579 3259 1963 3322 demonstrat.

391 3364 554 3425 Inter
600 3362 958 3427 coclearium
1005 3371 1064 3425 et
1113 3362 1382 3425 cocleare
1425 3363 1542 3425 hoc
1584 3364 1862 3432 interest,
1918 3362 2080 3443 quod
2125 3360 2481 3425 coclearium
2527 3380 2662 3424 eum
2710 3364 2815 3442 qui

217 3463 452 3528 cocleas
495 3466 694 3527 vendit
733 3466 1041 3545 significat,
1083 3464 1354 3527 cocleare
1395 3482 1535 3526 vero
1577 3470 1927 3543 argenteum
1957 3482 2085 3526 esse
2122 3463 2504 3525 demonstrat.
2834 3486 2887 3529 ao

387 3566 550 3628 Inter
607 3569 862 3648 Asprum
929 3575 988 3629 et
1053 3585 1331 3647 asperum
1395 3566 1511 3628 hoc
1573 3568 1849 3636 interest,
1918 3565 2077 3647 quod
2143 3567 2396 3644 Asprum
2462 3565 2812 3629 vocabulum

211 3670 476 3731 hominis
515 3687 644 3731 esse
677 3668 1054 3747 intellegitur,
1101 3687 1380 3748 asperum
1421 3674 1616 3731 autem
1655 3686 1778 3730 non
1816 3668 1979 3730 laeve
2022 3687 2153 3731 esse
2200 3668 2659 3732 demonstratur.
2694 3665 2723 3755 ss

387 3772 556 3833 Inter
590 3768 726 3833 velit
766 3778 826 3832 et
867 3769 1021 3832 vellit
1061 3771 1175 3833 hoc
1227 3774 1501 3843 interest,
1561 3771 1721 3851 quod
1767 3769 1903 3833 velit
1946 3770 2236 3833 volentem
2278 3772 2597 3850 significat,
2654 3772 2814 3833 vellit

213 3880 416 3939 autem
457 3874 612 3935 eruit
655 3872 1036 3937 demonstrat.

383 3975 548 4037 Inter
590 3974 906 4037 honestum
950 3982 1010 4037 et
1047 3982 1326 4039 onustum
1364 3976 1480 4037 hoc
1514 3978 1790 4045 interest,
1840 3974 1997 4054 quod
2041 3974 2355 4037 honestum
2402 3975 2659 4038 nobilem
2708 3977 2809 4039 de·
2835 3997 2886 4038 aa

211 4080 428 4157 signat,
478 4083 759 4139 onustum
805 4096 944 4140 vero
987 4096 1136 4141 onus
1180 4079 1470 4141 ferentem
1509 4077 1891 4139 demonstrat.

357 4248 382 4299 1
424 4250 564 4297 luter
592 4249 1011 4300 criminosum—
1033 4253 1066 4301 2
1105 4249 1416 4299 demonstrat
1447 4252 1629 4299 lacuna
1665 4248 2060 4298 membranarum
2089 4250 2354 4311 perier-unt
2382 4250 2434 4299 in
2461 4249 2511 4298 B
2652 4249 2685 4295 2
2723 4247 2811 4297 de-

209 4316 412 4385 signat]
459 4318 674 4385 desigfil'
705 4318 771 4368 M
973 4322 1006 4368 4
1049 4316 1401 4385 cupiditatem]
1458 4319 1752 4382 qualitatem
1787 4318 1866 4367 B:
1918 4319 2248 4383 cupiditatem
2288 4318 2519 4383 corporis
2554 4316 2812 4384 significat

209 4388 482 4439 liuidinem
521 4404 645 4440 nero
681 4390 914 4455 corporis
949 4388 1016 4439 M
1147 4390 1180 4440 6
1217 4388 1353 4452 quod
1389 4402 1482 4438 om.
1518 4390 1602 4440 B:
1637 4387 1777 4450 quod
1806 4387 1995 4437 malum
2029 4388 2074 4439 si
2112 4388 2412 4451 productum
2449 4387 2512 4435 M
2628 4387 2662 4438 8
2699 4401 2811 4436 cor-

207 4472 418 4524 reptum
459 4458 524 4508 M
631 4458 684 4509 id
715 4468 792 4508 est
830 4460 964 4521 quod
997 4466 1074 4509 est
1110 4462 1393 4524 pessimum
1437 4459 1504 4509 M
1637 4458 1838 4507 91nter
1872 4458 2014 4507 iubat
2053 4471 2102 4507 et
2144 4458 2281 4507 iubat
2320 4456 2476 4522 (corr.
2516 4457 2681 4519 iuuat)
2716 4455 2813 4505 hoc

209 4530 428 4579 interest
464 4528 600 4592 quod
642 4529 782 4578 iubat
817 4528 868 4577 B
1028 4544 1146 4579 vcro
1183 4545 1274 4579 om.
1317 4528 1384 4578 M
1520 4528 1584 4579 to
1621 4524 1782 4591 iubat]
1816 4528 1957 4577 iuuat
1994 4526 2043 4577 B
2182 4527 2514 4579 demonstrat.
2574 4540 2809 4577 expuet-r

209 4614 306 4650 aas
347 4614 498 4650 raom
537 4595 603 4651 »ὅ
637 4611 854 4650 nantas
890 4614 1030 4651 Auen
1069 4599 1134 4649 M
1302 4599 1365 4649 15
1407 4598 1540 4647 lnter
1575 4594 1834 4661 neutrum]
1876 4596 1969 4648 sed
1998 4598 2279 4647 secundum
2311 4597 2531 4647 Probum
2574 4604 2809 4646 neutrum

209 4671 262 4719 in
303 4670 529 4730 nomine,
569 4669 797 4719 neutrale
831 4670 882 4717 in
923 4669 1076 4720 verbo
1116 4670 1302 4719 rectius
1341 4668 1560 4719 dicimus
1593 4668 1761 4718 code-v
1788 4668 2058 4719 Parisinus
2086 4666 2219 4717 7491
2250 4667 2297 4730 f.
2324 4666 2393 4719 93
2500 4666 2565 4719 19
2600 4664 2805 4731 flagrat]

209 4738 403 4805 fraglat
437 4738 490 4788 B
629 4738 767 4803 quod
796 4738 990 4805 fraglat
1023 4738 1074 4787 B
1249 4737 1318 4791 29
1352 4740 1488 4788 Inter
1524 4738 1821 4789 cocliarium
1854 4736 1905 4787 B
2046 4736 2113 4789 30
2152 4737 2315 4787 uindit
2346 4736 2399 4787 B
2538 4736 2608 4789 33
2644 4736 2809 4802 signi-

209 4809 332 4859 ficet
367 4808 420 4859 B
