3434 5442
1290 317 1712 380 PRAEFATIO
2595 339 2819 388 xxx1x

233 500 594 566 auctoritati
641 525 716 568 se
760 502 1136 586 addixerat,
1180 504 1620 591 incorruptam
1648 504 1802 571 libri
1835 505 2140 589 formam,
2185 518 2262 574 ut
2298 508 2422 574 sibi
2452 509 2818 592 videbatur,

231 611 556 668 assecutus
604 615 739 688 est,
785 607 1168 691 praesertim
1210 629 1358 672 cum
1401 629 1533 672 non
1575 608 1738 673 satis
1782 618 2085 675 accurate
2128 609 2371 698 ubique
2416 613 2819 678 animadver-

229 706 430 786 tisset,
477 707 644 791 quid
686 709 758 772 in
801 706 914 772 illo
957 707 1181 773 codice
1225 731 1264 773 a
1294 719 1514 774 vetere
1558 708 1824 775 librario
1871 713 2187 798 scriptum
2232 722 2433 794 esset,
2482 714 2640 801 quid
2682 737 2819 779 cor-

229 809 456 874 rectori
499 809 876 875 deberetur.
940 819 1228 875 ceterum
1271 812 1586 876 minorem
1631 811 1712 876 de
1756 822 1901 878 octo
1944 814 2241 900 partibus
2286 814 2636 881 editionem
2666 818 2819 882 Lin-

233 910 583 976 demannus
651 933 784 976 non
839 913 1078 997 magis,
1145 933 1341 1000 quam
1395 914 1628 999 reliqui
1695 915 1809 1001 qui
1867 915 2111 981 Donati
2180 925 2385 982 artem
2453 916 2815 1001 ediderunt,

231 1015 538 1098 neglexit.

393 1113 625 1182 Novae
679 1115 980 1182 editionis
1039 1117 1358 1182 rationem
1415 1118 1640 1204 paucis
1701 1119 2074 1205 explicabo·
2162 1122 2385 1207 itaque
2434 1144 2583 1187 cum
2625 1124 2695 1187 in
2738 1146 2813 1188 eo

233 1217 420 1300 libro,
465 1220 582 1305 qui
624 1219 820 1304 longo
865 1219 1234 1284 docentium
1277 1229 1343 1284 et
1385 1217 1771 1284 discentium
1812 1243 1936 1284 usu
1964 1223 2156 1288 tritus
2191 1231 2389 1305 esset,
2434 1225 2503 1289 id
2531 1227 2815 1292 maxime

235 1330 561 1404 ageretur,
619 1331 692 1386 ιιι
747 1321 1196 1407 antiquissima
1241 1331 1308 1387 et
1346 1323 1769 1407 integerrima
1823 1322 2065 1407 forma,
2124 1347 2291 1412 quae
2335 1326 2597 1412 quidem
2641 1330 2811 1395 codi-

235 1445 374 1488 cum
415 1445 616 1514 manu
659 1425 1048 1509 scriptorum
1089 1424 1218 1490 fide
1263 1424 1635 1510 recuperari
1678 1434 1926 1511 posset,
1972 1429 2453 1510 restitueretur,
2500 1451 2587 1494 ex
2627 1428 2812 1496 libris

235 1547 426 1611 supra
466 1525 810 1612 descriptis
839 1523 1007 1610 elegi
1037 1533 1200 1608 tres,
1246 1527 1634 1591 Leidensem
1665 1526 2129 1592 Santenianum
2162 1529 2807 1613 Sangermanensem,

237 1629 404 1692 etin
443 1628 690 1692 minore
745 1637 884 1692 arte
938 1637 1242 1713 quartum
1287 1627 1789 1695 Emmeramum.
1876 1651 1961 1694 ex
2016 1631 2252 1718 quibus
2308 1633 2641 1698 codicibus
2685 1636 2810 1702 etsi

239 1729 444 1794 nullus
489 1729 574 1794 ab
616 1729 1116 1815 interpolatione
1158 1731 1534 1814 posterioris
1579 1732 1815 1796 aetatis
1858 1754 2121 1817 prorsus
2168 1731 2336 1798 liber
2380 1743 2505 1816 est,
2552 1737 2721 1802 sicut
2751 1745 2817 1801 et

238 1833 373 1917 ipsa
428 1831 867 1918 discrepantia
919 1831 1218 1897 codicum
1273 1831 1464 1897 docet
1507 1841 1573 1898 et
1615 1835 1987 1899 testimonia
2041 1835 2323 1921 probant
2364 1839 2814 1922 grammatico-

241 1955 406 2013 rum,
470 1934 582 2020 qui
633 1933 741 2000 vel
797 1936 939 2020 ipso
984 1934 1244 2000 Donato
1289 1932 1396 2000 vel
1438 1935 1670 2000 iisdem
1715 1937 2117 2019 auctoribus,
2176 1960 2339 2024 quos
2395 1936 2507 2003 ille
2550 1950 2814 2006 secutus

239 2047 398 2116 erat,
451 2037 552 2100 usi
609 2045 790 2116 sunt,
849 2045 1063 2100 tamen
1109 2058 1150 2101 a
1191 2037 1476 2122 genuina
1530 2037 1743 2102 forma
1784 2040 2082 2123 proxime
2126 2038 2357 2104 abesse
2399 2041 2620 2106 inveni
2665 2043 2813 2107 Lei-

239 2139 506 2202 densem.
607 2159 760 2202 nam
817 2145 892 2202 ιιι
944 2140 1312 2203 accuratius
1369 2160 1564 2224 quam
1618 2138 1855 2226 reliqui
1910 2142 2189 2228 scriptus
2248 2150 2375 2223 est,
2443 2143 2538 2208 ita
2602 2166 2815 2230 pauca

238 2261 431 2325 eaque
495 2238 655 2304 satis
721 2238 896 2306 levia
960 2240 1230 2306 arbitrio
1295 2241 1869 2326 grammaticorum
1942 2243 2248 2308 videntur
2316 2254 2569 2308 mutata
2640 2267 2806 2310 esse.

235 2353 450 2427 postea
490 2342 852 2408 recentiore
901 2365 1100 2408 manu
1142 2342 1463 2429 quaedam
1516 2352 1771 2410 mutata
1810 2344 1919 2410 vel
1964 2345 2191 2410 addita
2234 2355 2405 2411 sunt.
2494 2349 2701 2433 magis
2746 2358 2814 2413 et

233 2465 442 2508 errore
483 2444 735 2510 librarii
781 2452 846 2508 et
886 2444 1383 2530 interpolatione
1437 2446 2012 2528 grammaticorum
2055 2456 2399 2534 corruptus
2446 2460 2545 2515 est
2588 2449 2810 2516 Sante-

227 2547 452 2612 nianus
519 2547 749 2612 codex.
839 2569 880 2611 a
932 2556 1292 2612 correctore
1364 2555 1616 2631 autem,
1695 2550 1808 2635 qui
1884 2548 2171 2614 codicem
2239 2549 2810 2636 neglegentissime

226 2650 535 2734 scriptum
577 2649 977 2730 emendavit,
1021 2671 1150 2713 non
1195 2649 1404 2714 solum
1448 2650 1797 2716 manifesta
1839 2650 2087 2717 librarii
2132 2653 2296 2717 vitia
2323 2663 2647 2735 correcta,
2694 2656 2810 2721 sed

227 2753 418 2816 etiam
460 2751 788 2837 permulta
831 2773 916 2816 ex
959 2750 1085 2815 alio
1129 2751 1352 2816 codice
1395 2753 1677 2817 maxime
1721 2752 2108 2840 interpolato
2154 2754 2381 2819 addita
2422 2754 2529 2820 vel
2560 2765 2812 2822 mutata

221 2861 392 2918 sunt.
503 2875 632 2917 non
698 2851 896 2917 nullis
961 2851 1122 2918 locis
1177 2864 1393 2919 tamen
1446 2855 1658 2921 codex
1724 2854 1991 2942 reliquis
2058 2857 2357 2922 omnibus
2422 2859 2809 2944 antiquitate

215 2955 514 3041 superior
555 2956 908 3039 genuinam
953 2955 1342 3041 scripturam
1385 2957 1454 3021 in
1497 2957 1967 3022 recentioribus
2022 2956 2207 3022 libris
2262 2969 2635 3046 corruptam
2679 2983 2808 3025 ser-

211 3059 422 3122 vavit.
518 3078 742 3122 eorum
787 3057 1100 3122 librorum
1143 3059 1255 3144 qui
1297 3059 1580 3123 maxime
1629 3058 2005 3144 interpolati
2056 3069 2209 3138 sunt
2250 3060 2620 3148 exemplum
2664 3085 2808 3127 esse

209 3160 396 3224 volui
437 3159 1101 3245 Sangermanensem,
1147 3161 1262 3246 qui
1305 3183 1452 3224 cum
1496 3169 1857 3226 correctore
1903 3160 2282 3226 Santeniani
2326 3164 2568 3228 codicis
2613 3187 2807 3251 saepe

207 3263 570 3342 consentit,
639 3283 787 3326 raro
853 3271 1070 3328 autem
1128 3263 1480 3346 genuinam
1535 3262 1925 3348 scripturam
1978 3264 2049 3328 in
2102 3264 2368 3349 reliquis
2428 3266 2609 3331 libris
2668 3287 2805 3330 cor-

205 3374 476 3449 ruptam
503 3365 817 3430 servavit.
863 3365 1217 3430 recentiore
1245 3385 1444 3428 manu
1473 3387 1620 3430 cum
1652 3365 1816 3430 vitia
1836 3365 2159 3451 quaedam
2180 3367 2421 3432 veteris
2444 3369 2807 3455 scripturae

205 3477 534 3548 correcta,
566 3475 706 3531 tum
735 3489 944 3564 novae
983 3465 1518 3552 interpolationes
1564 3465 1828 3532 additae
1872 3476 2042 3532 sunt.
2101 3470 2304 3554 igitur
2344 3490 2476 3533 non
2506 3469 2806 3535 dubitavi

209 3571 478 3654 primas·
513 3579 737 3655 partes
790 3568 1076 3632 tribuere
1129 3567 1436 3633 Leidensi
1491 3568 1727 3649 codici,
1796 3592 1990 3657 quem
2046 3579 2111 3635 et
2162 3571 2230 3635 in
2282 3573 2589 3636 universa
2654 3570 2805 3637 libri

207 3670 422 3735 forma
466 3679 534 3735 et
575 3671 646 3734 in
690 3669 964 3756 singulis
1007 3669 1228 3736 verbis
1273 3669 1743 3736 constituendis
1786 3673 1856 3736 in
1884 3673 2109 3759 primis
2140 3684 2399 3738 secutus
2432 3696 2595 3738 sum.
2653 3674 2807 3740 huic

209 3775 274 3838 in
315 3775 572 3840 minore
616 3781 756 3838 arte
797 3794 999 3836 unum
1043 3772 1314 3839 adiunxi
1343 3773 1829 3838 Emmeramum
1871 3774 2188 3856 codicem,
2236 3797 2319 3841 ex
2362 3798 2490 3862 quo
2519 3799 2687 3863 quae
2720 3777 2807 3841 ad

211 3873 688 3940 emendandam
729 3875 1117 3960 scripturam
1159 3875 1504 3940 Leidensis
1550 3877 1821 3956 codicis,
1880 3876 1937 3941 si
1980 3877 2237 3962 quando
2292 3887 2600 3965 corrupta
2644 3889 2801 3961 erat,
2845 3943 2851 3950 .

215 3987 364 4063 apta
417 3977 527 4042 vel
589 3975 808 4063 aliquo
865 3976 1056 4041 modo
1111 3977 1561 4042 memorabilia
1615 3999 1757 4042 esse
1812 3978 2209 4044 videbantur
2249 3980 2578 4066 adscripta
2622 3991 2801 4064 sunt3

213 4101 352 4143 raro
406 4102 495 4144 ex
553 4080 887 4165 excerptis
931 4079 1310 4146 Santeniani
1365 4078 1612 4144 codicis
1665 4081 1986 4166 quaedam
2040 4080 2278 4168 recepi.
2369 4103 2577 4168 neque
2634 4085 2803 4146 enim

217 4185 448 4246 maiore
489 4203 656 4246 cura
703 4179 938 4265 dignus
985 4203 1128 4246 esse
1171 4181 1520 4247 videbatur
1562 4180 1851 4263 libellus,
1898 4205 2026 4268 quo
2070 4183 2265 4249 facile
2304 4205 2524 4248 carere
2553 4192 2804 4270 potera-

217 4307 378 4364 mus,
433 4285 564 4348 nisi
623 4293 899 4370 propter
941 4283 1159 4348 studia
1201 4284 1634 4370 posteriorum
1675 4287 2277 4371 grammaticorum,
2336 4287 2447 4371 qui
2508 4307 2655 4349 eum
2710 4287 2803 4350 sic

222 4399 282 4450 ut
317 4385 644 4473 reliquam
678 4385 926 4450 Donati
971 4395 1173 4451 artem
1220 4387 1699 4452 commentariis
1744 4397 2213 4474 exposuerunt,
2258 4391 2325 4452 in
2371 4409 2561 4452 suum
2589 4387 2803 4453 locum

223 4488 644 4554 restituendus
690 4487 948 4553 fuisset.
1006 4489 1074 4552 in
1115 4490 1358 4553 maiore
1401 4497 1540 4554 arte
1583 4499 1843 4577 praeter
1884 4490 2269 4556 Leidensem
2312 4488 2601 4554 codicem
2641 4491 2805 4556 inte-

227 4613 378 4674 gram
429 4592 846 4678 scripturam
901 4589 1140 4656 codicis
1185 4588 1564 4655 Santeniani
1621 4603 1688 4659 et
1732 4589 2311 4677 Sangermanensis
2356 4591 2646 4656 exhibui.
2734 4595 2803 4657 in

225 4716 322 4780 quo
369 4717 448 4760 ea
505 4716 692 4783 quae
749 4695 821 4756 in
871 4692 1262 4758 Santeniano
1307 4693 1530 4758 codice
1575 4693 1801 4760 addita
1846 4703 2027 4776 sunt,
2086 4704 2159 4759 ιιι
2213 4691 2581 4780 exemplum
2614 4697 2802 4760 ‘anti-

221 4799 540 4882 quissimae
585 4792 1120 4880 interpolationis
1165 4803 1452 4877 extaret,
1497 4795 1680 4862 uncis
1727 4796 2040 4883 adpositis
2084 4799 2151 4862 in
2195 4797 2618 4864 continuitate
2662 4821 2803 4864 ver-
