3434 5442
894 361 1306 424 EXPLANAT.
1355 363 1430 423 ΙΝ
1472 361 1829 424 DONATVM
1873 361 2016 423 LIB.
2062 361 2087 422 I
2656 365 2779 430 495

2354 481 2400 522 p.
2427 469 2605 512 4⁹4-90
2631 469 2677 510 1..

210 558 312 610 aut
354 567 429 610 ex
470 548 698 610 duobus
744 551 1067 628 corruptiS,
1115 557 1181 611 ut
1222 551 1557 629 municeps;
1605 557 1704 610 aut
1734 568 1805 610 ex
1848 551 2081 628 integro
2127 555 2187 610 et
2228 557 2538 629 corrupto,
2584 557 2649 610 ut
2688 550 2779 610 in-

208 651 433 722 sulsus;
478 661 579 714 aut
621 669 693 711 ex
736 658 1016 731 corrupto
1061 660 1122 711 et
1161 653 1424 730 integro,
1478 659 1544 711 ut
1585 653 1977 730 omnipotens.
2066 649 2223 730 quod
2278 648 2525 714 dicimus
2566 649 2779 712 subur-

209 754 459 825 banum,
507 763 567 814 et
609 751 718 814 sub
764 754 992 831 integra
1038 759 1128 813 est
1171 760 1230 813 et
1272 733 1562 813 urbanum
1606 755 1837 830 integra
1882 760 1989 814 est.
2056 753 2391 832 municeps,
2452 770 2561 814 nec
2616 754 2780 816 muni

207 858 438 936 integra
483 863 574 916 est
617 873 727 915 nec
771 871 910 933 ceps
952 856 1214 932 integra:
1259 856 1564 933 municeps
1607 854 1797 916 dictus
1840 867 1933 916 est
1972 853 2047 914 ab
2092 872 2193 922 eo,
2238 853 2399 934 quod
2440 856 2639 916 munia
2683 872 2779 916 ca-

209 959 348 1037 piat.
440 965 499 1018 et
551 957 664 1016 hoc
717 963 1050 1026 teneamuS,
1123 954 1220 1016 illa
1279 974 1407 1018 esse
1463 965 1768 1036 corrupta,
1838 974 1986 1034 quae
2040 954 2295 1016 resoluta
2350 964 2595 1036 possunt
2648 974 2779 1018 esse
2803 975 2828 1014 5

207 1062 460 1138 integra.
549 1076 682 1121 nam
737 1075 886 1138 quae
940 1056 1130 1120 soluta
1183 1059 1413 1136 integra
1470 1075 1590 1118 non
1645 1066 1809 1128 sunt,
1867 1075 1979 1118 nec
2033 1064 2309 1136 corrupta
2362 1064 2517 1119 sunt.
2603 1076 2779 1138 quem

207 1160 279 1222 ad
335 1160 582 1222 modum
637 1161 794 1220 enim
853 1177 1164 1238 possumus
1219 1159 1419 1220 dicere
1475 1167 1847 1237 corruptum,
1904 1159 2018 1219 nisi
2071 1159 2227 1238 quod
2282 1160 2579 1237 integrum
2634 1160 2780 1220 fuit?

203 1261 499 1333 insulsuS,
555 1263 616 1322 in
673 1263 968 1341 integrum
1025 1271 1137 1332 est,
1196 1260 1387 1322 sulsus
1442 1268 1815 1338 corruptum:
1879 1258 2039 1322 solvo
2096 1261 2251 1321 enim
2292 1259 2485 1322 sulsus
2529 1269 2587 1322 et
2630 1260 2781 1322 facio

203 1363 412 1426 salsus.
503 1362 880 1442 nugigerulus
946 1382 1019 1424 ex
1073 1372 1352 1442 corrupto
1409 1371 1467 1423 et
1521 1365 1787 1441 integro:
1848 1361 2009 1425 solvo
2064 1364 2222 1422 enim
2280 1365 2423 1442 nugi
2466 1372 2526 1424 et
2568 1364 2719 1426 facio
2768 1361 2775 1444 Ι

205 1484 422 1546 nugas;
480 1464 718 1545 gerulus
771 1467 1066 1544 integrum
1124 1473 1229 1526 est.
1317 1483 1460 1543 ergo
1507 1483 1625 1525 non
1671 1471 1917 1544 possunt
1958 1463 2077 1524 dici
2119 1473 2423 1542 corrupta,
2472 1466 2585 1526 nisi
2627 1483 2776 1545 quae
2805 1481 2855 1522 ιο

201 1566 392 1630 soluta
449 1570 678 1646 integra
732 1567 896 1628 fiunt.
987 1566 1218 1628 Probus
1261 1568 1416 1628 enim
1490 1565 1632 1626 dicit
1685 1564 2093 1646 inpossibilem
2150 1583 2305 1626 rem:
2380 1564 2559 1627 multa
2616 1574 2773 1637 sunt,

202 1671 315 1741 ait,
362 1671 444 1732 ita
487 1676 792 1748 corrupta,
841 1675 906 1728 ut
950 1686 1024 1729 ne
1069 1666 1256 1729 soluta
1301 1668 1538 1748 quidem
1585 1669 1813 1748 possint
1864 1686 1994 1730 esse
2036 1669 2286 1745 integra.
2375 1668 2477 1729 sed
2524 1686 2641 1730 non
2690 1676 2781 1730 est

201 1789 430 1832 verum.
491 1789 626 1832 nam
671 1768 992 1832 secundum
1039 1771 1151 1830 hoc
1196 1789 1336 1831 ecce
1379 1771 1512 1830 dico
1557 1769 1672 1831 duo
1720 1777 1997 1848 corrupta
2040 1787 2197 1840 esse,
2244 1787 2394 1849 quae
2438 1768 2625 1832 soluta
2658 1788 2775 1832 non

200 1882 458 1953 possunt
499 1891 630 1935 esse
671 1874 928 1950 integra,
977 1880 1036 1932 et
1087 1871 1370 1952 quidquid
1411 1871 1651 1932 voluero
1705 1873 1819 1932 erit
1862 1872 2197 1952 conpositae
2244 1871 2492 1950 figurae,
2539 1873 2628 1934 vel
2673 1891 2777 1952 po-

201 1978 322 2038 tius
375 1977 570 2043 omnia
625 1982 801 2035 erunt
853 1975 1173 2053 conposita.
1263 1973 1538 2034 columna
1591 1975 1815 2053 figurae
1871 1975 2209 2053 conpositae
2264 1973 2378 2034 erit
2430 1993 2501 2034 ex
2546 1973 2776 2034 duobus
2804 1993 2853 2036 ιε

199 2079 518 2158 corruptis·
605 2075 738 2138 ideo
781 2077 1016 2153 penitus
1059 2075 1157 2137 alii
1200 2083 1578 2137 removerunt
1619 2077 1793 2137 istam
1836 2076 2185 2136 sententiam
2231 2092 2469 2154 pravam
2514 2083 2574 2136 et
2618 2074 2779 2136 dixe·

169 2173 344 2242 'runt
383 2179 528 2240 illud
571 2195 702 2239 esse
746 2183 1120 2258 corruptum,
1167 2177 1323 2258 quod
1369 2177 1690 2238 resolutum
1737 2181 2033 2256 integrum
2078 2177 2193 2236 flat.
2262 2187 2606 2256 corruptum
2654 2194 2775 2238 non

195 2283 262 2342 in
307 2281 520 2343 litteris
562 2286 788 2341 tantum
836 2279 1076 2350 dicitur,
1125 2278 1227 2342 sed
1275 2279 1448 2341 etiam
1495 2281 1556 2339 in
1601 2279 1997 2359 temporibus,
2046 2287 2109 2338 ut
2153 2279 2545 2358 omnipotens.
2620 2279 2778 2340 vide-

197 2391 299 2444 tur
345 2383 502 2442 enim
546 2399 676 2442 esse
719 2401 790 2443 ex
835 2381 1064 2444 duobus
1105 2383 1382 2460 integris,
1428 2389 1520 2442 est
1561 2390 1757 2442 autem
1790 2399 1861 2441 ex
1906 2388 2186 2460 corrupto
2234 2388 2291 2440 et
2334 2381 2594 2458 integro:
2642 2399 2776 2443 nam

197 2486 398 2554 omni,
445 2491 726 2564 quantum
769 2483 844 2544 ad
889 2481 1272 2554 locutionem,
1329 2485 1628 2562 integrum
1673 2491 1787 2552 est,
1849 2490 2131 2562 quantum
2176 2481 2247 2542 ad
2292 2482 2583 2545 rationem
2628 2490 2775 2543 tem·
2802 2503 2855 2545 2⁰

197 2605 449 2668 porum,
506 2591 880 2666 corruptum;
940 2603 1074 2647 nam
1131 2587 1192 2646 in
1249 2586 1653 2666 conpositione
1709 2585 1871 2644 omni
1927 2581 2147 2664 syllaba
2199 2583 2395 2646 brevis
2453 2592 2571 2655 est,
2628 2602 2779 2664 quae

200 2688 378 2760 alias,
425 2687 488 2749 id
533 2696 624 2749 est
665 2689 727 2748 in
772 2685 1024 2767 simplici
1066 2688 1284 2765 figura,
1330 2686 1505 2766 longa
1551 2695 1656 2748 est.
2743 2707 2747 2712 ·

373 2791 556 2853 Casus
607 2796 745 2851 sunt
801 2807 934 2860 sex,
1001 2790 1392 2850 nominativus
1447 2790 1736 2868 genitivus
1790 2787 2015 2850 dativus
2069 2789 2431 2849 accusativus
2484 2789 2779 2850 vocativus

199 2893 508 2955 ablativus.
556 2892 766 2953 Graeci
808 2889 1044 2969 regulas
1087 2911 1129 2951 a
1173 2892 1529 2951 nominativo
1560 2889 1811 2961 habent;
1856 2889 2051 2950 Latini
2092 2887 2404 2951 ablativum
2452 2888 2776 2968 elegerunt,

197 3003 265 3056 ut
321 2995 398 3056 de
455 2995 584 3073 ipso
638 2992 872 3072 regulas
929 2991 1215 3053 ducerent
1268 2993 1340 3053 ad
1395 2990 1540 3052 alios
1595 3010 1797 3061 casuS,
1842 2999 1908 3052 ut
1950 2992 2203 3051 sciamus
2246 2992 2379 3072 quia
2426 2991 2533 3052 ista
2575 2990 2777 3070 regula
2802 3017 2856 3057 25

199 3096 443 3159 ablativi
485 3113 656 3156 casus
699 3094 774 3155 ad
817 3095 1056 3156 nomina
1100 3094 1325 3156 Graeca
1367 3111 1488 3155 non
1534 3095 1806 3173 pertinet.
1878 3091 2223 3172 plerumque
2268 3093 2425 3153 enim
2471 3101 2782 3154 transeunt

197 3199 273 3260 ad
319 3217 436 3260 nos
479 3198 700 3258 Graeca
757 3197 1028 3266 nomina,
1083 3215 1234 3276 quae
1290 3197 1362 3257 ad
1418 3195 1568 3256 hanc
1613 3194 1881 3273 regulam
1924 3193 2263 3256 Latinorum
2308 3184 2613 3256 nominum
2662 3214 2779 3255 non

197 3303 526 3380 pertinent.
587 3297 871 3360 ablativus
916 3307 1110 3360 autem
1155 3297 1469 3377 singularis
1512 3299 1772 3377 quinque
1814 3294 2026 3357 litteris
2065 3294 2363 3356 vocalibus
2407 3298 2777 3368 terminatur,

197 3421 230 3462 a
279 3421 314 3463 e
357 3403 382 3462 i
425 3419 460 3462 o
509 3420 574 3461 u:
619 3419 681 3470 a,
737 3409 804 3462 ut
845 3400 918 3462 ab
965 3399 1078 3460 bac
1121 3401 1314 3470 Musa;
1374 3419 1408 3459 e
1451 3401 1664 3479 partim
1711 3407 1986 3477 correpta
2029 3399 2243 3477 partim
2287 3399 2599 3478 producta,
2646 3415 2780 3458 cor·

195 3510 400 3584 repta,
458 3510 523 3563 ut
565 3501 638 3562 ab
683 3503 796 3563 hoc
851 3503 1106 3582 pariete,
1159 3501 1474 3580 producta,
1518 3510 1583 3562 ut
1625 3499 1697 3560 ab
1742 3500 1856 3561 hoc
1901 3500 2024 3569 die;
2082 3503 2133 3569 i,
2180 3508 2242 3562 ut
2287 3499 2359 3561 ab
2406 3500 2517 3562 bac
2558 3502 2855 3581 puppium

195 3625 262 3676 o,
312 3612 382 3667 ut
425 3603 498 3666 ab
542 3604 658 3665 boc
699 3604 902 3672 docto;
950 3623 1013 3674 u,
1059 3610 1125 3664 ut
1168 3602 1243 3663 ab
1286 3603 1400 3664 hoc
1445 3621 1634 3664 versu.
1695 3603 1955 3682 quinque
1999 3611 2135 3666 sunt
2170 3606 2180 3677 Ι
2219 3601 2479 3674 litterae,
2526 3603 2630 3664 sed
2674 3621 2780 3665 sex

194 3705 449 3785 regulae
490 3713 736 3786 propter
777 3725 839 3776 ε,
885 3724 1034 3786 quae
1069 3723 1227 3767 nunc
1259 3706 1640 3784 producitur,
1678 3723 1837 3766 nunc
1880 3706 2219 3784 corripitur.
2264 3712 2386 3766 tres
2416 3713 2611 3766 autem
2642 3713 2781 3766 sunt

195 3827 376 3870 casus
421 3810 484 3868 in
526 3824 774 3869 numero
815 3805 1060 3888 plurali,
1107 3809 1208 3887 qui
1253 3807 1667 3870 discernuntur
1724 3825 1832 3887 per
1876 3807 2029 3868 hanc
2076 3804 2335 3884 regulam
2382 3805 2617 3869 ablativi
2658 3809 2778 3868 sin·

194 3897 446 3990 gularis.
533 3908 815 3971 ablativus
859 3907 1174 3988 singularis
1227 3929 1260 3969 a
1306 3907 1397 3969 vel
1441 3927 1476 3970 o
1519 3906 1612 3968 vel
1657 3926 1692 3970 ε
1734 3907 2021 3986 producta
2066 3909 2415 3971 terminatus
2456 3909 2776 3986 genitivum

193 4011 495 4094 pluralem
550 4013 610 4072 in
665 4029 798 4072 rum
853 4009 1134 4089 syllabam
1191 4011 1395 4080 mittit,
1455 4015 1520 4070 ut
1562 4008 1634 4070 ab
1679 4010 1793 4072 hac
1835 4009 2029 4082 Musa,
2077 4010 2287 4072 harum
2332 4009 2655 4082 Musarum,
2702 4010 2775 4071 ab
2802 4033 2853 4076 35

195 4114 318 4175 hoc
374 4113 550 4174 docto
606 4112 817 4174 horum
874 4113 1208 4183 doctorum,
1267 4111 1339 4172 ab
1395 4111 1508 4172 hoc
1553 4110 1646 4172 die
1689 4111 1901 4173 horum
1948 4110 2197 4173 dierum.
2283 4112 2517 4192 quando
2561 4131 2596 4173 e
2639 4131 2777 4193 pro-

195 4215 485 4285 ducatur,
543 4214 777 4294 quando
839 4216 1240 4293 corripiatur,
1278 4213 1559 4274 debemus
1614 4213 1851 4293 quidem
1906 4213 2147 4276 auribus
2202 4215 2480 4276 iudicare.
2569 4214 2672 4277 sed
2726 4217 2778 4276 si

193 4335 324 4378 non
379 4325 580 4397 poteS,
639 4317 840 4395 accipe
897 4317 1204 4376 rationem.
1294 4317 1818 4396 quotienscumque
1873 4317 2162 4394 genitivus
2224 4314 2539 4395 singularis
2600 4318 2661 4378 in
2724 4319 2775 4379 is

191 4417 490 4500 syllabam
533 4419 680 4489 exit,
727 4418 1044 4498 corripitur
1089 4435 1121 4476 e
1163 4415 1360 4478 littera
1387 4418 1450 4478 in
1481 4417 1762 4490 ablativo,
1808 4418 1992 4498 patris
2035 4420 2240 4480 matris
2284 4418 2509 4491 fratriS,
2557 4418 2629 4480 ab
2660 4419 2775 4481 hoc

345 4657 408 4708 11
453 4657 648 4722 probus
677 4658 813 4706 enim
849 4656 971 4708 dicit
1003 4655 1358 4722 inpossibilem
1394 4673 1502 4706 rem
1530 4659 1574 4710 S
1605 4659 1795 4724 probus
1832 4673 1947 4708 nam
1979 4657 2153 4707 dicunt
2186 4657 2541 4722 inpossibilem
2578 4659 2625 4708 L
2658 4659 2775 4710 bro-

193 4728 298 4778 bus
353 4726 481 4777 nihil
531 4727 706 4778 dicunt
748 4727 1100 4793 inpossibilem
1135 4741 1242 4778 rem
1279 4743 1308 4777 ε
1343 4728 1536 4792 probus
1581 4727 1712 4778 nihil
1760 4728 1934 4778 dIcuut
1983 4728 2285 4793 inpossibile
2338 4731 2426 4780 F.-
2458 4729 2618 4783 Proh.
2656 4731 2775 4782 inst.

190 4805 306 4851 art.
339 4811 402 4861 p.
433 4796 538 4848 236
566 4813 679 4864 sqq.
705 4799 788 4848 ed.
836 4798 990 4847 Vina.
1099 4799 1164 4849 12
1199 4805 1256 4847 ut
1293 4811 1356 4847 ne
1392 4798 1558 4848 soluta
1593 4815 1686 4850 om.
1729 4796 1797 4860 L,
1830 4799 1952 4852 add.
1988 4799 2069 4848 Fe
2199 4798 2266 4851 16
2302 4807 2624 4850 remunerant
2660 4799 2776 4854 FSe

192 4876 476 4919 mouerunt
510 4868 562 4917 L
703 4869 962 4918 scientiam
1001 4869 1049 4916 F
1179 4866 1248 4919 34
1283 4867 1528 4933 producto
1567 4869 1731 4920 LFSe
1868 4867 1936 4920 38
1970 4875 2113 4935 potes
2150 4885 2181 4920 e
2214 4877 2383 4937 potest
2418 4869 2555 4920 LFS
