3434 5442
667 357 790 419 494
1798 349 2103 432 [sEncn]

2820 469 2867 509 p.
2894 455 2989 498 ⁴93.
3020 455 3071 497 u
3094 455 3136 498 ι.

665 541 1092 618 promiscuum,
1147 544 1213 599 ut
1267 555 1596 599 commune.
1687 538 1849 598 canis
1901 537 2230 598 communis
2283 544 2374 598 est
2425 538 2689 615 generis:
2764 537 2884 596 sive
2942 534 3225 596 masculus

665 643 766 712 sit,
814 642 933 701 sive
977 641 1225 711 femina,
1273 641 1436 701 canis
1481 639 1727 708 dicitur;
1773 641 1861 700 sic
1904 648 1965 701 et
2008 638 2225 719 aquila,
2286 641 2406 700 sive
2460 639 2680 699 femina
2723 640 2799 698 sit
2840 639 2966 698 sive
3010 655 3221 698 mascu-

664 741 771 813 lus,
819 741 1009 823 aquila
1055 743 1288 803 dicitur.
1377 760 1528 822 quae
1575 749 1665 803 est
1706 758 1851 820 ergo
1896 741 2209 802 discretio?
2268 739 2371 802 ubi
2413 741 2535 800 visu
2580 739 2972 802 discernimus
3015 755 3221 810 sexum,

665 861 977 906 commune
1022 851 1140 914 est;
1186 844 1289 906 ubi
1334 846 1458 905 visu
1503 862 1624 904 non
1670 842 2090 915 discernimus,
2138 844 2463 923 epicoenon
2510 849 2615 902 est.
2676 859 2882 902 canem
2912 843 2979 902 si
3020 840 3222 912 videro,

611 961 637 1001 5
665 945 797 1008 dico
841 945 978 1017 tibi,
1023 955 1222 1008 utrum
1266 947 1484 1008 femina
1529 947 1604 1006 sit
1647 963 1725 1006 an
1767 945 2089 1016 masculuS,
2134 943 2259 1006 solo
2290 945 2435 1005 visu.
2496 943 2686 1024 aquila
2717 943 2859 1023 quid
2888 945 2996 1014 sit,
3040 951 3221 1004 utrum

663 1049 880 1110 semina
910 1065 984 1110 an
1019 1046 1340 1120 masculuS,
1387 1047 1514 1110 solo
1560 1049 1684 1109 visu
1729 1049 2045 1108 nescimus,
2102 1048 2294 1108 ‘visu'
2342 1045 2490 1108 dixi:
2537 1063 2675 1106 nam
2720 1053 2860 1107 sunt
2900 1047 3006 1125 qui
3048 1045 3223 1106 scien-

661 1151 742 1210 tia
787 1149 1008 1220 valent,
1067 1159 1133 1211 ut
1175 1151 1401 1231 possint
1443 1148 1674 1211 volante
1720 1148 1912 1228 aquila
1958 1149 2189 1220 dicere,
2244 1147 2539 1210 masculus
2583 1150 2660 1209 sit
2701 1165 2777 1208 an
2819 1147 3079 1215 feminam
3130 1147 3221 1206 sed

660 1249 795 1312 ideo
840 1249 960 1312 dixi
1005 1253 1166 1313 ‘visu
1189 1258 1228 1322 '‚
1275 1254 1410 1333 quia
1452 1251 1545 1312 his
1588 1269 1708 1312 non
1753 1248 1913 1312 solus
1946 1253 2099 1312 visus
2128 1252 2243 1313 hoc
2270 1257 2555 1332 praestat,
2602 1249 2707 1310 sed
2750 1257 2811 1310 et
2852 1249 3005 1310 ratio
3048 1249 3223 1308 scien·

663 1353 776 1414 tiae
819 1372 978 1415 suae.
1069 1352 1198 1414 vide
1255 1371 1427 1434 ergo,
1484 1372 1600 1433 quo
1645 1352 1822 1414 modo
1868 1362 2134 1414 current:
2211 1354 2407 1414 omnia
2450 1371 2604 1434 quae
2650 1353 2773 1412 visu
2818 1349 3223 1411 discernuntur

587 1467 636 1508 ιο
665 1456 1000 1516 communia
1053 1462 1218 1522 sunu
1276 1471 1425 1533 quae
1479 1455 1604 1516 visu
1657 1472 1780 1516 non
1838 1455 2281 1524 discernuntur,
2340 1456 2640 1533 epicoena.
2726 1452 2861 1513 ideo
2904 1451 3039 1512 illae
3082 1467 3221 1522 aves,

662 1574 910 1636 quarum
969 1573 1143 1617 sexus
1197 1554 1368 1617 facile
1425 1555 1781 1618 discernitur
1846 1559 2004 1629 visu,
2077 1555 2299 1618 habent
2360 1565 2691 1636 separatam
2750 1553 3221 1634 significationem

661 1659 894 1736 generis
937 1659 1058 1728 sui,
1103 1657 1164 1718 id
1210 1665 1300 1717 est
1341 1656 1528 1736 gallus
1573 1657 1808 1738 gallina.
1898 1665 2033 1720 sunt
2076 1667 2273 1719 tamen
2318 1669 2379 1720 et
2418 1659 2479 1718 in
2524 1656 2739 1738 quibus
2783 1658 2905 1718 visu
2950 1655 3220 1716 discerni·

658 1768 758 1821 tur
801 1778 976 1821 sexus
1020 1768 1080 1820 et
1123 1761 1406 1839 epicoena
1451 1768 1608 1830 sunt,
1653 1767 1721 1822 ut
1764 1759 2025 1822 camelus
2068 1759 2159 1822 vel
2204 1759 2453 1821 elefans:
2529 1777 2663 1821 nam
2710 1777 2999 1840 nusquam
3042 1755 3221 1836 legisti

657 1863 1006 1924 femininum
1047 1863 1111 1922 in
1155 1861 1248 1922 his
1291 1861 1658 1923 animalibus
1749 1881 1899 1942 quae
1954 1870 2045 1923 est
2098 1863 2289 1924 adhuc
2334 1862 2698 1923 differentia?
2770 1859 2927 1942 quod
2972 1863 3033 1920 iu
3077 1878 3221 1920 com-

583 1979 632 2021 15
659 1965 824 2024 muni
866 1982 976 2044 pro
1020 1963 1295 2043 qualitate
1339 1981 1512 2026 sexus
1555 1963 1836 2026 articulos
1881 1963 2116 2036 damuS,
2162 1965 2261 2026 hic
2300 1966 2462 2026 canis
2492 1972 2551 2024 et
2578 1963 2727 2025 haec
2769 1965 2961 2024 canis:
3007 1964 3067 2023 in
3108 1963 3218 2041 epi·

659 2083 846 2127 coeno
890 2083 1010 2126 non
1053 2082 1365 2144 possumus
1409 2067 1522 2128 hoc
1568 2067 1793 2139 facere,
1840 2066 1943 2130 sed
1976 2085 2156 2128 unum
2188 2065 2501 2128 articulum
2532 2067 2765 2146 utrique
2795 2067 2964 2127 sexui
3006 2064 3217 2134 damus,

657 2167 754 2228 hic
797 2184 1028 2246 passer;
1075 2185 1194 2228 non
1239 2187 1553 2248 possumus
1597 2168 1797 2230 dicere
1841 2169 1987 2230 haec
2030 2187 2251 2248 passer.
2312 2187 2488 2248 quem
2521 2175 2717 2230 autem
2748 2165 3057 2228 articulum
3088 2166 3218 2226 dare

657 2269 906 2340 debeas,
965 2270 1282 2330 auctoritas
1341 2270 1531 2332 docet.
1620 2270 1720 2331 ille
1768 2280 2027 2333 turtures
2071 2269 2395 2332 masculino
2440 2287 2660 2349 genere
2705 2271 2879 2340 dixit,
2926 2269 3023 2330 hic
3064 2268 3217 2329 femi-

656 2373 814 2433 nino.
909 2389 1053 2450 ergo
1098 2389 1216 2431 non
1262 2373 1389 2434 sine
1431 2374 1660 2434 ratione
1705 2371 1947 2434 dubium
1993 2382 2100 2434 est.
2184 2393 2303 2453 quo
2346 2371 2521 2434 modo
2568 2373 2728 2433 enim
2770 2388 3082 2452 possumus
3120 2368 3215 2430 eli-

579 2491 630 2532 πο
657 2491 828 2552 gere,
890 2491 1066 2554 quem
1113 2473 1424 2535 articulum
1482 2474 1714 2546 demus,
1774 2490 1909 2536 cum
1954 2493 2161 2536 sexum
2210 2476 2331 2535 visu
2376 2492 2495 2536 non
2541 2473 2983 2535 discernamus?
3052 2470 3215 2553 plane

655 2574 804 2637 illud
847 2577 1100 2638 sciamus
1119 2623 1135 2646 ,
1183 2574 1338 2656 quod
1383 2574 1737 2657 plerumque
1780 2584 2051 2638 auctores
2080 2577 2305 2638 variant
2346 2577 2471 2654 ipsa
2514 2578 2817 2656 epicoena.
2860 2575 3065 2636 turdus
3092 2593 3213 2636 cum

653 2677 809 2758 apud
868 2676 1014 2739 alios
1068 2677 1287 2757 genere
1331 2677 1654 2740 masculino
1697 2680 1799 2751 sit,
1846 2679 2084 2740 Persius
2126 2677 2513 2740 turdarum
2562 2677 2735 2748 dicit;
2803 2695 2915 2738 nec
2956 2685 3215 2758 putemus

653 2797 842 2858 genus
895 2798 1026 2841 esse
1082 2798 1422 2852 commune,
1481 2780 1585 2844 sed
1639 2780 1726 2841 illi
1782 2779 1941 2841 aliud
1994 2778 2245 2860 placuit,
2302 2781 2443 2841 huic
2486 2779 2661 2841 aliud.
2750 2797 2889 2841 nam
2931 2797 3115 2861 neque
3154 2781 3213 2840 in

653 2881 858 2944 Persio
897 2877 906 2962 Ι
945 2882 1206 2944 invenies
1251 2880 1638 2944 masculinum
1683 2901 1870 2962 genus
1913 2883 2155 2953 turduS‚
2211 2900 2403 2962 neque
2446 2884 2511 2943 in
2553 2880 2679 2944 aliis
2723 2882 3084 2944 femininum.
3166 2883 3213 2941 si

577 3001 628 3043 25
655 2987 968 3045 commune
1023 2992 1204 3054 esset,
1261 2986 1448 3064 quivis
1503 3003 1708 3046 eorum
1767 2994 2019 3065 utroque
2072 3001 2293 3063 genere
2354 2983 2597 3045 diceret.
2685 2985 2773 3045 sic
2814 2992 2876 3045 et
2915 2986 2977 3045 in
3016 2982 3209 3045 milvo:

652 3085 905 3165 legimus
959 3088 1118 3148 enim
1173 3094 1230 3147 et
1274 3085 1598 3148 masculino
1641 3105 1893 3166 genere,
1940 3085 2189 3165 legimus
2234 3093 2293 3147 et
2346 3086 2661 3156 feminino,
2710 3086 3210 3166 ‘rapidissima

651 3185 920 3249 miluus
965 3190 1171 3250 exit⁹.
1231 3191 1317 3249 sic
1362 3197 1421 3250 et
1463 3191 1658 3250 simia:
1707 3188 1806 3250 alii
1850 3189 2054 3250 dicunt
2083 3189 2179 3252 hic
2226 3197 2285 3250 et
2324 3188 2473 3250 haec
2502 3189 2699 3260 simia,
2746 3187 2845 3250 alii
2874 3189 2971 3250 hic
2998 3189 3205 3250 simius.

649 3288 900 3368 legimus
943 3297 1002 3350 et
1047 3295 1064 3321 ‘
1087 3291 1300 3351 simia
1344 3289 1658 3352 buccis’.
1748 3289 1893 3352 illud
1937 3298 2131 3351 autem
2177 3292 2355 3360 scias,
2402 3290 2560 3370 quod
2602 3292 2705 3370 qui
2748 3291 3065 3370 epicoenon
3104 3287 3207 3350 sub

652 3389 900 3453 articulo
944 3390 1090 3452 dixit
1131 3393 1368 3470 generis
1411 3391 1748 3464 masculini,
1798 3392 2009 3454 eodem
2040 3410 2278 3472 semper
2305 3411 2447 3456 usus
2478 3401 2595 3464 est,
2640 3393 2739 3473 qui
2784 3391 2894 3454 sub
2938 3393 3203 3462 feminini,

573 3507 625 3551 so
651 3492 905 3556 eundem
951 3493 1262 3556 articulum
1308 3498 1511 3557 tenuit.

817 3595 1065 3656 Numeri
1106 3606 1244 3658 sunt
1287 3597 1432 3668 duo,
1481 3595 1795 3677 singularis
1839 3605 1900 3658 et
1941 3595 2213 3674 pluralis;
2272 3596 2505 3658 dualem
2550 3598 2911 3659 Graecorum
2958 3615 3070 3657 non
3104 3594 3199 3656 ha·

649 3696 874 3757 bemus,
939 3696 1073 3778 [sed
1103 3706 1242 3760 sunt
1281 3700 1520 3763 nomina
1561 3717 1714 3779 quae
1756 3707 1985 3760 tantum
2028 3697 2387 3778 singularem
2433 3717 2746 3762 numerum
2791 3697 3038 3768 hahent;
3078 3705 3201 3759 sunt

649 3806 704 3860 et
751 3798 861 3860 alia
906 3817 1054 3878 quae
1097 3798 1388 3880 pluralem
1433 3809 1660 3864 tantum
1703 3802 2009 3882 possident
2052 3800 2415 3882 numerum]

807 3901 1032 3980 Figura
1076 3910 1268 3964 autem
1316 3909 1416 3964 aut
1457 3901 1708 3984 simplex
1754 3911 1843 3964 est
1886 3911 1985 3964 aut
2028 3905 2333 3983 conposita
2348 3925 2367 3984 :¹
2422 3903 2701 3983 simplex,
2748 3912 2815 3966 ut
2854 3903 2951 3966 hic
2992 3901 3192 3971 doctus,

571 4021 621 4064 35
649 4005 983 4083 conposita,
1041 4012 1106 4065 ut
1164 4004 1262 4065 hic
1314 4004 1604 4067 indoctus.
1694 4003 1945 4083 simplex
2001 4023 2071 4066 ex
2128 4023 2243 4067 una
2286 4013 2457 4085 parte
2500 4013 2758 4076 constat,
2805 4006 3097 4085 conposita
3132 4022 3195 4064 ex

648 4105 874 4167 duabus
933 4113 994 4166 et
1046 4107 1112 4166 fit
1163 4107 1354 4168 modis
1409 4115 1711 4187 quattuor:
1776 4116 1875 4168 aut
1930 4126 2003 4170 ex
2060 4107 2290 4170 duobus
2342 4109 2617 4187 integriS,
2671 4115 2736 4169 ut
2787 4107 3191 4173 suburbanum

783 4365 816 4414 2
852 4363 919 4413 sit
953 4379 1045 4414 om.
1087 4363 1152 4423 L,
1189 4363 1312 4417 add.
1346 4365 1434 4416 FS
1569 4363 1604 4415 6
1639 4371 1759 4414 sunt
1787 4378 1917 4427 quae
1950 4364 2161 4414 scientia
2198 4364 2342 4416 LFS
2480 4363 2515 4414 9
2553 4371 2757 4414 current
2786 4363 2835 4413 L
2870 4364 3025 4414 currit
3052 4363 3098 4413 F
3122 4375 3189 4410 oc-

647 4439 851 4483 currunt
875 4434 919 4484 S
1057 4433 1121 4484 18
1147 4441 1366 4484 turtures
1403 4436 1446 4486 S
1482 4441 1696 4484 turtores
1732 4435 1780 4484 L
1808 4435 1987 4484 turdus
2008 4434 2059 4483 F
2189 4435 2258 4484 22
2292 4431 2519 4501 Persius]
2560 4439 2659 4484 sat.
2691 4433 2743 4494 θ,
2780 4435 2849 4486 24
2982 4434 3047 4485 25
3080 4435 3191 4482 esset

647 4504 818 4566 quiuis
851 4503 903 4552 F
933 4511 1068 4554 esset
1095 4511 1143 4554 et
1167 4504 1335 4568 quiuis
1371 4506 1421 4554 L
1457 4505 1551 4554 erit
1586 4505 1769 4566 quouis
1805 4505 1848 4556 S
1961 4504 2030 4555 ‘26
2064 4505 2287 4572 legimus
2324 4505 2457 4554 enim
2482 4512 2532 4554 et
2558 4503 2843 4555 masculino
2882 4502 2968 4554 FS
2997 4503 3187 4570 legimus

647 4587 764 4622 uam
799 4585 855 4622 ut
878 4573 1155 4626 masculino
1184 4573 1234 4624 L
1371 4572 1718 4641 rapidissima]
1760 4572 1903 4627 Ouid.
1941 4581 2131 4626 metam.
2162 4575 2204 4624 ll
2242 4573 2345 4626 716
2521 4576 2586 4624 27
2618 4575 2723 4624 exit
2753 4575 2865 4634 LF,
2902 4589 2993 4626 ont.
3023 4574 3065 4625 S

645 4641 790 4693 multi
826 4643 1000 4694 dicunt
1035 4643 1162 4694 haec
1203 4645 1354 4695 simia
1385 4645 1462 4698 F.-
1500 4644 1647 4696 multi
1686 4644 1860 4694 dieunt
1900 4644 1985 4693 hic
2030 4653 2079 4696 et
2112 4644 2241 4694 haec
2276 4645 2431 4695 simia
2466 4645 2556 4694 alii
2591 4645 2766 4696 dicunt
2802 4653 2852 4695 et
2882 4644 2981 4694 hoc
3014 4643 3187 4694 simium

645 4711 731 4760 alii
777 4712 862 4762 hic
895 4713 1077 4764 simius
1109 4715 1204 4766 iste
1241 4714 1499 4782 legitimus
1535 4722 1584 4765 et
1620 4715 1773 4764 simia
1806 4715 1980 4764 buccis
2004 4716 2047 4765 S
2212 4715 2285 4766 28
2318 4711 2487 4781 simia]
2530 4714 2703 4768 quen.
2735 4723 2835 4766 sat.
2880 4714 2973 4779 10,
3020 4712 3109 4766 195
3145 4711 3186 4758 in

649 4781 820 4830 vetula
847 4784 1028 4848 scalpit
1061 4783 1162 4832 iam
1194 4793 1356 4834 mater
1381 4785 1532 4834 simia
1563 4786 1718 4835 bucca
1858 4784 1926 4836 32>
1965 4785 2055 4834 sed
2084 4795 2200 4834 sunt
2227 4814 2294 4822 —
2326 4801 2592 4836 numerum
2618 4802 2710 4840 om.
2750 4787 2851 4848 FS,
2890 4788 2999 4836 ilem
3030 4797 3187 4834 earcer-

641 4860 736 4916 pta
771 4854 954 4902 codic&
990 4850 1265 4903 Lavautini
1289 4857 1340 4904 in
1376 4862 1491 4904 arte
1527 4857 1715 4905 maiore
1747 4851 1824 4920 (e)

3360 2787 3362 2848 ι
