3434 5442
624 318 705 381 34
1809 314 2033 381 l’ROBl

724 450 767 490 ρ.
801 436 980 479 ιιεο.ει
1012 435 1061 478 r.
2781 446 2824 485 p.
2859 432 3031 474 iss-ar
3063 431 3108 473 t..

624 506 843 587 syllaba
888 508 945 565 in
992 506 1311 585 principio,
1374 511 1437 564 ut
1480 504 1726 565 mordeo
1779 504 2104 573 momordi,
2149 504 2380 582 pendeo
2425 503 2706 583 pependi,
2749 512 2849 565 aut
2893 505 2980 571 xi,
3036 502 3207 580 lugeo

624 608 763 677 luxi,
811 616 913 669 aut
956 609 1072 685 gui,
1124 607 1375 683 langueo
1416 605 1632 684 langui,
1679 613 1780 667 aut
1823 608 1889 673 si,
1931 606 2113 666 ardeo
2149 607 2300 672 arsi;
2351 607 2556 666 tertiae
2602 606 2927 683 productae
2965 608 2974 681 1
3015 612 3120 664 aut
3161 606 3209 664 vi

624 718 724 770 aut
767 709 914 770 (luas
959 710 1011 777 i,
1062 715 1127 769 ut
1168 727 1239 768 eo
1286 708 1359 767 ivi
1399 706 1490 767 vel
1537 709 1593 768 ii.
1685 724 1830 786 ergo
1883 706 2140 769 breviter
2203 725 2312 784 per
2367 704 2627 783 singulas
2679 704 2904 767 litteras
2957 713 3096 767 ante
3141 724 3209 765 eo

625 812 845 889 positas
904 811 1320 879 decurramus,
1393 818 1461 869 ut
1520 808 1747 869 facilius
1802 824 2258 887 cognoscamus»,
2318 826 2352 868 e
2393 816 2530 867 ante
2583 826 2618 865 o
2674 810 2860 886 posita
2919 810 3092 869 cuius
3139 809 3212 867 sit

572 940 595 977 ε,
624 912 1050 990 coniugationis
1102 910 1193 973 vel
1250 930 1367 991 quo
1424 910 1601 970 modo
1659 909 1834 970 faciat
1885 910 2141 989 speciem
2195 910 2540 989 perfectam.
2631 928 2694 970 a:
2753 909 2906 971 hanc
2951 908 3210 970 litteram

621 1022 758 1074 ante
796 1032 867 1075 eo
907 1013 1137 1075 habens
1178 1012 1423 1074 verbum
1472 1010 1697 1072 nullum
1735 1012 2004 1090 repperi;
2049 1010 2323 1071 inventor
2367 1008 2578 1071 doceat
2622 1012 2931 1076 rationem.
2991 1009 3030 1070 b
3075 1018 3212 1071 aute

620 1133 691 1175 eo
736 1117 924 1193 posita
968 1123 1069 1176 aut
1114 1114 1411 1176 secundae
1454 1121 1593 1173 sunt
1630 1113 2063 1189 coniugationis
2101 1121 2204 1173 aut
2245 1114 2452 1173 tertiae
2497 1112 2838 1191 productae.
2905 1115 3213 1175 secundae

618 1219 720 1279 bui
752 1218 1023 1291 faciunt,
1080 1198 1366 1277 ut'rubeo
1408 1217 1588 1275 rubui
1600 1260 1615 1283 ‚
1667 1216 1870 1275 sorbeo
1913 1215 2149 1284 sorbui:
2201 1218 2413 1274 tertiae
2445 1216 2782 1290 productae
2825 1216 2842 1274 i
2883 1213 2972 1275 vel
3014 1214 3086 1281 ii,
3145 1222 3212 1274 ut

618 1318 805 1380 subeo
861 1318 995 1379 subi
1047 1317 1137 1377 vel
1186 1317 1361 1378 subii.
1452 1335 1484 1376 c
1541 1322 1677 1376 ante
1735 1333 1806 1375 eo
1864 1318 2051 1394 posita
2111 1315 2433 1377 secundam
2500 1318 2653 1393 regit
2709 1317 3206 1393 coniugationem‚

544 1445 592 1485 ιο
618 1421 874 1499 speciem
912 1420 1235 1498 perfectam
1276 1425 1377 1480 aut
1410 1421 1506 1480 cui
1540 1424 1641 1478 aut
1670 1418 1747 1487 xi,
1800 1435 1976 1477 arceo
2021 1418 2202 1486 arcui,
2247 1416 2418 1478 luceo
2459 1416 2600 1480 luxi.
2667 1418 2734 1478 tl:
2775 1424 2836 1477 et
2877 1417 3028 1478 haec
3073 1424 3210 1477 ante

620 1540 690 1581 eo
738 1524 919 1599 posita
966 1520 1288 1583 secundam
1344 1522 1498 1597 regit
1552 1518 2053 1597 coniugationem,
2121 1520 2376 1597 speciem
2423 1537 2566 1579 vero
2618 1520 2942 1599 perfectam
3002 1526 3109 1580 aut
3145 1520 3206 1579 di

619 1633 719 1684 aut
764 1625 845 1692 si,
896 1622 1159 1702 prandeo
1201 1621 1441 1700 prandi,
1494 1621 1673 1681 ardeo
1718 1621 1872 1688 arsi:
1918 1619 2217 1680 interdum
2263 1619 2426 1679 addit
2463 1618 2742 1699 syllabam
2785 1622 2846 1679 in
2889 1622 3202 1700 principio,

618 1731 685 1785 ιιι
726 1724 1019 1785 momordi
1062 1724 1335 1801 pependi.
1426 1742 1459 1783 e
1502 1718 1637 1782 ante
1680 1740 1752 1783 eo
1801 1723 1986 1799 posita
2050 1723 2282 1783 tertiam
2330 1721 2684 1801 productam
2727 1724 2910 1802 regit,
2969 1730 3208 1803 tempus

619 1828 948 1905 perfectum
992 1826 1069 1884 ivi
1110 1823 1199 1887 vel
1239 1826 1279 1885 ii
1322 1824 1475 1895 facit,
1520 1833 1585 1885 ut
1612 1831 1824 1887 anteeo
1865 1840 2101 1901 praesu,
2145 1824 2357 1883 anteivi
2402 1824 2620 1901 praeivi
2668 1824 2759 1885 vel
2789 1824 2967 1883 anteii
2998 1824 3202 1901 praeli.

543 1928 675 1989 1ss:
720 1926 1174 1988 hanc-litteram
1217 1934 1353 1987 ante
1396 1944 1467 1987 eo
1514 1924 1740 1985 babens
1786 1923 2010 1986 nullum
2057 1928 2294 2004 repperi
2335 1924 2596 1985 verbum.
2657 1944 2696 2003 g
2729 1934 2860 1985 ante
2895 1944 2968 1986 eo
3013 1907 3212 2005 posita·

618 2028 939 2091 secundam
982 2030 1135 2106 regit
1179 2027 1670 2107 coniugationem‚
1717 2028 1974 2106 speciem
2021 2044 2160 2087 vero
2211 2026 2533 2105 perfectam
2575 2034 2674 2088 aut
2717 2028 2774 2087 xi
2817 2033 2920 2087 aut
2960 2027 3060 2105 gui
3105 2036 3208 2087 aut

618 2131 697 2200 si,
750 2129 927 2207 lugeo
970 2129 1119 2197 luxi,
1168 2148 1313 2207 egeo
1361 2130 1526 2207 egui,
1586 2136 1792 2205 tergeo
1837 2128 1998 2187 tersi.
2087 2127 2336 2189 dicimus
2389 2136 2450 2189 et
2506 2136 2674 2207 tergo
2722 2130 2906 2207 tergis
2935 2124 2962 2210 ΙΙ
2995 2130 3206 2189 tertiae

618 2238 957 2311 correptae:
1001 2231 1250 2309 legimns
1292 2232 1449 2291 enim
1492 2237 1554 2291 et
1592 2236 1845 2306 tergent,
1892 2229 2049 2307 quod
2094 2231 2252 2291 venit
2295 2249 2325 2291 a
2373 2230 2556 2291 verbo
2575 2237 2814 2307 tergeo,
2861 2238 2918 2289 et
2963 2236 3208 2308 tergunt

617 2332 691 2394 ab
732 2352 802 2394 eo
848 2333 1005 2412 quod
1052 2340 1141 2393 est
1180 2340 1367 2411 tergo.
1460 2332 1551 2391 hi
1594 2330 1635 2391 k
1682 2338 1818 2392 ante
1861 2351 1933 2392 eo
1989 2333 2209 2409 positas
2265 2331 2510 2393 verbum
2565 2349 2776 2410 regere
2825 2348 2942 2390 non
2987 2330 3204 2391 inveni.

540 2435 641 2497 201
682 2443 819 2495 ante
858 2452 931 2495 eo
976 2436 1163 2512 posita
1210 2434 1531 2496 secundam
1572 2436 1728 2511 regit
1771 2434 2266 2509 coniugationem,
2313 2434 2570 2511 speciem
2617 2433 2940 2511 perfectam
2986 2431 3067 2492 lui
3118 2432 3206 2492 vel

614 2535 747 2605 levi,
792 2543 859 2595 ut
890 2535 1055 2596 caleo
1086 2534 1355 2614 compleo
1390 2539 1575 2610 deleo,
1614 2534 1766 2596 calui
1799 2534 2090 2613 complevi
2117 2534 2336 2596 delevi:
2383 2534 2654 2597 ‘relevi
2692 2534 2888 2596 dolia
2925 2536 3202 2596 omnia’

618 2638 949 2699 Terentius,
1038 2637 1325 2715 excipitur
1368 2656 1551 2699 unum
1596 2637 1669 2698 ab
1722 2644 1976 2715 utraque
2018 2637 2247 2697 ratione
2291 2616 2640 2698 defectivum
2699 2654 2921 2714 genere
2977 2636 3206 2697 faciens

615 2742 873 2817 speciem
930 2739 1250 2819 perfectam
1288 2738 1297 2817 ξ
1338 2740 1504 2819 quasi
1548 2740 1866 2817 passivam,
1913 2736 2073 2798 soleo
2119 2736 2327 2799 solitus
2369 2756 2520 2799 sum.
2609 2756 2668 2799 m
2716 2746 2852 2799 ante
2897 2756 2968 2798 eo
3013 2739 3205 2815 posita

616 2843 867 2921 primam
918 2842 1073 2919 regit
1126 2841 1628 2918 coniugationem,
1692 2840 1953 2919 speciem
2011 2840 2332 2919 perfectam
2398 2843 2500 2899 avi
2543 2840 2814 2914 faciens,
2877 2845 2942 2900 ut
2996 2857 3204 2901 remeo

540 2966 591 3005 25
618 2962 919 3013 commeo,
964 2944 1220 3004 remeavi
1263 2943 1601 3008 commeavi.
1688 2940 1804 3002 hoc
1847 2949 2044 3002 tamen
2099 2941 2256 3001 scire
2298 2939 2613 3011 debemus,
2671 2942 2948 3021 quoniam
3005 2942 3204 3003 omnia

620 3046 799 3107 verba
845 3065 878 3107 e
922 3053 1057 3105 ante
1102 3064 1139 3103 o
1182 3044 1455 3105 habentia
1494 3042 1792 3105 secundae
1837 3043 2434 3119 sint'coniugationis
2487 3060 2729 3105 necesse
2775 3052 2894 3113 est,
2951 3052 3205 3122 excepto

617 3166 689 3209 eo
732 3149 782 3207 is
824 3150 869 3207 it
912 3154 971 3207 et
1012 3145 1127 3205 illis
1171 3164 1578 3224 quaecumque
1620 3144 1693 3205 ab
1737 3144 1851 3205 hoc
1891 3143 2070 3205 verbo
2121 3144 2340 3205 fuerint
2373 3152 2584 3217 ttacta,
2643 3164 2796 3225 quae
2841 3148 3038 3207 omnia
3082 3154 3204 3207 ter-

616 3252 731 3311 tiae
771 3249 1124 3329 productae,
1170 3248 1227 3309 id
1270 3254 1359 3307 est
1407 3254 1651 3325 quartae
1688 3248 2112 3325 coniugationis
2149 3254 2288 3306 sunt
2332 3260 2581 3322 praeter
2618 3250 2736 3309 duo
2773 3251 3012 3323 primae
3053 3264 3206 3309 con-

612 3354 951 3425 ἱιιρατίυπὶε,
998 3368 1151 3430 quae
1192 3366 1369 3426 supra
1414 3348 1601 3425 posui,
1654 3366 1856 3408 remeo
1897 3342 1956 3408 εἰ
1995 3366 2268 3409 commeo.
2329 3367 2366 3408 n
2407 3354 2541 3409 a'nte
2586 3368 2658 3410 eo
2701 3348 2976 3409 habentia
3023 3348 3204 3409 verba

539 3454 665 3515 sesi
707 3453 973 3513 venerint
1020 3470 1051 3511 a
1100 3450 1279 3511 verbo
1324 3467 1421 3518 eo,
1468 3451 1621 3510 sicut
1664 3467 1844 3528 supra
1901 3450 2100 3527 posui,
2161 3453 2370 3511 tertiae
2410 3458 2548 3512 suut
2603 3451 2954 3529 productae,
3012 3450 3070 3510 id
3117 3459 3210 3511 est

758 3671 791 3719 2
829 3678 915 3718 aut
950 3670 999 3717 ui
1034 3669 1233 3720 auduas
1260 3671 1456 3721 intereo
1494 3670 1568 3719 iui
1606 3669 1691 3719 uel
1725 3670 1759 3719 ii
1793 3669 1846 3719 B
1881 3677 1968 3719 aut
2003 3672 2054 3719 ui
2091 3671 2268 3721 audiui
2299 3672 2493 3721 intereo
2523 3672 2727 3722 interiui
2761 3671 2844 3723 uel
2876 3670 2914 3720 ii
2953 3685 2988 3727 ς
3025 3680 3116 3721 aut
3151 3672 3207 3721 ui

618 3746 705 3789 aut
740 3740 868 3789 duas
902 3740 957 3803 ii,
990 3749 1046 3790 ut
1083 3754 1143 3789 eo
1182 3740 1227 3790 is
1265 3740 1303 3789 ii
1338 3739 1421 3789 uel
1456 3739 1530 3789 ini
1566 3738 1824 3790 Sacerdos
1849 3754 1903 3803 p.
1932 3739 2000 3791 62
2114 3742 2141 3790 7
2185 3743 2562 3807 coniugationis
2599 3752 2686 3791 aut
2721 3742 2897 3791 tertiae
2933 3752 3208 3809 correptae

502 3820 507 3829 ·
616 3817 703 3859 aut
738 3809 1017 3874 productae
1046 3810 1061 3857 i
1092 3808 1209 3859 nel'
1198 3811 1234 3858 ii
1262 3818 1317 3858 ut
1344 3810 1503 3861 subeo
1530 3811 1647 3859 subi
1683 3810 1766 3859 uel
1795 3810 1946 3860 subii.
1988 3826 2016 3859 c
2041 3818 2158 3860 ante
2185 3825 2245 3860 eo
2283 3812 2453 3877 posita
2487 3810 2539 3860 B
2576 3811 2950 3878 coniugationis
2987 3820 3078 3860 aut
3109 3822 3206 3861 ter·

564 3932 575 3941 ‚
617 3882 717 3930 tiae
746 3878 1045 3945 productae.
1091 3880 1345 3928 secundae
1378 3879 1464 3930 bui
1506 3880 1726 3944 faciunt,
1767 3888 1822 3929 ut
1859 3881 2014 3930 rubeo
2056 3882 2234 3939 rubui,
2269 3882 2455 3933 sorbeo
2487 3883 2662 3931 sorbui
2700 3881 2849 3947 (uam
2883 3880 3056 3931 sorbsi
3091 3882 3208 3931 bar-

618 3950 873 4000 barismus
908 3947 1039 4011 est);
1072 3950 1249 3998 tertiae
1288 3948 1564 4015 productae
1596 3951 1666 4000 ivi
1696 3949 1776 3999 vel
1805 3950 1858 4010 ii,
1896 3951 2054 4000 subeo
2091 3951 2262 4002 subivi
2299 3950 2382 4002 vel
2409 3952 2565 4001 subii.
2603 3952 2776 4001 inveni
2812 3966 2968 4000 unum
3001 3951 3206 4015 primae

614 4018 993 4084 coniugationis
1028 4018 1172 4068 beavi
1214 4019 1405 4069 faciens
1436 4028 1665 4085 tempore
1694 4020 1951 4085 perfecto:
1987 4018 2256 4071 Terentius
2289 4020 2546 4086 (Eunuch.
2573 4020 2693 4081 112,
2719 4019 2810 4085 48)
2849 4020 3068 4083 ‘ecquid
3107 4021 3206 4070 beo

617 4090 732 4139 te?’
737 4126 752 4149 ,
805 4089 898 4137 beo
936 4089 1055 4137 beas
1094 4088 1260 4141 beavi.
1304 4089 1427 4153 (beo
1468 4091 1588 4139 beas
1624 4090 1777 4139 beaui
1823 4106 1914 4140 om.
1954 4088 2016 4155 ς)
2064 4105 2092 4139 c
2127 4098 2243 4139 ante
2279 4105 2340 4140 eo
2384 4105 2419 4147 ς
2453 4099 2506 4142 et
2541 4090 2798 4141 Sacerdos
2821 4106 2882 4154 p.
2921 4091 2990 4141 62
3141 4090 3206 4140 10

618 4174 763 4209 arces
799 4158 939 4207 arcui
974 4158 1112 4207 luces
1150 4158 1259 4208 luxi
1295 4158 1347 4209 B
1469 4160 1535 4211 13
1570 4160 1816 4227 pependi.
1853 4160 2083 4225 exceptis
2118 4161 2319 4211 duobus
2337 4160 2627 4219 ,defectivis
2661 4176 2866 4227 genere,
2904 4174 3038 4243 quae
3073 4160 3206 4209 inci-

613 4230 808 4295 pientia
846 4228 991 4292 quasi
1040 4242 1103 4275 ne
1076 4236 1218 4278 entra
1264 4234 1464 4295 tempus
1512 4228 1702 4280 faciunt
1745 4228 2028 4295 perfectum
2073 4230 2220 4291 q'uasi
2267 4231 2507 4295 passiva,
2556 4232 2608 4281 id
2657 4241 2734 4280 est
2780 4230 2936 4294 quasi
2975 4246 3001 4279 r
3035 4230 3209 4279 littera

613 4298 785 4357 finita,
820 4307 875 4347 ut
909 4297 1111 4363 gaudeo
1146 4300 1356 4363 gavisus
1390 4314 1535 4363 sum,
1573 4300 1739 4350 audeo
1777 4300 1932 4349 ausus
1969 4312 2112 4359 sum,
2162 4308 2248 4347 aut
2285 4299 2402 4362 dui,
2451 4312 2507 4352 ut
2547 4299 2728 4352 studeo
2765 4300 2970 4363 studui,
3007 4300 3205 4350 strideo

615 4368 818 4419 ειιίᾱυὶ.
858 4367 952 4417 sed
986 4368 1107 4417 vide
1142 4368 1449 4430 (uidendum
1474 4370 1529 4433 ς)
1570 4384 1635 4418 ne
1672 4368 1839 4433 magis
1875 4366 2145 4419 dicendum
2179 4370 2246 4418 sit
2291 4370 2452 4421 strido
2489 4371 2694 4421 stridis:
2743 4369 3005 4436 Vergilius
3043 4368 3202 4432 (Aen.

620 4439 663 4487 ll
703 4436 833 4499 418)
872 4436 1127 4485 stridunt
1162 4437 1377 4501 siltae’,
1434 4452 1530 4487 non
1570 4439 1804 4489 strident·
1853 4454 1882 4487 e
1915 4447 2030 4487 aute
2076 4453 2110 4493 ς
2151 4446 2201 4488 ει
2235 4436 2493 4490 Sacerdos
2522 4456 2578 4503 p.
2616 4440 2686 4491 63
2894 4439 2957 4489 17
2997 4436 3199 4505 tergeo]

614 4521 671 4568 p.
708 4504 843 4555 1486
877 4506 1136 4556 Priscian.
1171 4522 1225 4567 p.
1266 4472 1377 4558 870²
1547 4508 1611 4558 18
1658 4508 1879 4574 legimus
1909 4509 2044 4556 euim
2083 4516 2133 4556 et
2167 4509 2364 4572 spicula
2399 4509 2567 4561 lucida
2600 4518 2802 4576 tergent
2832 4510 3024 4573 (Vera.
3063 4510 3202 4562 Aen.

622 4576 713 4623 Vll
749 4573 952 4639 626)ς
988 4591 1059 4625 ea·
1092 4574 1374 4627 Sacerdote
1403 4591 1459 4639 p.
1494 4577 1563 4629 63
1737 4578 1801 4628 21
1851 4576 2000 4627 deleo
2039 4592 2132 4629 om.
2172 4578 2225 4627 B
2381 4576 2668 4644 Terentius]
2716 4578 2958 4630 Heauton
2991 4582 3092 4631 tim
3139 4579 3206 4629 111

618 4644 669 4703 1,
710 4644 775 4694 51
918 4646 985 4695 24
1020 4646 1102 4694 aui
1142 4646 1337 4695 faciens
1371 4661 1463 4698 om.
1502 4646 1569 4701 B,
1606 4647 1733 4697 add.
1767 4660 1800 4702 ς
1841 4654 1890 4696 et
1922 4644 2181 4697 Sacerdos
2211 4664 2267 4710 p.
2311 4647 2378 4699 63
2519 4650 2586 4701 25
2631 4651 2868 4713 quoniam
2906 4649 2959 4699 B
2993 4648 3135 4713 quod
3172 4664 3207 4705 ς

615 4721 666 4765 et
688 4710 950 4763 Sacerdos
972 4728 1031 4777 p.
1064 4714 1135 4767 63
1246 4716 1313 4766 26
1345 4716 1452 4765 sint
1484 4716 1838 4767 declinationis
1873 4715 1925 4765 B
2027 4717 2096 4767 28
2129 4726 2247 4765 sunt
2282 4726 2482 4783 praeter
2514 4721 2616 4770 duo
2653 4720 2848 4785 primae
2881 4719 3206 4787 coniugatio-

618 4785 719 4845 nis,
752 4787 863 4833 item
898 4792 947 4833 et
982 4798 1210 4835 commeo
1244 4799 1337 4835 om·
1360 4784 1431 4851 B,
1466 4785 1590 4839 add.
1630 4801 1664 4844 ς
1696 4800 1768 4835 ex
1800 4784 2080 4837 Sacerdote
2109 4802 2164 4852 p.
2203 4788 2272 4841 63
