3434 5442
1098 359 1327 424 COMM.
1371 357 1450 422 IN
1493 356 1855 422 DONATVM
2648 359 2773 426 419
2882 357 2887 362 ’

2320 479 2367 520 p.
2396 465 2516 508 1797.
2544 465 2594 508 98
2622 464 2669 508 P.

187 556 279 609 tra
327 557 516 609 artem
549 567 622 609 ex
653 555 859 628 aperto
904 547 1119 609 dicitur
1167 546 1360 629 (nemo
1407 548 1564 608 enim
1595 545 1738 607 dicit
1782 551 1953 608 ‘cum
1984 551 2141 617 me',
2184 552 2354 607 ‘cum
2383 551 2479 606 te'
2526 529 2773 624 propter

187 649 638 728 cacenphaton).
706 657 913 710 natura
959 652 1116 710 enim
1159 650 1617 730 praepositionis
1661 647 1962 726 exigebat,
2008 655 2075 708 ut
2116 656 2600 728 praeponeretur.
2675 665 2773 708 ac-

188 753 480 812 cusativae
535 752 1005 831 praepositiones
1061 759 1200 812 sunt
1256 771 1401 823 xxx,
1459 769 1609 830 quae
1662 751 1993 812 accusativo
2048 757 2275 812 tantum
2316 751 2641 828 iunguntur
2683 749 2777 810 vel

187 853 472 932 singulari
523 851 618 914 vel
671 852 906 932 plurali.
996 873 1068 914 ex
1123 853 1216 914 his
1269 853 1344 914 ad
1400 861 1458 914 et
1513 852 1664 934 apud
1722 852 1981 914 diversas
2038 852 2257 914 habent
2299 853 2774 932 significationes,

189 973 330 1016 nam
375 955 450 1016 ad
495 957 568 1017 ad
610 955 806 1017 locum
853 955 1170 1035 significat,
1229 964 1296 1017 ut
1340 956 1442 1016 ‘ad
1487 963 1720 1036 patrem
1764 954 1912 1015 vado
1928 959 1966 1025 ',
2022 954 2176 1035 apud
2222 955 2362 1015 ver'o
2404 955 2465 1016 in
2509 954 2667 1024 1000,
2714 961 2780 1015 ut
2803 971 2830 1012 5

190 1056 388 1135 ‘apud
431 1066 742 1138 parentem
785 1063 974 1119 sum’.
1063 1056 1165 1118 sed
1223 1056 1294 1118 ad
1353 1075 1470 1117 non
1529 1073 1847 1137 numquam
1903 1059 2251 1118 auctoritate
2307 1059 2484 1118 etiam
2540 1059 2601 1116 in
2647 1055 2779 1117 1000

189 1161 515 1237 reperitur,
581 1165 647 1220 ut
712 1160 1008 1222 ‘decem
1063 1160 1300 1220 fiscos
1355 1159 1438 1220 ad
1495 1166 1931 1219 senatorem
1995 1156 2213 1218 illum
2282 1158 2663 1229 relictos',
2722 1166 2781 1218 et

187 1261 350 1340 apud
392 1262 698 1324 Maronem
747 1262 870 1324 ‘ad
916 1261 1220 1323 Troiam
1264 1280 1405 1342 pro
1462 1262 1654 1322 caris
1711 1269 2058 1339 gesserat
2097 1261 2372 1337 Argis’.
2463 1268 2781 1340 temptave-

189 1371 336 1424 runt
385 1362 656 1445 plerique
709 1365 907 1427 facere
963 1363 1380 1424 discretionem
1425 1370 1485 1424 et
1525 1363 1588 1422 in
1631 1363 1744 1424 hac
1790 1362 2137 1432 elocutione,
2185 1380 2335 1442 quae
2380 1363 2445 1422 fit
2488 1361 2561 1422 de
2606 1361 2680 1422 ad
2726 1368 2785 1421 et

190 1465 268 1524 de
315 1467 404 1536 in,
450 1474 518 1526 ut
561 1467 671 1526 ‘ad
719 1465 912 1527 sorum
955 1468 1126 1527 venio
1144 1470 1180 1536 '‚
1230 1466 1325 1526 ‘in
1370 1465 1564 1526 forum
1609 1466 1839 1525 venio'.
1914 1467 2133 1525 etenim
2181 1465 2287 1525 ‘ad
2333 1465 2527 1525 forum
2574 1466 2781 1525 venio’
2810 1479 2859 1518 1⁰

193 1575 286 1627 est
330 1567 402 1628 ad
447 1566 642 1629 forum
687 1568 936 1635 accedo,
985 1569 1078 1628 ‘in
1110 1567 1304 1628 forum
1337 1569 1538 1628 venio’
1584 1567 1781 1628 forum
1822 1566 2159 1645 ingredior,
2206 1575 2273 1627 ut
2314 1568 2389 1627 sit
2430 1565 2574 1627 illud
2619 1567 2785 1646 prius

193 1671 647 1750 propinquantis
703 1669 778 1730 ad
835 1668 1030 1731 locum
1051 1717 1066 1741 ,
1124 1669 1239 1730 hoc
1295 1677 1490 1730 autem
1538 1668 1737 1730 locum
1782 1670 1973 1749 ipsum
2025 1670 2303 1740 tenentiS,
2361 1669 2513 1730 sicut
2556 1668 2785 1729 videtur

199 1770 433 1832 locutus
487 1790 616 1832 esse
675 1770 961 1832 Salustius
1017 1769 1268 1831 dicendo
1327 1771 1438 1831 ‘hi
1492 1774 1803 1852 utrique
1849 1771 1938 1832 ad
1979 1770 2236 1832 urbem
2278 1772 2787 1850 imperatores

197 1882 414 1934 erant
447 1869 472 1956 ΙΙ
505 1872 838 1953 inpediti
884 1892 974 1934 ne
1019 1871 1582 1952 triumpharent
1625 1872 2001 1933 calumnia
2045 1879 2506 1951 paucorum'.
2555 1890 2693 1933 nam
2736 1873 2787 1930 si

201 1975 456 2035 necdum
511 1974 1044 2054 triumphaverant,
1099 1974 1308 2036 urbem
1365 1977 1618 2053 ingressi
1672 1993 1793 2036 non
1850 1975 2102 2036 ruerant.
2192 1993 2335 2052 ergo
2384 1974 2492 2036 ‘ad
2535 1973 2785 2035 urbem'
2816 1985 2865 2027 15

205 2077 364 2156 quod
425 2076 598 2148 dixit,
656 2077 1105 2158 propinquantis
1157 2077 1506 2155 significatio
1572 2077 1852 2148 habetur,
1920 2095 2041 2138 non
2096 2076 2502 2156 ingredientis,
2602 2093 2789 2156 usque

205 2179 384 2238 etiam
430 2179 794 2258 praepositio
838 2196 990 2239 novo
1033 2176 1210 2239 modo
1241 2178 1355 2239 sibi
1399 2178 1569 2240 aliam
1617 2181 1923 2258 coniungit
1965 2180 2497 2259 praepositionem:
2545 2178 2793 2240 dicimus

204 2281 394 2350 enim,
439 2285 508 2340 ut
549 2277 840 2356 Vergilius
888 2279 1006 2341 ‘ad
1049 2299 1281 2360 usq-ue
1321 2280 1703 2342 columnas
1748 2280 2056 2343 exulat'.
2120 2300 2231 2342 nec
2285 2283 2451 2362 sequi
2507 2280 2793 2342 debemus

203 2381 362 2460 quod
423 2399 542 2442 non
597 2380 744 2442 nulli
799 2381 1028 2452 dicunt,
1091 2390 1278 2463 us'que
1332 2383 1676 2444 adverbium
1735 2402 1883 2445 esse.
1972 2382 2157 2444 multo
2214 2385 2408 2445 minus
2464 2385 2620 2444 enim
2680 2381 2792 2442 sibi

203 2484 480 2561 iungeret
523 2485 1050 2563 praepositionem,
1099 2486 1174 2551 si...
1191 2485 1534 2546 adverbium
1579 2485 1815 2546 fuisset:
1908 2484 2183 2546 adverbio
2230 2487 2387 2546 enim
2432 2485 2793 2564 praepositio
2820 2494 2871 2535 2⁰

206 2587 530 2664 separatim
583 2603 702 2644 non
757 2585 1058 2646 cohaeret.
1149 2597 1220 2656 ct·
1272 2606 1305 2647 e
1364 2595 1422 2648 et
1465 2607 1538 2648 ex
1592 2588 2065 2668 praepositiones
2118 2587 2338 2648 habent
2383 2585 2794 2647 differentiam.

209 2706 350 2748 nam
397 2689 451 2748 si
494 2705 634 2767 pars
676 2689 960 2748 orationis
1003 2689 1282 2768 sequatur
1311 2708 1344 2749 a
1387 2688 1571 2750 vocali
1616 2688 1932 2761 incohanS,
1980 2708 2051 2750 ex
2094 2690 2541 2769 praeponimus,
2589 2695 2655 2749 ut
2699 2692 2795 2747 ‘ex

205 2790 476 2858 amico’;
522 2789 572 2852 si
615 2797 810 2850 autem
855 2807 887 2849 a
935 2792 1283 2856 consonanti
1327 2791 1595 2861 inchoet,
1655 2810 1718 2862 e,
1765 2798 1833 2852 ut
1876 2797 1945 2851 ‘e
1989 2791 2179 2851 foro’.
2272 2809 2304 2850 e
2349 2791 2649 2851 contrario
2695 2809 2797 2851 au-

207 2897 330 2950 tem
393 2892 616 2970 positae
661 2898 761 2951 aut
803 2891 1028 2952 hiatum
1075 2891 1296 2952 faciunt
1341 2901 1441 2953 aut
1485 2895 1891 2972 asperitatem,
1950 2891 2173 2953 hiatum
2222 2897 2289 2952 ‘e
2334 2895 2579 2963 amico’,
2627 2909 2797 2970 aspe-

207 2993 444 3052 ritatem
490 2997 598 3052 ‘ex
641 2991 831 3052 foro'.
901 2991 1051 3053 clam
1096 2994 1480 3074 praepositio,
1529 3013 1704 3074 quam
1753 2995 2011 3054 Donatus
2056 2995 2213 3054 inter
2258 2993 2536 3055 ablativas
2579 2995 2793 3074 posuit,
2821 3007 2871 3047 25

209 3096 366 3156 scire
414 3092 698 3155 debemus
742 3092 899 3174 quod
945 3094 1353 3156 indifferenter
1396 3114 1508 3175 pro
1553 3095 1800 3157 arbitrio
1846 3095 2096 3156 dicentis
2141 3104 2200 3156 et
2243 3094 2493 3156 ablativo
2537 3095 2800 3174 iungitur

211 3203 270 3256 et
315 3197 672 3257 accusativo:
731 3196 984 3258 dicimus
1040 3198 1196 3257 enim
1255 3205 1314 3258 et
1366 3197 1554 3257 ‘clam
1611 3201 1814 3276 patre’
1862 3204 1921 3257 et
1976 3196 2161 3257 ‘clam
2206 3203 2493 3277 patrem'.
2582 3199 2644 3256 in
2690 3197 2799 3258 snb

209 3317 393 3377 super
438 3305 498 3357 et
539 3296 743 3358 subter
788 3306 847 3358 et
891 3301 1252 3360 accusativae
1297 3307 1435 3359 sunt
1479 3308 1537 3360 et
1581 3298 1897 3367 ablativae;
1944 3298 2048 3359 sed
2079 3298 2234 3378 apud
2266 3301 2520 3360 maiores
2567 3307 2801 3360 nostros

210 3399 620 3459 indifferenter
663 3399 1068 3478 ponebantur,
1115 3400 1176 3460 id
1223 3407 1312 3460 est
1356 3399 1517 3461 nulla
1560 3399 1691 3480 lege
1738 3408 1985 3462 servata.
2049 3418 2185 3460 nam
2234 3407 2293 3460 et
2332 3400 2610 3480 Virgilius
2655 3399 2801 3461 dixit

214 3489 656 3579 ‘rapuitque
719 3501 793 3561 in
860 3501 1125 3562 fomite
1199 3501 1601 3564 flammam'
1669 3521 1779 3583 pro
1848 3505 1945 3564 ‘in
2012 3501 2334 3574 fomitem’,
2402 3511 2462 3562 et
2524 3503 2878 3564 lloratiusao

214 3599 432 3683 [Naso]

523 3703 946 3766 destrictus
991 3707 1196 3766 ensis
1241 3707 1357 3768 cui
1401 3725 1626 3787 super
1657 3709 1893 3788 impia

525 3808 823 3867 cervice
865 3807 1145 3887 pendet

221 3925 328 3985 pro
388 3912 609 3987 ‘super
665 3910 1009 4010 cervicem',
1068 3918 1126 3970 et
1181 3909 1388 3972 Cicero
1444 3911 1540 3970 ‘si
1594 3910 1794 3971 forte
1848 3913 1925 3972 111
1970 3931 2051 3972 00
2096 3913 2505 3993 quaeritis’
2552 3931 2662 3992 pro
2709 3913 2805 3972 ‘in

227 4028 359 4070 eum
385 4014 424 4081 ',
473 4017 531 4070 et
561 4009 788 4071 similia.
852 4029 1051 4071 verum
1098 4019 1296 4072 tamen
1341 4019 1498 4072 aetas
1541 4013 1837 4091 posterior
1881 4031 2058 4093 super
2103 4021 2161 4074 et
2204 4013 2408 4075 subter
2452 4017 2807 4074 accusativas
2833 4027 2883 4068 35

225 4112 384 4172 fecit.
474 4112 537 4170 111
594 4129 734 4173 vero
791 4120 850 4172 et
904 4112 1011 4174 sub
1059 4115 1497 4192 coniunguntur
1542 4114 1886 4174 accusativis
1930 4115 2191 4187 casibus,
2250 4135 2384 4176 cum
2430 4117 2673 4176 mutatio
2718 4124 2807 4175 est

225 4211 369 4284 loci,
417 4222 485 4274 nt
528 4214 625 4273 ‘in
669 4213 864 4275 forum
909 4215 1056 4276 vado
1075 4221 1116 4284 ';
1163 4214 1308 4277 ‘sub
1352 4213 1656 4277 basilicam
1699 4215 1915 4286 vado'3
1975 4224 2115 4278 tunc
2158 4219 2484 4296 iunguntur
2528 4216 2806 4287 ablativiS,

364 4453 396 4501 7
434 4449 632 4516 11000111]
679 4453 781 4504 Oic-
817 4453 868 4502 in
899 4454 1054 4507 Ver-r.
1096 4459 1196 4503 act.
1235 4452 1255 4500 1
1284 4452 1334 4516 8,
1362 4455 1428 4504 22
1569 4453 1604 4504 8
1635 4455 1775 4519 apud
1802 4452 2082 4518 Maronem]
2123 4453 2253 4506 Aen.
2297 4454 2317 4502 1
2351 4455 2421 4504 24
2565 4453 2629 4506 13
2666 4453 2811 4504 Salu—

229 4518 377 4588 stius]
410 4521 558 4575 Catil.
599 4521 670 4572 30
772 4525 846 4571 ire
878 4525 1055 4587 utique
1091 4523 1422 4586 imperatores
1459 4524 1524 4574 ad
1560 4525 1737 4574 urbem
1775 4533 1919 4574 erant
1949 4526 2149 4587 utrique
2184 4525 2419 4589 impediti
2444 4537 2479 4579 ς
2508 4525 2581 4573 110
2608 4525 2811 4587 utrique

230 4593 558 4657 imperatores
595 4593 662 4642 ad
697 4593 870 4642 urbem
901 4601 1045 4643 erant
1073 4594 1246 4656 utique
1285 4593 1518 4658 impediti
1547 4593 1817 4645 Putsclziua
1922 4593 1988 4644 18
2016 4591 2303 4658 Vergilius]
2332 4593 2465 4648 Aen.
2500 4593 2573 4643 XI
2602 4594 2705 4645 262

231 4659 298 4711 29
328 4660 610 4730 Vergilius]
645 4663 775 4713 Aen.
811 4664 830 4712 1
860 4663 958 4714 176
1096 4662 1166 4714 30
1198 4663 1390 4712 oratius
1413 4665 1498 4713 P:
1536 4679 1692 4713 carm.
1716 4665 1785 4714 111
1812 4665 1860 4728 1,
1902 4665 1965 4714 17
2105 4663 2173 4714 32
2207 4663 2465 4714 districtus
2502 4665 2641 4714 ensis
2675 4665 2813 4727 qnod

231 4745 386 4797 super
418 4747 612 4799 magna
647 4733 844 4783 ceruice
871 4734 1057 4799 pendet
1093 4747 1127 4790 ς
1298 4731 1368 4782 34
1406 4733 1576 4783 Cicero
1611 4734 1769 4784 fortes
1803 4733 1857 4782 in
1906 4748 1965 4783 00
2003 4734 2203 4797 quiritis
2232 4747 2297 4789 3:
2333 4735 2378 4783 si
2414 4733 2589 4784 fortes
2610 4734 2813 4783 fueritis

235 4803 287 4851 in
315 4803 630 4925 eoBthfc·'{n
672 4805 828 4923 Ῑςεηὲ.
853 4811 962 4922 Iunci.
1001 4817 1104 4857 sec.
1145 4804 1165 4852 1
1201 4805 1252 4870 1,
1285 4801 1342 4869 3)
1373 4805 1640 4867 Pompeius
1661 4819 1716 4866 p.
1742 4801 1842 4854 401
1879 4811 1929 4854 et
1962 4805 2169 4855 Servius
2198 4807 2251 4856 in
2291 4805 2450 4870 Ver-9.
2490 4805 2619 4856 Aen.
2652 4805 2674 4853 1
2711 4805 2813 4855 176

489 4887 568 4922 001
627 4885 662 4928 ς
719 4887 795 4923 aci

2284 4960 2413 5029 27*
