3434 5442
666 313 791 377 286
1546 292 1796 374 NOTAE
1839 311 2380 374 MAGNONIANAE

667 508 965 569 Romanae;
1025 521 1201 580 neque
1241 507 1295 560 in
1329 521 1536 560 summa
1567 520 1627 559 re
1672 505 1944 578 separatio
1997 503 2388 559 dubitationem
2439 504 2700 564 admittit,
2752 521 2876 560 cum
2929 506 2986 560 in
3031 505 3250 576 singulis

668 593 867 648 litteris
890 591 1213 646 laterculum
1242 599 1535 664 utrumque
1558 590 1751 661 Magno
1775 606 1884 644 non
1911 589 2220 645 confuderit
2245 590 2374 651 fere,
2409 589 2504 645 sed
2526 588 2846 662 simpliciter
2865 593 3249 664 composuerit.

668 677 829 732 modo
862 694 891 732 a
922 676 1178 731 Vaticano
1213 677 1501 748 incipiens,
1546 675 1706 730 modo
1738 675 2041 747 procedens
2073 674 2260 729 ordine
2304 676 2534 730 inverso.
2595 674 2802 730 Paucae
2833 681 3046 730 tantum
3077 683 3252 730 extant

668 761 809 836 apud
841 777 963 816 eum
994 761 1321 821 notationes,
1356 776 1493 833 quae
1524 777 1647 815 cum
1678 759 1857 816 ordini
1881 759 2137 815 Vaticano
2170 761 2407 814 insertae
2441 761 2550 814 sint
2579 775 2756 833 neque
2785 759 2930 833 apud
2943 759 3248 816 Vaticanum

668 847 1039 920 reperiantur,
1096 845 1329 901 dubitari
1374 852 1585 918 potest,
1638 851 1825 900 utrum
1867 846 2080 899 veniant
2122 861 2182 898 ex
2229 844 2474 917 exemplo
2513 843 2681 899 libelli
2713 844 2950 900 Vaticani
3010 845 3080 902 iis
3121 862 3250 918 quae

668 931 927 988 habemus
980 931 1223 1003 pleniore
1265 947 1331 986 an
1374 931 1689 1003 desumptae
1737 930 1846 984 sint
1899 945 1963 984 ex
2001 929 2175 985 altero
2225 929 2490 985 laterculo
2532 937 2589 984 et
2627 946 2758 985 casu
2787 929 3087 986 consiliove
3135 928 3247 985 loco

668 1024 863 1072 motae.
912 1014 1024 1070 Nisi
1049 1015 1197 1088 quod
1228 1015 1317 1076 ibi,
1349 1015 1440 1071 ubi
1465 1016 1603 1071 duae
1634 1015 2114 1086 interpretationes
2146 1015 2522 1087 proferuntur,
2557 1029 2786 1087 quarum
2817 1015 2992 1070 altera
3027 1022 3250 1071 tantum-

668 1101 827 1156 modo
860 1103 1110 1156 convenit
1141 1101 1189 1154 ei
1234 1102 1284 1154 in
1317 1117 1426 1173 quo
1471 1100 1674 1172 legitur
1716 1099 1923 1164 ordini,
1968 1098 2190 1154 alteram
2237 1117 2300 1153 ex
2329 1099 2501 1154 altero
2545 1099 2734 1154 ordine
2779 1099 3096 1155 translatam
3139 1115 3248 1154 esse

668 1193 918 1260 apparct;
953 1184 1180 1259 exempli
1213 1202 1375 1240 causa
1406 1201 1527 1240 cum
1559 1183 1775 1256 legatur
1806 1186 1858 1239 in
1891 1183 2079 1240 ordine
2101 1184 2355 1240 Vaticano
2380 1185 2484 1238 EG
2515 1199 2651 1256 eyer
2674 1185 2761 1239 vel
2779 1199 2933 1256 eryo,
2971 1185 3247 1240 Vaticanus

668 1279 847 1327 autem
880 1287 988 1324 non
1022 1269 1211 1325 habeat
1246 1271 1349 1324 nisi
1381 1270 1483 1324 EG
1515 1285 1668 1341 eyer‚
1701 1268 1867 1324 suerit
1897 1284 2120 1324 necesse
2151 1277 2235 1324 est
2265 1271 2318 1324 in
2351 1269 2526 1324 altero
2560 1269 2661 1324 EG
2692 1285 2846 1341 erqo.
2908 1268 2946 1323 E
2981 1271 3246 1325 contrario

670 1373 809 1428 quae
838 1357 1147 1411 notationes
1178 1355 1324 1428 apud
1356 1355 1668 1426 Magnonem
1700 1355 2054 1428 reperiuntur
2083 1370 2192 1408 non
2225 1357 2278 1409 in
2310 1353 2564 1410 Vaticano
2597 1354 2802 1414 ordine,
2837 1371 2962 1409 cum
2993 1353 3172 1409 adsint
3197 1355 3245 1408 in

668 1429 954 1502 Vaticano,
988 1441 1053 1495 de
1082 1441 1149 1494 iis
1180 1439 1432 1495 similiter
1461 1440 1679 1495 dubium
1712 1447 1825 1503 est,
1871 1448 2055 1494 utrum
2089 1455 2179 1494 eas
2210 1439 2401 1510 Magno
2433 1441 2700 1513 repererit
2741 1441 2796 1494 in
2827 1446 3072 1512 utroque
3101 1439 3248 1494 later·

666 1525 789 1582 culo
822 1525 1051 1598 ideoque
1085 1527 1139 1579 iu
1161 1523 1415 1580 Vaticano
1447 1525 1802 1580 describendo
1835 1517 2194 1597 praeterierit,
2228 1541 2294 1580 an
2326 1531 2476 1580 certo
2509 1523 2694 1598 aliquo
2725 1523 2956 1580 consilio
2993 1524 3076 1578 vel
3105 1524 3246 1579 deni·

667 1626 773 1684 que
803 1627 933 1666 casu
964 1608 1247 1666 collocarit
1287 1609 1408 1665 loco
1451 1627 1559 1665 non
1592 1627 1710 1665 suo.
1772 1609 1918 1676 Quae
1949 1625 2070 1664 cum
2104 1611 2176 1664 ita
2209 1611 2346 1671 sint,
2397 1609 2688 1665 editionem
2719 1609 2858 1665 hanc
2888 1613 2966 1664 ita
2997 1609 3249 1664 ordinavi·

666 1712 818 1755 mus,
852 1703 913 1750 ut
943 1694 1098 1751 facile
1127 1694 1249 1749 inde
1282 1695 1596 1767 intellegas,
1630 1711 1890 1768 quasnam
1922 1695 2230 1752 notationes
2263 1711 2368 1749 non
2402 1696 2517 1749 sine
2547 1711 2710 1750 causa
2741 1694 3027 1767 suspicere
3055 1711 3160 1749 non
3191 1711 3244 1748 ex

666 1796 810 1854 puro
842 1780 961 1841 hoc,
996 1779 1091 1834 sed
1117 1795 1177 1834 ex
1200 1777 1415 1835 turbido
1431 1780 1670 1836 Vaticani
1700 1779 1852 1834 fonte
1883 1779 2147 1835 derivatas
2171 1795 2306 1833 esse.
2329 1779 2528 1834 —lam
2550 1778 2696 1852 quod
2727 1781 2922 1834 attinet
2939 1778 3011 1833 ad
3035 1779 3248 1834 huiusce

666 1865 914 1922 laterculi
947 1871 1194 1920 naturam
1228 1871 1283 1918 et
1312 1872 1570 1926 aetatem,
1619 1872 1845 1938 apparet
1875 1862 2155 1936 complura
2185 1864 2256 1918 ibi
2289 1865 2478 1919 adesse
2509 1879 2572 1918 ex
2602 1865 2807 1919 intimis
2837 1865 2978 1918 iuris
3011 1871 3248 1937 penetra-

666 1949 809 2005 libus
841 1951 1009 2022 petita
1032 1966 1131 2005 nec
1160 1957 1439 2022 praeterea
1468 1950 1786 2022 reperienda
1808 1951 1914 2004 nisi
1939 1949 2079 2021 apud
2112 1949 2288 2021 ipsum
2311 1947 2566 2010 Probum,
2597 1957 2660 2004 ut
2682 1955 2810 2003 sunt
2833 1948 3066 2022 exempli
3097 1966 3248 2003 causa

664 2043 828 2090 notae
840 2035 1033 2090 Prisci
1044 2033 1252 2098 Latini,
1276 2050 1381 2104 ope
1400 2036 1651 2102 consilio,
1674 2034 2003 2106 praecipito
2025 2035 2228 2088 sumito
2251 2034 2458 2104 tibique
2477 2033 2710 2090 habeto.-
2734 2033 2934 2105 quibus
2957 2033 3084 2089 addi
3109 2041 3250 2106 pote-

665 2127 797 2175 runt
826 2127 1164 2175 vetustorum
1198 2119 1624 2175 sacerdotiorum
1656 2120 1968 2175 notationes
1995 2120 2184 2174 sacris
2207 2117 2523 2189 faciundis,
2551 2119 2766 2188 flamen
2793 2117 3016 2185 Dialis,
3046 2119 3249 2188 flamen

667 2204 979 2272 Quirinalis
1022 2212 1079 2260 et
1108 2205 1243 2259 mira
1276 2203 1365 2260 illa
1397 2206 1581 2261 nescio
1612 2207 1769 2261 cuius
1807 2203 1872 2258 D.
1907 2203 2064 2258 Iunii
2093 2202 2280 2258 Silani
2319 2205 2782 2260 commemoratio.
2842 2202 3048 2258 Verum
3083 2211 3247 2257 tamen

665 2292 976 2345 notationes
1007 2289 1392 2362 Magnonianae
1436 2307 1543 2345 non
1591 2297 1653 2344 ut
1682 2288 2071 2360 Lugdunenses
2102 2291 2156 2343 in
2187 2291 2305 2345 iure
2335 2291 2562 2344 maxime
2591 2295 2906 2348 versantur,
2955 2288 3056 2342 sed
3087 2286 3249 2342 multo

666 2377 837 2444 magis
880 2374 1315 2430 accommodatae
1347 2382 1475 2429 sunt
1516 2374 1583 2429 ad
1614 2374 1762 2446 leges
1806 2382 1859 2428 et
1889 2375 2330 2430 constitutiones.
2389 2373 2518 2429 Nam
2550 2373 2616 2428 ad
2645 2371 2828 2443 legum
2869 2374 3251 2445 inscriptiones

664 2461 942 2532 pertinent
983 2475 1103 2513 cum
1148 2460 1537 2531 imperatorum
1584 2460 1798 2514 nomina
1831 2457 2176 2514 Hadrianus
2207 2459 2536 2528 Gordianus
2565 2457 2838 2513 Claudius
2865 2456 3252 2512 Diocletianus

668 2541 1073 2598 Constantinus
1104 2542 1371 2598 Iulianus
1415 2543 1732 2599 Gratianus
1763 2544 2090 2611 Honorius,
2135 2543 2334 2616 quibus
2364 2543 2626 2599 accedunt
2653 2541 2907 2598 DD·NN
2927 2562 3020 2589 =
3049 2543 3256 2597 domini

664 2629 853 2683 nostri
882 2635 935 2682 et
962 2629 1126 2681 iidem
1159 2628 1427 2699 Auyusti,·
1484 2635 1594 2684 tum
1626 2645 1818 2684 eorum
1850 2630 2194 2702 potissimum
2227 2627 2426 2701 quibus
2455 2629 2863 2701 rescripserunt
2893 2629 3252 2700 imperatores

664 2714 881 2768 nomina
914 2712 1192 2767 Antonius
1222 2714 1491 2768 Aurelius
1536 2715 1858 2769 Flavianus
1898 2713 1980 2768 vel
2025 2715 2209 2786 potius
2251 2715 2524 2772 Flavius‚·
2579 2715 2709 2768 item
2749 2714 3110 2783 magistratus
3150 2729 3252 2767 non

664 2815 790 2854 raro
812 2799 975 2852 tertio
998 2813 1129 2852 casu
1162 2799 1428 2870 concepti.
1460 2805 1522 2854 ut
1554 2807 1682 2854 sunt
1712 2800 2023 2866 consulari,
2055 2801 2390 2865 correctori,
2423 2813 2688 2853 annonae
2715 2797 3043 2868 praefecto,
3073 2811 3254 2852 comes

668 2883 933 2944 Orientis,
966 2897 1153 2938 comes
1180 2899 1489 2938 sacrarum
1518 2884 1903 2956 laryitionum,
1936 2899 2122 2938 comes
2149 2885 2606 2952 domesticorum,
2637 2897 2824 2939 comes
2851 2883 2943 2937 rei
2963 2885 3249 2952 privatae,

662 2982 849 3023 comes
891 2982 1089 3021 rerum
1132 2969 1461 3028 nitentium‚·
1520 2976 1572 3022 et
1614 2970 2014 3042 provinciarum
2055 2978 2316 3042 concepta
2357 2985 2486 3024 casu
2531 2969 2645 3022 fere
2687 2966 2955 3028 secundo,
3019 2976 3084 3022 ut
3131 2974 3252 3022 sunt

662 3052 903 3122 Africae
933 3052 1105 3107 Asiae
1136 3053 1388 3109 Achaiae
1418 3053 1665 3124 Apuliae
1708 3053 2026 3126 Campania
2071 3052 2304 3109 Corsica
2349 3053 2653 3122 Calabria‚·
2697 3052 2788 3108 ubi
2829 3059 3120 3126 praeterea
3163 3069 3252 3106 no-

666 3137 885 3192 tandum
929 3144 1011 3190 est
1067 3139 1330 3193 eiusmodi
1374 3143 1685 3194 notationes
1729 3155 1836 3194 non
1881 3141 2110 3212 reperiri
2156 3139 2272 3194 fere
2313 3141 2419 3193 nisi
2468 3140 2524 3192 in
2567 3136 2742 3193 tribus
2791 3138 2983 3211 primis
3038 3136 3248 3192 litteris.

663 3221 1139 3294 Subscriptionum
1198 3231 1375 3279 autem
1436 3231 1598 3278 notae
1660 3231 1790 3279 suut
1847 3225 1986 3279 data
2043 3225 2250 3279 emissa
2309 3225 2601 3290 antelata,
2672 3222 2833 3293 apud
2881 3219 3251 3292 praefectum

658 3308 986 3377 praetorio,
1043 3309 1205 3377 apud
1245 3307 1616 3379 praefectum
1658 3310 1814 3376 urbi,
1871 3316 1924 3364 et
1967 3325 2144 3364 manu
2187 3310 2408 3375 divina,
2462 3307 2714 3363 Datiano
2755 3306 3008 3378 (consule
3039 3323 3087 3362 a.
3117 3307 3250 3376 356),

664 3390 861 3464 quibus
915 3391 1122 3446 accedit
1174 3408 1237 3446 ex
1288 3395 1461 3464 gestis
1514 3395 1683 3466 petita
1739 3395 1949 3450 notatio
2001 3396 2212 3450 dictum
2262 3395 2483 3450 decies,-
2541 3394 2671 3447 item
2737 3391 2954 3447 urbium
3018 3393 3249 3449 nomina.

664 3484 725 3530 ut
756 3482 841 3529 cst
870 3473 1150 3545 Aquileia.
1210 3476 1291 3532 Ad
1322 3479 1471 3551 ipsas
1513 3479 1746 3552 denique
1788 3478 1936 3550 leges
1981 3481 2256 3552 pertinent
2299 3477 2566 3534 formulae
2613 3477 2799 3550 quales
2843 3483 2976 3532 sunt
3015 3477 3254 3531 illustris

664 3560 1087 3630 maynificentia
1118 3565 1248 3629 tua,
1292 3563 1536 3618 illustris
1564 3564 1880 3619 sublimitas
1909 3571 2039 3628 tua,
2087 3566 2348 3635 yravitas
2378 3569 2504 3628 tua,
2559 3563 2899 3618 excellentia
2927 3567 3052 3626 tua,
3083 3575 3250 3630 expe-

664 3645 873 3698 rientia
906 3650 1024 3708 tua,
1058 3647 1377 3701 auctoritas
1407 3652 1535 3712 tua,
1570 3649 1648 3704 acl
1668 3654 2008 3720 potestatem
2042 3655 2227 3718 tuam,
2273 3662 2496 3720 parens
2524 3647 2854 3712 karissime,
2887 3648 3058 3702 cuius
3087 3647 3156 3701 de
3187 3661 3252 3699 ea

662 3743 729 3781 re
770 3729 923 3783 notio
964 3736 1048 3785 est
1090 3728 1180 3800 (cs.
1213 3729 1329 3785 Vat.
1363 3732 1433 3786 fr.
1469 3731 1503 3800 S
1537 3731 1687 3804 313),
1736 3740 2036 3804 amputata
2081 3741 2137 3789 et
2179 3734 2470 3808 pleraeque
2513 3732 2664 3789 aliae.
2724 3733 3028 3788 Christiana
3073 3738 3250 3786 autem

662 3813 840 3884 reperi
870 3811 1019 3868 nulla
1050 3815 1155 3870 nisi
1187 3816 1421 3872 fortasse
1463 3815 1560 3878 ὐἷέ
1592 3819 1764 3886 dem,
1807 3835 1908 3875 nec
1938 3819 2198 3875 barbarae
2227 3819 2419 3875 aetatis
2451 3818 2561 3872 ulla
2589 3826 2741 3873 certa
2769 3816 2992 3880 indicia:
3039 3831 3164 3871 nam
3193 3815 3250 3868 in

660 3911 857 3952 susum
901 3914 1008 3953 non
1040 3899 1279 3955 deterius
1320 3908 1404 3956 est
1434 3919 1595 3975 quam
1638 3921 1748 3976 quo
1781 3921 1916 3959 usus
1959 3913 2044 3959 est
2073 3905 2329 3975 vegetius
2371 3903 2431 3958 in
2473 3909 2606 3957 ante
2644 3900 2965 3958 vocabulum
3009 3909 3068 3956 et
3110 3899 3252 3974 quod

660 3981 919 4038 beneficia
932 3981 1223 4057 aliquoties
1240 3996 1736 4043 commemorantur
1753 3983 2122 4059 (beneficium,
2138 3989 2428 4058 beneficio,
2443 3989 2513 4042 de
2525 3987 2813 4058 beneficio,
2829 3987 3096 4056 beneficii
3113 3987 3248 4048 loco,

659 4068 992 4138 beneficium
1005 4068 1179 4141 dedit)
1194 4078 1278 4125 est
1293 4071 1505 4143 quidem
1532 4073 1898 4133 memorabile.
1924 4074 2018 4128 sed
2033 4074 2238 4129 accedit
2251 4073 2316 4128 ad
2329 4072 2650 4128 documenta
2676 4087 2754 4133 ea,
2769 4071 2968 4145 quibus
2985 4070 3252 4126 evincitur

660 4159 715 4206 et
746 4154 1057 4208 institutum
1089 4161 1144 4208 et
1172 4156 1351 4227 ipsum
1384 4156 1704 4212 vocabulum
1737 4175 1765 4213 a
1795 4157 2048 4214 Romanis
2091 4157 2444 4232 repetendum
2475 4173 2598 4213 esse
2639 4155 2730 4228 (cs.
2763 4156 2936 4212 Waitz
2981 4155 3252 4210 deutsche

676 4236 1389 4310 Verfassunysyeschichte
1433 4244 1483 4301 2,
1516 4240 1656 4311 196).
1707 4273 1793 4281 ——
1842 4241 2045 4309 Quarto
2090 4242 2306 4299 saeculo
2352 4243 2711 4314 posteriorem
2765 4257 2888 4296 esse
2928 4240 3250 4295 laterculum

660 4339 781 4376 cum
816 4321 896 4377 vel
930 4323 1106 4378 solum
1142 4324 1363 4380 Honorii
1395 4341 1591 4380 nomen
1624 4327 1904 4388 ostendat,
1951 4327 2018 4384 ad
2047 4334 2277 4383 aetatem
2323 4329 2484 4382 etiarn
2515 4325 2830 4381 inferiorem
2861 4325 3013 4380 ducit
3054 4326 3148 4397 qui
3182 4323 3248 4378 ibi

660 4413 745 4460 est
775 4422 960 4461 comes
992 4424 1176 4462 rerum
1208 4410 1516 4470 nitentium,
1549 4428 1670 4466 cum
1702 4429 1794 4467 eas
1819 4427 1906 4466 res
1939 4415 2142 4468 curarit
2166 4413 2548 4467 Constantiana
2579 4418 2756 4466 aetate
2784 4411 3034 4465 centurio
3061 4407 3249 4478 (Amm.

657 4490 815 4546 Marc.
854 4493 931 4554 16,
964 4495 1012 4554 6,
1046 4491 1129 4564 2),
1164 4492 1265 4548 sub
1296 4494 1538 4550 Honorio
1576 4495 1827 4551 tribunus
1859 4495 2000 4567 (Not.
2033 4515 2147 4552 occ.
2181 4515 2228 4552 c.
2263 4501 2296 4548 4
2323 4495 2507 4568 ibique
2535 4493 2798 4567 Bocking)
2827 4510 3007 4567 neque
3037 4493 3248 4549 comitis

657 4591 854 4630 nomen
878 4579 1221 4648 magistratui
1252 4577 1333 4633 illi
1355 4594 1674 4634 concessum
1708 4597 1830 4636 esse
1854 4581 2098 4637 videatur
2127 4583 2232 4636 nisi
2256 4580 2320 4637 ab
2345 4580 2552 4636 ultimis
2577 4578 2880 4635 Occidentis
2912 4578 3252 4652 imperatori-

660 4658 761 4714 bus
793 4659 875 4714 vel
906 4661 1038 4716 adeo
1070 4679 1100 4716 a
1132 4662 1353 4734 regibus
1386 4661 1706 4720 Gothorum.
1768 4666 1954 4738 ltaque
1999 4665 2326 4722 laterculum
2355 4683 2383 4722 a
2416 4665 2679 4736 Magnone
2711 4671 3026 4737 excerptum
3057 4662 3250 4736 proba-

656 4741 843 4798 biliter
874 4745 1234 4802 attribuemus
1270 4747 1487 4804 saeculo
1520 4750 1733 4822 quinto.
1781 4749 2018 4823 Originis
2043 4751 2256 4807 videtur
2285 4765 2404 4806 esse
2435 4757 2528 4804 aut
2551 4748 2790 4806 urbanae
2819 4755 2915 4805 aut
2935 4747 3248 4810 Africanam
