3434 5442
573 346 700 408 230
1730 339 2021 422 [enom]

709 490 722 503 .
751 461 866 503 1399.
887 461 964 502 400
990 460 1037 501 r.
2772 468 2817 508 p.
2844 456 2913 497 ⁵⁵.
2932 456 2985 496 ω
3012 456 3067 497 ι..

575 476 784 593 eodpem
819 550 960 591 casu
1005 530 1294 607 genetivo,
1334 528 1684 606 corripiunt.
1754 546 1789 587 o
1831 526 2023 588 littera
2066 527 2415 588 terminatus
2458 529 2759 589 vocativus
2802 529 3183 589 nominativo

575 634 865 711 congruit.
956 650 994 692 u
1034 630 1227 691 littera
1267 631 1618 690 terminatus
1662 629 1908 689 Graecis
1950 626 2294 689 nominibus
2340 626 2577 707 longam
2615 628 2827 699 habet,
2878 636 2943 689 ut
2982 634 3181 708 ‘quo

573 752 696 795 res
758 750 1034 794 summa
1097 730 1300 799 loco,
1375 730 1731 791 Panthu?’
1822 736 2033 791 neutro
2090 746 2231 789 vero
2286 747 2508 809 genere
2560 732 2923 793 nominativo
2988 739 3181 809 atque

575 837 905 896 accusativo
945 832 1271 912 respondet
1313 832 1618 892 nominum
1657 830 2023 893 Latinorum.
2112 832 2411 892 vocativus
2460 832 2779 911 singularis
2822 832 3017 894 Latini
3060 852 3179 893 no-

525 969 550 1007 5
579 937 752 997 minis
809 937 932 997 sive
975 934 1217 1003 Graeci,
1277 949 1650 1012 quacumque
1697 932 1879 995 fuerit
1918 941 2285 995 consonante
2328 934 2557 1003 finitus,
2614 933 2859 995 brevem
2900 934 3179 1005 babebit,

577 1046 644 1100 ut
683 1038 1093 1099 nominativus

741 1137 1044 1200 Ablativus
1087 1134 1402 1213 singularis
1449 1133 1708 1214 qualibet
1752 1134 1939 1196 vocali
1992 1136 2345 1197 terminatus
2384 1135 2651 1198 ultimam
2704 1137 2991 1217 syllabam
3036 1138 3179 1199 lon-

573 1259 709 1319 gam
764 1239 946 1303 habet
1003 1245 1242 1317 praeter
1299 1256 1332 1299 e
1374 1235 1630 1297 litteram
1695 1244 2051 1315 correptam.
2142 1237 2291 1298 haec
2347 1239 2505 1299 enim
2560 1236 2687 1299 sola
2742 1240 2803 1299 in
2854 1239 2971 1299 isto
3028 1258 3177 1301 casu

575 1340 792 1420 duplex
835 1348 944 1403 est.
1031 1338 1380 1419 producitur
1415 1356 1557 1399 vero
1603 1337 1955 1418 specialiter,
1998 1340 2049 1399 si
2088 1340 2479 1401 nominativus
2508 1336 2537 1424 ΙΙ
2564 1340 2841 1402 habuerit
2884 1359 2953 1402 es
2996 1340 3177 1421 sylla-

503 1466 550 1506 ιο
577 1442 712 1504 batn
757 1441 996 1520 longam
1033 1448 1094 1502 et
1127 1442 1460 1518 genetivum
1504 1457 1676 1501 suum
1717 1460 1753 1503 e
1792 1448 1853 1501 et
1892 1442 1909 1500 i
1952 1440 2191 1520 syllabis
2236 1440 2612 1519 explicuerit,
2666 1450 2737 1503 ut
2776 1444 3001 1504 macies
3044 1462 3177 1504 ma-

577 1546 704 1613 ciei,
744 1544 972 1622 species
1013 1543 1248 1621 speciei,
1291 1548 1358 1603 ut

885 1662 1042 1705 cum
1090 1642 1339 1704 subito
1385 1661 1418 1703 e
1457 1641 1677 1703 silvis
1715 1644 1949 1703 macie
1990 1644 2203 1713 conf..

576 1753 642 1806 ut
677 1744 690 1828 Ι
1824 1756 1829 1763 ’

883 1865 1103 1908 causa
1151 1847 1295 1907 fuit
1335 1863 1578 1923 neque
1621 1847 1811 1906 enim
1856 1846 2113 1923 specie
2159 1845 2198 1905 l'.
2248 1890 2263 1904 .

502 1973 550 2013 15
577 1955 771 2027 potest
813 1949 988 2009 etiam
1035 1950 1097 2009 in
1142 1947 1234 2008 his
1276 1947 1526 2026 produci
1573 1946 1941 2015 nominibus,
2000 1966 2152 2026 quae
2196 1946 2465 2025 genetivo
2514 1966 2658 2011 casu
2702 1948 2781 2010 ab
2828 1950 2943 2010 hac
2986 1950 3177 2012 decli-

579 2052 816 2111 natione
861 2049 1216 2118 ‹lesciscunt‚
1259 2058 1326 2110 ut
1363 2049 1512 2110 haec
1556 2048 1743 2109 fames
1784 2048 1963 2109 huius
2000 2048 2189 2109 famis,
2276 2066 2416 2109 nam
2455 2049 2633 2129 longa
2678 2057 2768 2113 est
2808 2051 3016 2114 ultima
3060 2070 3179 2113 no-

579 2153 851 2213 minativo
897 2157 957 2212 et
998 2150 1269 2221 ablativo,
1317 2159 1382 2212 ut
1423 2150 1650 2211 ‘haec
1696 2158 1862 2210 erat
1905 2148 2035 2211 illa
2081 2151 2350 2213 sames’
2398 2158 2461 2213 et

879 2254 1205 2321 amissis,
1252 2259 1329 2313 ut
1373 2253 1596 2321 fama,
1645 2251 1922 2331 apibus
1966 2251 2379 2332 morboque
2422 2254 2785 2334 fameque.

577 2356 636 2414 in
679 2353 974 2432 aliquibus
1031 2353 1372 2415 nominibus
1418 2372 1482 2415 es
1524 2352 1743 2434 syllaba
1800 2360 1867 2413 ut
1918 2355 1981 2413 in
2034 2355 2393 2415 nominativo
2449 2354 2649 2417 brevis
2696 2363 2813 2428 est,
2879 2358 2963 2417 ita
3004 2366 3067 2419 et
3112 2360 3179 2419 in

499 2478 552 2518 20
578 2455 846 2526 ablativo,
889 2464 954 2517 ut

881 2558 1152 2637 impius
1193 2557 1380 2618 haec
1423 2564 1566 2617 tam
1616 2555 1819 2619 culta
1864 2555 2167 2619 novalia
2208 2555 2454 2627 miles,

577 2665 637 2719 et
679 2656 817 2719 alibi

878 2762 1228 2837 ingentes
1272 2766 1725 2839 uterumque
1765 2767 2051 2821 armato
2095 2760 2345 2821 milite
2386 2760 2760 2839 conplent.

577 2864 956 2923 inveniuntur
995 2866 1170 2923 etiam
1211 2863 1446 2922 nomina
1497 2878 1650 2938 quae
1695 2862 1755 2921 in
1800 2860 2049 2922 ablativo
2106 2868 2467 2941 postremam
2514 2882 2547 2923 e
2591 2861 2847 2924 litteram
2906 2865 3179 2927 vocalem

503 2984 554 3024 25
585 2965 934 3042 corripiunt,
981 2982 1118 3024 cum
1155 2964 1214 3024 in
1261 2964 1618 3024 nominativo
1661 2962 1841 3040 longa
1870 2964 1963 3031 sit,
2008 2970 2075 3023 ut
2116 2966 2337 3041 ‘rupe
2380 2962 2513 3025 sub
2561 2967 2805 3026 aeria’
2850 2975 2913 3027 et
2947 2967 3181 3029 ‘mole

579 3072 791 3127 tenet
845 3084 971 3127 sco
985 3064 1198 3144 puli'.
1289 3082 1472 3144 quare
1517 3066 1574 3125 in
1633 3065 1729 3127 his
1773 3063 2253 3143 ambiguitatibus
2294 3068 2617 3127 auctoritas
2664 3067 3021 3147 inquirenda
3060 3079 3179 3130 est.

581 3186 790 3249 verum⁴
827 3169 876 3229 si
921 3168 981 3228 in
1023 3166 1364 3227 nominibus
1406 3168 1650 3229 Graecis
1695 3166 2009 3229 ablativum
2056 3172 2357 3237 nostrum,
2410 3186 2587 3246 quem
2634 3168 2719 3229 illi
2762 3186 2882 3231 non
2928 3170 3175 3241 habent,
3274 3208 3281 3212 -

575 3270 940 3340 formaveris,
991 3270 1364 3330 novissimam
1405 3267 1687 3349 syllabam
1732 3268 1975 3330 brevem
2019 3286 2151 3330 esse
2190 3254 2513 3347 intelleges,
2554 3277 2620 3331 ut

879 3371 1214 3450 Daphnis
1255 3388 1364 3432 me
1405 3370 1642 3431 malus
1684 3372 1870 3440 urit,
1918 3388 2053 3449 ego
2096 3370 2289 3431 hanc
2330 3373 2403 3432 in
2448 3372 2843 3452 Daphnide
2878 3372 3177 3437 laurum

499 3464 637 3518 met
881 3546 1188 3619 postera
1229 3558 1386 3601 cum
1430 3542 1673 3618 primo
1718 3538 2105 3601 lustrabat
2147 3538 2487 3619 lampade
2531 3549 2799 3603 terras.

578 3643 780 3703 Latina
825 3660 966 3701 vero
1015 3642 1278 3711 nomina,
1333 3643 1681 3719 praesertim
1724 3660 1792 3703 ea
1838 3659 1989 3720 quae
2028 3643 2385 3703 nominativo
2423 3660 2487 3703 es
2528 3649 2587 3703 et
2620 3644 2887 3721 genetivo
2932 3646 3011 3705 tis
3052 3646 3171 3727 syl-

574 3741 740 3803 labas
787 3743 1102 3821 recipiunt.
1150 3744 1208 3803 in
1248 3741 1500 3804 ablativo
1548 3761 1687 3804 casu
1730 3762 1966 3823 semper
2008 3743 2249 3805 brevem
2294 3743 2531 3805 habent.

745 3843 830 3903 De
867 3862 1120 3905 numero
1163 3842 1395 3923 plurali.
1483 3843 1700 3923 plurali
1743 3863 1990 3907 numero
2034 3848 2095 3907 in
2140 3845 2359 3907 ultimis
2400 3847 2707 3907 nominum
2762 3845 3004 3927 syllabis
3040 3848 3177 3910 nul·

499 3962 553 4003 as
581 3946 696 4006 lam
759 3943 1160 4006 difficultatem
1217 3948 1498 4023 reperies.
1589 3949 1804 4009 etenim
1866 3948 2259 4008 nominativus
2323 3950 2692 4009 accusativus
2756 3956 2815 4009 et
2872 3952 3177 4013 vocativus

581 4050 744 4110 omni
814 4048 874 4108 in
938 4064 1162 4125 genere
1235 4049 1496 4127 exceptis
1561 4047 1900 4109 nominibus
1965 4048 2211 4109 Graecis
2276 4055 2335 4109 et
2400 4056 2613 4111 neutro
2680 4067 2901 4127 genere
2964 4058 3176 4113 nostro

578 4158 937 4228 postremam
1005 4148 1284 4229 syllabam
1343 4168 1580 4228 semper
1645 4147 1879 4227 longam
1936 4151 2245 4228 recipiunt.
2336 4152 2561 4213 Graeca
2630 4154 2792 4214 enim
2856 4160 2916 4214 et
2959 4162 3175 4223 neutra

575 4270 812 4331 semper
855 4252 1094 4313 brevem
1144 4251 1498 4311 nominativo
1542 4268 1699 4320 casu,
1742 4256 1806 4312 ut

711 4390 744 4438 2
781 4404 880 4451 quo
917 4384 1022 4451 res]
1072 4389 1234 4452 Ver-9.
1262 4386 1393 4437 Aen.
1428 4387 1469 4435 11
1505 4386 1608 4438 322
1748 4387 1784 4436 4
1816 4386 2081 4451 respondit
2118 4388 2168 4436 Β
2313 4388 2375 4437 12
2412 4386 2551 4454 cum]
2604 4390 2761 4454 Ver-9.
2794 4390 2927 4439 Aen.
2970 4391 3037 4439 ΙΙΙ
3072 4392 3179 4444 590

681 4458 914 4507 confecta
951 4472 1194 4521 suprema
1225 4471 1258 4513 ς
1451 4456 1518 4506 14
1555 4454 1732 4522 causa]
1780 4458 1942 4520 Ver-9.
1983 4457 2115 4507 Aen.
2162 4459 2249 4508 llll
2290 4456 2390 4507 170
2535 4460 2595 4509 17
2640 4456 2787 4523 hacc]
2833 4461 2995 4524 Ver-9.
3036 4462 3175 4511 Aen.

576 4530 667 4577 Vll
705 4527 804 4577 128
947 4526 1012 4577 18
1045 4523 1277 4590 amissis]
1328 4527 1484 4590 Ver-9.
1513 4540 1691 4593 pem-9.
1734 4528 1820 4576 llll
1852 4526 1958 4578 318
2100 4526 2167 4578 19
2203 4528 2272 4576 ita
2310 4536 2358 4577 et
2395 4528 2445 4576 iu
2484 4529 2709 4577 ablativo
2739 4529 2948 4578 brevem
2986 4546 3017 4578 e
3052 4528 3179 4579 facit

574 4600 785 4647 coniecit
821 4597 1224 4659 Lindemannus,
1290 4596 1359 4645 ita
1395 4606 1445 4646 et
1479 4612 1506 4646 e
1543 4597 1594 4643 in
1630 4596 1853 4646 ablativo
1892 4598 2179 4648 Freundius
2211 4600 2383 4647 armat.
2430 4597 2606 4660 philol.
2647 4612 2755 4649 nov.
2789 4600 2835 4648 V
2882 4597 2959 4661 (a.
3004 4598 3175 4664 1832)

572 4682 623 4731 p.
649 4666 716 4715 97
859 4666 924 4714 21
967 4665 1179 4733 impius]
1232 4668 1390 4730 Ver-q.
1411 4666 1572 4716 bucol.
1605 4666 1734 4728 1,7l
1880 4666 1947 4719 ⁸23
1976 4665 2235 4733 ingentes]
2284 4668 2443 4733 Ver-9.
2466 4669 2596 4719 Aen.
2633 4670 2671 4716 11
2702 4667 2773 4717 20
2912 4668 2983 4717 25
3018 4667 3176 4735 rupe]

583 4740 740 4801 Verq.
773 4750 946 4800 pem-q.
985 4736 1072 4784 llll
1107 4736 1213 4786 508
1423 4733 1572 4798 mole]
1627 4737 1786 4801 Ver-9.
1827 4737 1955 4787 Aen.
1993 4738 2083 4787 'Vll
2120 4736 2226 4789 589
2404 4738 2473 4788 29
2506 4734 2759 4803 Daphnis]
2804 4738 2967 4803 Ver-9.
3006 4738 3178 4789 bucol.

574 4805 626 4867 8,
663 4805 732 4857 83
873 4806 934 4857 31
979 4800 1208 4869 postera]
1255 4805 1416 4870 Ver-q.
1453 4808 1582 4854 Aen.
1620 4805 1712 4854 Vll
1749 4804 1848 4855 148
