3434 5442
676 355 799 416 446
1823 351 2066 416 SEval

2625 462 2654 502 l'.
2683 463 2771 504 182.
2803 463 2892 504 82*
2919 465 3022 504 eod.
3049 462 3138 504 Par.

672 533 1001 617 αἰκισμός,
1060 537 1119 598 id
1179 545 1267 599 est
1324 539 1451 599 sani
1506 541 1798 601 sermonis
1851 540 2084 612 vitium,
2145 549 2246 602 aut
2300 549 2462 602 certe
2513 541 2677 612 ideo,
2725 543 2882 623 quod
2931 539 3227 604 Σόλοικοι

676 641 977 702 venientes
1020 640 1279 702 Athenas
1322 649 1383 702 et
1426 638 1580 704 male
1623 642 1934 723 loquentes
1989 659 2204 705 nomen
2251 661 2324 705 ex
2367 662 2432 704 se
2477 645 2614 705 vitio
2659 643 2973 705 dederunt.
3059 643 3224 704 soloe-

672 743 839 804 cismi
896 750 1089 804 autem
1150 742 1408 804 definitio
1454 752 1545 806 est
1588 743 1746 816 talis,
1794 745 1993 805 vitium
2039 745 2256 807 factum
2300 747 2360 806 iu
2405 755 2685 808 contextu
2727 748 2988 826 partium
3033 748 3228 807 oratio—

672 846 793 916 nis,
848 847 930 907 ita
984 851 1049 906 ut
1100 844 1314 925 singuli
1382 862 1687 908 sermones
1741 846 1934 908 Latini
1987 849 2132 918 sint,
2189 846 2294 908 sed
2351 856 2560 928 peccet
2601 849 2728 928 ipsa
2771 849 3134 920 coniunctio,
3173 857 3230 908 ut

618 971 643 1010 5
670 949 823 1028 siqui
866 947 1024 1010 dicat
1080 947 1285 1010 ‘multi
1330 949 1474 1009 mihi
1518 949 1790 1010 homines
1845 949 2118 1009 iniuriam
2165 949 2338 1010 fecit’
2385 968 2494 1031 pro
2539 950 2828 1012 fecerunt.
2917 951 3226 1030 quaesitum

670 1058 788 1120 est,
836 1069 909 1110 an
956 1052 1129 1111 etiam
1175 1052 1235 1111 in
1281 1069 1399 1112 uno
1444 1067 1720 1112 sermone
1765 1051 1950 1129 possit
1990 1051 2120 1112 fieri
2163 1050 2578 1131 soloecismus,
2625 1050 2802 1113 veluti
2833 1069 2970 1113 cum
3001 1052 3230 1112 dicimus

670 1153 773 1212 uni
816 1152 1047 1214 homini
1088 1151 1334 1224 salvete,
1382 1159 1483 1214 aut
1526 1170 1657 1213 cum
1689 1155 1880 1213 virum
1913 1160 2188 1214 vocantes
2218 1153 2466 1215 dicimus
2511 1154 2690 1226 hanc,
2739 1163 2840 1215 aut
2879 1171 3018 1215 cum
3063 1157 3228 1214 inter·

668 1257 858 1334 rogati
915 1273 1033 1334 quo
1088 1273 1289 1318 eamus
1346 1254 1595 1316 dicimus
1650 1256 1826 1316 intus.
1916 1253 2016 1315 scd
2077 1273 2210 1316 cum
2256 1257 2510 1318 sciamus
2551 1263 2612 1317 et
2655 1254 2840 1317 valete
2883 1265 2948 1316 et
2993 1254 3140 1316 hanc
3179 1265 3230 1314 et

666 1357 825 1417 intus
869 1357 1106 1419 Latinos
1162 1373 1293 1419 csse
1346 1373 1681 1428 sermoneS,
1739 1359 1940 1436 utique
1985 1355 2118 1417 idco
2163 1356 2433 1418 videntur
2479 1357 2654 1419 modo
2698 1356 3112 1420 soloecismum
3155 1357 3227 1416 fe·

592 1479 643 1521 ιο
672 1460 850 1529 cisse,
907 1461 1181 1539 quoniam
1238 1458 1579 1520 reseruntur
1624 1458 1695 1520 ad
1743 1458 1980 1539 aliquid.
2069 1455 2278 1519 relatio
2321 1467 2518 1522 autem
2565 1458 2806 1520 alterius
2849 1461 2941 1521 rei
2984 1459 3060 1520 ad
3101 1458 3227 1519 alte-

666 1579 794 1621 ram
849 1579 975 1622 rem
1031 1579 1184 1622 unus
1237 1577 1435 1622 sermo
1490 1578 1608 1621 non
1654 1567 1761 1621 est.
1851 1577 1986 1622 nam
2035 1560 2270 1640 quando
2315 1561 2564 1623 dicimus
2605 1559 2761 1623 hanc
2803 1561 2880 1622 de
2922 1562 3080 1632 viro,
3123 1578 3228 1620 non

664 1661 799 1722 ideo
854 1663 1124 1724 vitiosum
1182 1669 1273 1724 est
1330 1661 1512 1733 hanc,
1570 1665 1705 1742 quia
1763 1661 2108 1724 naturaliter
2163 1665 2430 1725 vitiosum
2477 1675 2593 1735 est,
2656 1665 2760 1726 sed
2805 1664 2940 1745 quia
2987 1663 3228 1724 refertur

667 1763 738 1824 ad
793 1765 999 1824 virum.
1086 1767 1229 1826 item
1289 1783 1423 1826 cum
1482 1764 1730 1826 dicimus
1783 1765 1976 1826 ‘intus
2035 1767 2166 1834 eo’,
2224 1783 2343 1826 non
2398 1766 2532 1826 ideo
2589 1767 2789 1826 vitiosa
2837 1772 2928 1826 est
2973 1764 3225 1832 elocutio,

665 1869 797 1946 quia
843 1868 998 1928 intus
1040 1869 1282 1930 omnino
1328 1883 1447 1927 non
1489 1866 1765 1938 dicimus,
1812 1866 1914 1928 sed
1947 1868 2080 1948 quia
2122 1866 2195 1928 ad
2225 1866 2416 1928 locum
2463 1867 2710 1929 relatum
2743 1875 2836 1928 est
2877 1865 3224 1933 adverbium,

589 1991 637 2032 ιε
666 1969 821 2046 quod
866 1969 927 2030 in
971 1968 1101 2030 loco
1146 1977 1253 2030 est.
1328 1968 1543 2031 scalam
1588 1987 1828 2048 scopam
1873 1969 2218 2049 quadrigam
2265 1977 2324 2030 et
2365 1968 2478 2032 alia
2521 1967 2926 2030 barbarismos
2969 1985 3098 2028 esse
3136 1984 3224 2024 vo·

663 2069 929 2142 luerunt,
972 2070 1265 2151 (quoniam
1321 2067 1535 2150 singuli
1588 2087 1895 2132 sermones
1949 2072 2152 2132 vitium
2210 2077 2442 2141 tenent,
2500 2070 2825 2132 secundum
2871 2087 3052 2150 supra
3093 2069 3224 2131 scri·

662 2180 819 2252 ptam
864 2172 1281 2236 definitionem.
1322 2169 1351 2258 ss

1408 2363 1493 2406 DE
1538 2363 2070 2408 sononclsuossvu
2118 2363 2488 2407 GENERIBVS.

832 2463 1326 2527 Soloecismorum
1373 2479 1591 2542 genera
1637 2471 1874 2524 centum
1923 2463 2063 2524 dicit
2105 2481 2234 2526 esse
2275 2461 2549 2525 Lucilius.
2609 2459 2784 2541 plane
2829 2469 3056 2524 constat
3095 2459 3222 2520 brc—

584 2589 636 2628 20
662 2566 789 2627 vius
842 2576 903 2628 et
958 2565 1165 2626 melius
1220 2566 1482 2646 posuisse
1538 2564 1828 2627 Donatum
1848 2613 1862 2635 ‚
1920 2567 2022 2646 qui
2075 2564 2222 2626 dixit
2276 2565 2393 2626 duo
2435 2581 2566 2626 csse
2607 2581 2826 2642 genera
2873 2560 3218 2643 principalia,

659 2667 885 2749 reliqua
928 2666 1221 2748 specialia.
1266 2665 1613 2748 principalia
1658 2674 1853 2730 autem
1901 2685 2120 2746 genera
2163 2665 2646 2728 soloecismorum
2691 2674 2830 2726 sunt
2849 2713 2867 2736 ‚
2915 2683 3044 2727 cum
3085 2664 3222 2723 fiunt

661 2778 761 2831 aut
802 2787 909 2850 per
966 2778 1165 2850 partes
1208 2769 1492 2831 orationis
1546 2778 1649 2830 aut
1689 2787 1800 2850 per
1843 2769 2168 2832 accidentia
2213 2767 2479 2848 partibus
2524 2769 2828 2829 orationis.
2875 2785 2998 2844 per
3029 2773 3220 2843 partes

657 2875 969 2942 orationis,
1014 2871 1065 2933 si
1094 2877 1196 2932 aut
1222 2869 1369 2934 aliae
1412 2890 1521 2951 pro
1568 2869 1695 2932 aliis
1739 2879 2064 2952 ponantur,
2099 2879 2162 2932 ut
2207 2876 2676 2949 ‘torvumque
2720 2877 3044 2949 repente
3083 2867 3217 2928 cla·

660 2979 858 3046 mat’,
904 2971 963 3034 id
1008 2980 1099 3034 est
1140 2980 1330 3042 torve:
1392 2989 1612 3048 nomeu
1657 2992 1766 3054 pro
1811 2972 2090 3035 adverbio
2134 2974 2346 3053 posuit.
2435 2989 2588 3050 quae
2631 2970 2882 3034 elocutio
2927 2973 3016 3032 sic
3057 2968 3216 3032 hodie

576 3098 627 3139 25
658 3075 869 3138 crebra
913 3083 1035 3146 est,
1081 3081 1147 3137 ut
1188 3076 1373 3154 figura
1418 3082 1675 3154 putetur.
1765 3093 1902 3137 nam
1959 3093 2164 3138 omnes
2209 3073 2412 3137 dicunt
2455 3072 2806 3154 ‘pulchrum
2849 3072 3049 3152 legit’,
3094 3070 3214 3131 ‘de-

660 3178 899 3240 licatum
944 3175 1202 3258 loquitur
1220 3182 1256 3247 ',
1304 3195 1437 3238 cum
1484 3177 1685 3258 utique
1731 3179 1967 3239 nomina
2013 3177 2130 3238 sint
2173 3179 2281 3240 ista
2323 3177 2512 3256 posita
2555 3195 2664 3256 pro
2709 3175 3027 3246 adverbii&
3071 3172 3212 3251 quod

657 3282 719 3342 in
762 3287 891 3342 arte
931 3279 1319 3359 grammatica
1360 3279 1561 3340 vitium
1607 3277 1916 3340 iudicatur.
1989 3279 2131 3340 item
2174 3279 2239 3340 fit
2281 3276 2661 3341 soloecismus
2703 3295 2814 3358 per
2855 3286 3056 3357 partes
3093 3293 3212 3335 ora·

654 3385 859 3454 tionis,
918 3383 967 3442 si
1020 3382 1183 3462 ipsae
1237 3397 1347 3460 per
1402 3398 1467 3442 se
1523 3379 1677 3442 malo
1733 3381 1942 3442 ordine
1993 3391 2318 3462 ponantur,
2375 3387 2443 3441 ut
2496 3383 2690 3442 ‘intus
2744 3384 2855 3440 eo'
2901 3398 3012 3459 pro
3053 3381 3211 3438 intro.

654 3503 789 3546 nam
835 3502 971 3546 cum
1016 3491 1077 3543 et
1118 3483 1277 3544 intus
1321 3491 1382 3543 et
1420 3483 1577 3544 intro
1624 3481 1899 3545 adverbia
1941 3485 2089 3554 sint,
2135 3491 2332 3544 tamen
2363 3480 2518 3544 malo
2549 3481 2760 3544 ordine
2803 3483 2992 3560 posita
3024 3483 3206 3541 vitium

578 3608 629 3648 30
658 3585 944 3648 focerunt.
990 3601 1098 3664 per
1142 3584 1464 3648 accidentia
1507 3602 1647 3646 vero
1691 3586 1945 3665 partium
1991 3585 2270 3646 orationis
2313 3589 2400 3644 tot
2442 3582 2634 3645 modis
2675 3584 2827 3645 liunt
2867 3581 3196 3646 soloecismi.

653 3695 797 3766 quot
850 3694 988 3749 sunt
1044 3687 1327 3765 cuiusque
1380 3688 1567 3766 partis
1620 3686 1966 3748 accidentia.
2053 3686 2115 3746 in
2172 3687 2412 3746 nomine
2455 3685 2631 3756 liunt,
2675 3687 2726 3746 si
2769 3685 3072 3764 proprium
3109 3699 3206 3761 pro

652 3788 1003 3872 appellativo
1042 3795 1327 3868 ponatur,
1372 3798 1440 3850 ut

956 3891 1256 3952 hauriat
1297 3891 1489 3952 hunc
1534 3889 1775 3952 oculis
1817 3891 2064 3969 ignem
2109 3887 2451 3951 crudelis
2497 3887 2586 3952 ab
2631 3887 2782 3950 alto

949 3992 1368 4055 Dardanus:

572 4117 626 4162 35
656 4096 959 4161 Dardanus
1002 4096 1110 4164 ait,
1157 4113 1291 4156 cum
1338 4092 1667 4156 Dardanius
1710 4093 1908 4156 dicere
1952 4093 2254 4165 debuerit:
2299 4111 2441 4155 usus
2484 4099 2576 4154 est
2617 4091 2930 4172 principali
2971 4109 3074 4172 pro
3113 4089 3200 4149 ‹le-

651 4200 919 4261 rivativo:
996 4215 1105 4277 per
1156 4213 1373 4277 genera
1430 4197 1523 4266 fit,
1586 4205 1652 4257 ut
1706 4198 2030 4258 ‘amarae
2093 4198 2482 4267 cortices'‚
2541 4211 2678 4256 cum
2733 4212 2944 4256 omnes
2997 4194 3113 4254 sere
3153 4199 3202 4250 et

647 4303 991 4382 frequenter
1046 4301 1327 4362 corticem
1384 4316 1604 4379 genere
1658 4298 1982 4360 masculino
2039 4298 2328 4361 dicamus:
2402 4315 2510 4378 per
2555 4315 2868 4367 numeros,
2915 4303 2980 4359 ut
3019 4299 3204 4374 ‘pars

794 4524 819 4575 1
852 4523 986 4588 quod
1020 4523 1127 4574 solo
1158 4537 1277 4574 ecoe
1306 4522 1357 4571 P
1498 4521 1538 4576 3,
1570 4517 1811 4590 partium]
1850 4523 2008 4586 partis
2033 4523 2084 4571 P
2198 4521 2228 4572 7
2260 4521 2489 4571 dicemus
2515 4519 2645 4570 lianc
2675 4517 2726 4566 P
2857 4519 3203 4582 interrogantes

650 4593 697 4643 P
794 4593 829 4644 8
867 4593 1093 4644 dicemus
1126 4594 1261 4643 intus
1297 4595 1348 4643 P
1454 4591 1515 4642 16
1553 4594 1950 4657 superscriptam
1992 4592 2043 4640 P
2149 4589 2212 4643 19
2261 4589 2478 4640 lucillius
2513 4591 2584 4640 P.-
2621 4589 2689 4652 cs.
2727 4587 2998 4654 Pompeius
3031 4601 3081 4650 p.
3114 4581 3204 4635 430

787 4663 854 4712 22
882 4679 975 4729 per
1010 4663 1339 4714 accidentiam
1378 4662 1429 4712 P
1565 4677 1657 4728 per
1680 4670 1852 4726 partes
1889 4659 2130 4710 orationis
2162 4662 2382 4712 secundo
2415 4662 2523 4711 Ioco
2557 4675 2651 4710 om.
2683 4660 2734 4708 P
2909 4659 2977 4710 23
3005 4658 3094 4707 alia
3121 4666 3202 4720 pro

654 4733 769 4782 aliis
792 4734 843 4782 P
1000 4728 1322 4798 torvumque]
1372 4733 1530 4797 Ver-9.
1568 4731 1701 4782 Aen.
1745 4731 1831 4780 Vll
1859 4729 1960 4782 399
2013 4793 2024 4802 .
2133 4731 2204 4781 29
2237 4731 2482 4780 aduerbia
2520 4737 2636 4780 sunt
2669 4731 2734 4812 P
2881 4727 2951 4781 33
2995 4718 3196 4856 hauriat}

653 4803 809 4866 Ver-9.
842 4802 969 4853 Aen.
1006 4803 1097 4851 llll
1128 4801 1228 4853 661
1401 4801 1469 4852 36
1500 4799 1720 4868 amarae]
1766 4803 1922 4867 Verq.
1949 4799 2104 4852 bucol.
2133 4799 2196 4864 6,
2232 4800 2300 4851 62
2335 4815 2535 4850 amarae
2567 4807 2768 4849 corticis
2977 4797 3042 4849 37
3067 4807 3174 4862 pars

652 4873 809 4936 γίνῃ.
856 4873 978 4921 Aen.
1018 4871 1033 4916 1
1066 4872 1165 4922 212
