3434 5442
915 356 1332 420 EXPLANAT.
1378 355 1456 418 IN
1500 355 1861 418 DONATVM
1906 355 2045 417 LlB.
2090 353 2118 416 1
2690 307 2813 422 515

2384 475 2430 516 p.
2460 463 2635 506 528-28
2662 462 2711 506 L.

235 547 592 628 praesentis,
653 563 787 608 cum
847 546 1086 606 nomina
1139 545 1259 606 sint
1299 550 1557 615 tantum,
1616 550 1684 606 ut
1726 561 1931 605 amens
1976 541 2252 613 demens;
2294 550 2357 604 et
2398 541 2819 606 discernuntur

237 667 271 710 a
313 647 672 728 participiis,
717 647 874 727 quod
920 648 1400 727 conparationem
1445 644 1694 716 habent,
1754 647 1891 724 quia
1944 645 2287 724 conparatio
2327 647 2654 725 participiis
2698 663 2819 707 non

239 749 469 812 accidit.
555 756 695 811 sunt
747 749 1036 830 quaedam
1089 748 1396 828 participia
1463 748 1668 808 eadem
1724 754 1783 808 et
1841 747 1851 829 j
1912 749 2181 816 nomina,
2240 755 2306 808 ut
2360 755 2450 808 est
2503 766 2707 809 amans
2760 755 2822 809 et

243 849 513 929 diligens.
600 852 712 914 ista
755 869 876 912 non
917 850 1111 912 solum
1156 850 1576 929 conparatione
1623 847 2071 932 discernuntur,
2118 848 2224 909 sed
2268 849 2445 910 etiam
2477 867 2634 910 casu.
2682 868 2820 911 nam

237 954 288 1015 si
330 953 722 1015 accusativum
766 953 860 1014 his
901 953 1164 1013 iunxeris
1191 969 1422 1022 casum,
1467 951 1778 1030 participia
1809 957 2013 1020 erunt;
2058 952 2109 1011 si
2153 952 2482 1030 genetivum
2500 997 2517 1022 ,
2562 954 2819 1014 nomina.
2848 969 2874 1008 s

188 1047 194 1052 ’
243 1054 483 1135 quando
529 1053 675 1116 dicis
719 1071 922 1116 amans
967 1052 1161 1124 illum,
1217 1053 1594 1134 participium
1639 1059 1760 1122 εει,
1808 1052 1960 1112 sicut
2002 1050 2203 1130 legens
2246 1051 2445 1122 illum;
2510 1055 2563 1114 si
2606 1053 2827 1115 dixeris

239 1174 446 1218 amans
489 1154 667 1227 illius,
727 1173 943 1216 nomen
991 1165 1110 1226 est,
1155 1156 1308 1216 sicut
1349 1171 1566 1235 parens
1610 1152 1781 1214 illius.
1839 1155 1983 1214 item
2028 1171 2247 1216 nomen
2290 1161 2407 1226 est,
2454 1155 2609 1236 quod
2655 1174 2826 1236 prae·

239 1259 420 1320 terito
464 1259 776 1338 participio
819 1257 1012 1322 simile
1057 1258 1162 1327 sit,
1208 1265 1276 1318 ut
1317 1265 1406 1318 est
1447 1275 1656 1336 passus
1684 1257 1845 1317 visus
1888 1254 2135 1318 dilectus
2180 1255 2390 1318 cultus.
2447 1275 2599 1338 quae
2634 1242 2693 1318 'si
2734 1275 2827 1318 se·
2906 1277 2918 1288 ·

243 1359 474 1422 eundae
514 1367 654 1420 sunt
693 1359 1137 1431 declinationis,
1183 1359 1490 1440 participia
1535 1366 1700 1427 sunt,
1749 1355 1923 1418 huius
1965 1359 2125 1436 passi
2167 1359 2279 1420 visi
2320 1358 2517 1419 dilecti
2560 1356 2733 1428 culti;
2779 1361 2831 1418 si

241 1470 518 1540 quartae,
581 1462 820 1523 nomina
891 1469 1094 1532 erunt,
1157 1462 1333 1522 huius
1396 1477 1604 1540 passus
1680 1459 1857 1520 huius
1920 1460 2077 1521 visus
2154 1460 2329 1524 huius
2398 1457 2591 1521 cultus
2656 1459 2831 1522 huius
2857 1477 2907 1516 ιο

241 1562 512 1626 dilectus.
599 1561 760 1624 aliud
815 1563 974 1624 enim
1030 1571 1121 1625 est
1175 1581 1306 1624 esse
1363 1579 1581 1623 nomen
1637 1569 1865 1622 tantum
1920 1560 2115 1624 simile
2152 1563 2491 1643 participii,
2538 1559 2695 1624 aliud
2742 1571 2830 1624 est

241 1665 403 1727 idem
459 1673 520 1726 et
575 1683 792 1726 nomen
851 1683 980 1726 esse
1035 1673 1096 1728 et
1146 1665 1542 1744 participium.
1631 1660 1867 1742 quando
1928 1681 2149 1726 nomen
2206 1671 2297 1726 est
2346 1672 2577 1726 tantum
2641 1663 2834 1726 simile

245 1767 544 1847 participii
560 1813 577 1837 ,
621 1766 838 1828 suflicit
881 1766 988 1828 tibi
1030 1765 1155 1828 sola
1198 1767 1542 1848 conparatio
1572 1763 1646 1827 ad
1677 1765 2122 1836 discretionem
2169 1766 2406 1847 quando
2436 1773 2631 1828 autem
2674 1765 2831 1828 idem

246 1876 306 1928 et
349 1885 568 1930 nomen
626 1877 716 1930 εει
769 1875 830 1928 ει
881 1869 1283 1948 participium,
1345 1867 1584 1929 difficile
1641 1867 2015 1930 discernitur.
2103 1870 2367 1932 invenies
2411 1869 2571 1930 enim
2611 1866 2733 1928 illic
2776 1877 2836 1928 et

250 1979 518 2050 tempus,
565 1969 724 2048 quod
771 1977 996 2032 tantum
1043 1971 1340 2050 participii
1383 1977 1499 2040 est,
1547 1977 1606 2031 et
1649 1972 2166 2050 conparationem,
2212 1989 2363 2052 quae
2406 1971 2663 2033 nominis
2705 1977 2835 2030 tan-
2862 1989 2913 2030 15

248 2080 373 2134 tum
419 2080 541 2142 est,
589 2080 654 2133 ut
707 2079 800 2132 est
853 2089 1075 2132 amans,
1164 2089 1300 2134 nam
1355 2078 1414 2132 et
1465 2073 1839 2152 participium
1895 2075 2223 2154 praesentis
2278 2074 2563 2153 temporis
2618 2080 2709 2134 est
2762 2071 2835 2164 ab

250 2193 321 2235 eo
365 2173 528 2254 quod
585 2181 675 2234 εει
717 2191 883 2244 amo,
930 2181 992 2234 et
1032 2172 1210 2236 habet
1252 2171 1469 2252 gradus
1512 2176 1980 2254 conparationis,
2026 2193 2161 2236 cum
2204 2193 2423 2237 nomen
2469 2183 2587 2246 est,
2632 2192 2839 2236 amans

249 2277 546 2336 amantior
585 2276 1041 2336 amantissimus.
1127 2276 1236 2338 ista
1283 2292 1426 2354 ergo
1469 2293 1592 2336 non
1645 2294 1754 2357 per
1810 2278 2291 2357 conparationem
2335 2284 2583 2348 tantum,
2630 2275 2735 2338 sed
2780 2283 2840 2336 et

249 2395 360 2457 per
405 2395 606 2438 casum
652 2375 1102 2447 discernuntur,
1147 2386 1214 2438 ut
1257 2395 1435 2457 supra
1479 2376 1754 2439 diximus.
1844 2378 1919 2438 de
1962 2378 2056 2440 his
2098 2395 2239 2438 vero
2285 2377 2640 2450 nominibuS,
2688 2394 2839 2456 quae

249 2479 580 2558 participiis
633 2479 942 2558 praeteriti
997 2479 1278 2559 temporis
1321 2477 1533 2542 similia
1577 2488 1733 2550 sunt,
1790 2478 1902 2542 alia
1958 2478 2367 2542 declinationis
2421 2479 2627 2560 regula
2672 2478 2842 2541 diffe-
2864 2499 2917 2540 so

183 2569 188 2586 '
251 2581 509 2642 rentiam
567 2579 724 2642 facit.
814 2597 948 2640 nam
1006 2579 1240 2659 quando
1297 2580 1595 2642 secundae
1651 2580 2063 2644 declinationis
2104 2590 2270 2654 sunt,
2316 2583 2621 2664 participia
2669 2589 2840 2652 sunt;

253 2679 499 2761 quando
543 2689 820 2763 quartae,
867 2682 1125 2742 nomina.
1216 2678 1430 2742 deinde
1475 2690 1534 2743 et
1576 2700 1788 2746 sensus
1833 2684 1974 2746 facit
2014 2684 2461 2755 discretionem,
2508 2693 2575 2746 ut
2603 2685 2653 2746 si
2683 2684 2844 2746 dicas

255 2788 273 2815 ‘
295 2783 407 2844 visi
449 2790 591 2844 sunt
632 2782 778 2843 mihi
821 2783 1094 2844 homines
1137 2781 1516 2845 deambulare
1559 2785 1620 2844 in
1665 2784 1799 2846 foro
1812 2789 1855 2856 ’,
1914 2787 2021 2848 visi
2064 2786 2437 2866 participium
2482 2795 2600 2856 est:
2646 2788 2697 2846 si
2740 2803 2844 2848 au·

255 2893 376 2946 tem
421 2883 585 2947 dicas
641 2890 660 2918 ‘
681 2885 916 2945 occurri
957 2883 1180 2946 visibus
1221 2885 1338 2946 tuis
1355 2890 1394 2956 ²,
1447 2883 1745 2964 intellegis
1802 2905 2022 2949 nomen
2066 2905 2215 2950 esse.
2302 2889 2457 2949 seire
2500 2897 2695 2950 autem
2742 2887 2842 2951 de-

255 2985 469 3047 bemus
523 2987 780 3048 maiores
836 2992 1070 3047 nostros
1127 2985 1415 3067 quaedam
1470 2987 1781 3067 participia
1840 2990 2143 3068 praeteriti
2198 2990 2480 3071 temporis
2524 3007 2848 3070 usurpasse
2870 3012 2920 3053 25

257 3097 468 3150 contra
509 3095 698 3150 artem
743 3106 776 3148 a
821 3086 1188 3150 neutralibus
1233 3086 1455 3160 verbiS,
1524 3095 1589 3150 ut
1631 3098 1814 3169 nupta
1858 3107 2109 3169 pransus
2154 3099 2395 3156 cenatus
2453 3090 2846 3171 triumphatus

257 3199 560 3270 regnatus.
651 3206 770 3251 non
824 3195 1024 3250 tamen
1079 3207 1190 3252 nos
1241 3189 1358 3252 hoc
1416 3188 1718 3274 delbemus
1772 3191 1971 3254 facere
2024 3211 2058 3254 a
2113 3191 2401 3257 similibus
2444 3192 2670 3264 verbiS,
2741 3192 2847 3256 sed

259 3300 486 3355 tantum
535 3309 602 3352 ea
649 3291 932 3353 debemus
973 3292 1274 3372 proferre,
1333 3311 1485 3371 quae
1527 3290 1797 3371 legimus,
1868 3293 2003 3356 ideo
2048 3292 2181 3355 dico
2226 3301 2499 3374 regnata,
2544 3312 2667 3356 non
2710 3297 2847 3376 quia

258 3413 481 3474 sequor
510 3401 732 3466 artem,
779 3392 884 3456 sed
915 3395 1052 3474 quia
1083 3393 1274 3456 babeo
1305 3395 1744 3456 auctoritatem:
1792 3394 2082 3475 Vergilius
2113 3401 2458 3476 ‘regnata
2504 3415 2633 3476 per
2678 3415 2847 3459 arva

259 3499 586 3558 Saturno
625 3496 1049 3576 quondam’.
1112 3506 1172 3559 et
1213 3497 1602 3575 interrogavit
1651 3494 1943 3558 Filocalus
2000 3501 2219 3576 ‘quare
2274 3499 2591 3560 Terentius
2654 3499 2851 3578 posuit
2876 3479 2926 3562 {o

260 3597 494 3658 ‘nihil
561 3596 930 3660 tumulti?’
989 3604 1048 3658 et
1105 3598 1412 3678 respondit
1466 3600 1761 3661 ‘maiores
1816 3599 2005 3660 nostri
2059 3599 2255 3660 omnia
2307 3601 2549 3662 nomina
2603 3608 2848 3680 quartae

263 3699 674 3762 declinationis
728 3700 1022 3761 secundae
1078 3698 1400 3772 faciebant,
1459 3699 1632 3762 huius
1689 3699 1853 3762 flucti
1914 3700 2089 3762 huius
2146 3701 2337 3762 ornati
2390 3701 2565 3764 huius
2630 3705 2848 3772 senati;

263 3801 444 3863 hodie
488 3808 734 3882 quartae
777 3809 918 3864 sunt
961 3809 1188 3864 tantum
1233 3801 1671 3873 declinationiS,
1717 3801 1891 3864 huius
1933 3801 2146 3864 fluctus
2175 3802 2349 3864 huius
2392 3810 2634 3864 ornatus
2678 3804 2853 3865 huius

263 3908 565 3968 senatus'.

1195 4074 1293 4136 DE
1339 4073 1915 4138 covaNc'rloNE.
2877 4099 2927 4140 35

439 4211 791 4273 Coniunctio
835 4209 989 4270 dicta
1033 4218 1124 4270 est
1166 4228 1258 4280 eo,
1303 4210 1462 4289 quod
1506 4212 1825 4289 coniungat
1868 4208 2279 4271 elocutionem.
2340 4227 2477 4271 nam
2508 4227 2629 4270 non
2658 4219 2857 4290 potest

269 4314 461 4376 oratio
517 4320 720 4373 nostra
774 4311 1122 4382 cohaerere,
1182 4313 1296 4372 nisi
1349 4315 1741 4392 coniungatur
1782 4313 1896 4372 ista
1938 4311 2255 4392 particula,
2301 4323 2366 4372 ut
2408 4314 2458 4374 si
2504 4312 2663 4374 dicas
2707 4317 2855 4392 ‘ego

268 4415 371 4476 ille
429 4431 633 4475 eamus
649 4419 688 4484 ²,
747 4430 865 4473 non
923 4421 1013 4473 est
1067 4431 1291 4474 conexa
1347 4417 1561 4476 oratio:
1632 4416 1947 4493 interpone
2002 4419 2089 4484 et,
2147 4413 2297 4493 ‘ego
2342 4420 2403 4474 et
2454 4413 2551 4474 ille
2597 4418 2855 4486 eamus',

273 4517 459 4588 vides,
507 4533 624 4596 quo
667 4514 845 4577 modo
889 4513 1184 4594 conligata
1241 4516 1316 4576 sit
1359 4517 1565 4577 oratio.
1655 4516 2101 4578 coniunctiones
2144 4515 2382 4596 quidem
2426 4514 2644 4577 multae
2687 4525 2858 4586 sunt;

413 4704 486 4756 29
517 4701 798 4770 Vergilius]
837 4703 968 4756 Aen.
1003 4703 1075 4753 VI
1109 4701 1212 4754 793
1351 4701 1421 4755 30
1458 4713 1507 4754 et
1534 4703 1869 4769 interrogauit
1906 4701 2135 4754 filocalus
2170 4719 2327 4768 quare
2361 4704 2411 4753 L
2442 4711 2491 4754 et
2520 4705 2858 4772 interrogauit

277 4790 439 4840 quare
466 4774 510 4824 S
541 4782 591 4823 et
628 4772 944 4838 interrogaui
983 4785 1140 4835 quare
1178 4772 1229 4821 F
1359 4769 1650 4840 Terentius]
1705 4771 1872 4822 Andr.
1908 4774 1951 4823 ll
1988 4775 2049 4838 2,
2084 4771 2153 4824 28
2290 4773 2356 4824 31
2402 4773 2587 4824 tumuli
2620 4775 2671 4825 F
2807 4785 2859 4825 et

275 4844 548 4911 respondit
579 4843 631 4894 Ι·
649 4843 916 4910 respondit
953 4841 1002 4891 L
1037 4851 1089 4893 et
1117 4842 1484 4908 responderent
1511 4842 1556 4894 S
1689 4841 1759 4894 36
1795 4841 2128 4896 elocutionem
2156 4843 2200 4896 S
2231 4844 2536 4895 locutionem
2572 4843 2673 4894 LF

2278 4928 2411 4997 33*
