3434 5442
1205 377 1346 440 Ans
1393 376 1877 440 GRAMMATch
2689 377 2808 440 361

221 573 498 646 tempore
540 566 860 646 praeterito
906 564 1482 646 plusquamperfecto
1527 583 1660 630 cum
1691 563 1966 642 legissem
1997 562 2237 642 legisses
2268 561 2530 641 legisset,
2578 569 2637 622 et
2679 557 2809 640 plu-

225 666 430 728 raliter
488 686 621 728 cum
677 666 1370 746 legissemus'legissetis
1424 667 1733 745 legissent:
1794 666 2001 727 eodem
2058 665 2234 726 modo
2291 672 2555 745 tempore
2615 663 2847 724 futuro*

223 788 356 829 cum
407 769 611 847 legero
657 769 874 847 legeris
915 768 1154 848 legerit,
1217 777 1276 830 et
1317 767 1623 849 pluraliter
1669 788 1799 829 cum
1849 767 2165 846 legerimus
2220 765 2481 845 legeritis
2537 765 2809 844 legerint.

221 872 514 930 infinitivo
559 871 734 930 mollo
783 874 1042 932 numeris
1087 879 1145 932 et
1188 874 1457 950 personis
1501 880 1770 950 tempore
1801 872 2100 949 praesenti
2144 877 2202 928 et
2248 870 2567 948 praeterito
2612 870 2811 946 inper-

225 973 379 1033 fecto
427 972 660 1051 legere,
707 976 1026 1052 praeterito
1056 973 1320 1052 perfecto
1367 981 1426 1032 et
1455 971 2029 1053 plusquamperfecto
2063 969 2301 1048 legisse,
2352 971 2547 1031 futuro
2593 969 2809 1030 lectum
2864 985 2889 1024 5

223 1075 309 1133 ire
359 1072 454 1133 vel
499 1072 788 1134 lecturum
838 1093 982 1135 esse.
1054 1075 1234 1135 verbo
1279 1073 1638 1155 inpersonali
1687 1081 1955 1151 tempore
1999 1074 2295 1172 praesenti
2338 1071 2583 1149 legitur,
2642 1089 2810 1150 prae-

225 1174 406 1234 terito
453 1175 782 1254 inperfecto
828 1176 1162 1254 legebatur,
1208 1178 1527 1257 praeterito
1572 1177 1838 1255 perfecto
1884 1175 2100 1234 lectum
2148 1182 2236 1234 est
2294 1173 2381 1233 vel
2426 1173 2639 1233 lectum
2688 1174 2810 1242 fuit,

223 1278 552 1354 praeterito
595 1276 1172 1356 plusquamperfecto
1222 1278 1436 1338 lectum
1485 1286 1612 1338 erat
1655 1277 1744 1337 vel
1787 1277 2007 1337 lectum
2054 1277 2273 1344 fuerat,
2323 1275 2519 1336 futuro
2563 1273 2810 1351 legetur.

225 1378 476 1455 gerendi
525 1377 612 1438 vel
655 1379 1038 1458 participialia
1084 1381 1258 1440 verba
1305 1388 1440 1440 sunt
1483 1381 1659 1449 haec,
1707 1379 1942 1457 legendi
1974 1377 2223 1456 legendo
2253 1376 2565 1454 legendum
2598 1375 2813 1437 lectum

225 1478 404 1539 lectu.
483 1482 789 1559 participia
837 1481 1148 1542 trahuntur
1193 1501 1222 1542 a
1271 1481 1449 1542 verbo
1495 1483 1682 1542 activo
1727 1480 1875 1552 duo,
1924 1481 2249 1558 praesentis
2295 1479 2578 1557 temporis
2622 1485 2680 1538 et
2724 1477 2891 1536 fu-10

225 1583 378 1652 turi,
429 1584 760 1660 praesentis
803 1581 1033 1660 legenS,
1083 1584 1262 1644 futuri
1309 1583 1584 1645 lecturus,
1656 1583 1821 1661 legor
1866 1583 2107 1642 verbum
2167 1583 2460 1660 passivum
2504 1579 2815 1638 indicativo

225 1682 406 1743 modo
453 1683 673 1743 dictum
721 1686 1003 1762 temporis
1048 1688 1374 1762 praesentis
1419 1686 1649 1746 numeri
1695 1683 2009 1761 singularis
2066 1686 2288 1760 figurae
2344 1680 2625 1760 simplicis
2679 1699 2814 1759 per-

229 1803 412 1844 sonae
459 1786 686 1864 primae
733 1787 1160 1862 coniugationis
1207 1789 1413 1847 tertiae
1459 1797 1796 1865 correptae,
1844 1786 1997 1865 quod
2047 1784 2434 1845 declinabitur
2479 1785 2590 1842 sic:
2651 1781 2817 1859 legor

234 1885 454 1961 legeris
502 1887 589 1945 vel
633 1885 830 1964 legere
875 1887 1120 1965 legitur,
1181 1895 1239 1948 et
1285 1887 1588 1967 pluraliter
1636 1887 1887 1965 legimur
1930 1886 2193 1964 legimini
2239 1886 2545 1963 leguntur:
2609 1883 2814 1943 eodem

227 1987 404 2046 modo
451 1993 720 2068 tempore
766 1991 1082 2068 praeterito
1128 1990 1454 2068 inperfecto
1499 1988 1737 2067 legebar
1781 1988 2072 2064 legebaris
2120 1987 2204 2046 vel
2260 1986 2539 2064 legebare
2583 1983 2892 2062 legeba-15

232 2099 356 2158 tur,
409 2098 470 2149 et
513 2087 820 2168 pluraliter
865 2089 1206 2168 legebamur
1251 2091 1602 2170 legebamini
1650 2091 2025 2169 legebantur:
2075 2089 2283 2150 eodem
2329 2089 2505 2148 modo
2552 2097 2816 2166 tempore

227 2191 556 2267 praeterito
601 2192 866 2271 perfecto
911 2192 1098 2253 lectus
1153 2213 1280 2254 sum
1343 2212 1406 2254 es
1451 2201 1566 2262 est,
1615 2203 1674 2252 et
1717 2192 2023 2273 pluraliter
2054 2191 2423 2268 lectisumns
2469 2191 2609 2249 estis
2650 2196 2817 2257 sunt;

231 2301 288 2350 et
333 2291 626 2352 ulteriore
669 2293 846 2354 modo
901 2293 1087 2355 lectus
1145 2294 1225 2355 fui
1283 2294 1442 2355 fuisti
1498 2294 1632 2364 fuit,
1693 2302 1753 2354 et
1806 2293 2113 2373 pluraliter
2168 2293 2303 2353 lecti
2358 2293 2574 2352 fuimus
2629 2291 2819 2351 fuistis

231 2396 478 2455 fuerunt
521 2394 609 2454 vel
656 2393 848 2455 fuere:
898 2396 1104 2457 eodem
1152 2397 1326 2456 modo
1374 2404 1641 2475 tempore
1671 2397 1993 2476 praeterito
2024 2394 2601 2475 plusquamperfecto
2631 2391 2818 2452 lectus

229 2515 398 2556 eram
443 2514 576 2556 eras
621 2504 774 2579 erat,
825 2503 882 2555 et
925 2485 1232 2577 pluraliter
1276 2496 1410 2557 lecti
1459 2516 1690 2558 eramus
1737 2500 1913 2558 eratis
1960 2505 2155 2565 erant;
2216 2505 2272 2557 et
2314 2495 2595 2557 ulteriore
2640 2494 2817 2555 modo
2846 2508 2896 2548 20

228 2596 421 2657 lectus
463 2597 690 2657 fueram
738 2597 934 2658 fueras
978 2599 1200 2673 fuerat,
1249 2606 1308 2658 et
1351 2598 1653 2678 pluraliter
1708 2598 1847 2659 lecti
1902 2600 2200 2659 fueramus
2256 2599 2501 2658 fueratis
2560 2596 2817 2656 fuerant:

232 2699 442 2760 eodem
491 2699 666 2760 modo
714 2707 979 2778 tempore
1025 2701 1220 2760 futuro
1266 2699 1428 2778 legar
1473 2700 1688 2778 legeris
1735 2700 1823 2760 vel
1867 2699 2067 2778 legere
2109 2701 2365 2777 legetur,
2415 2710 2473 2759 et
2515 2696 2821 2777 pluraliter

232 2800 502 2878 legemur
547 2799 824 2879 legemiui
866 2800 1158 2879 legentur.
1229 2804 1574 2881 imperativo
1619 2802 1797 2862 modo
1844 2809 2107 2880 tempore
2152 2803 2448 2881 praesenti
2493 2801 2565 2861 ad
2610 2817 2819 2860 secun-

233 2903 366 2962 dam
415 2911 474 2963 et
529 2903 760 2962 tertiam
809 2921 1122 2981 personam
1165 2909 1363 2979 [essere
1405 2909 1496 2964 vel
1535 2907 1759 2978 legsaris
1802 2902 2055 2982 legatur,
2104 2911 2161 2963 et
2205 2902 2511 2982 pluraliter
2555 2901 2821 2978 legantur

233 3003 499 3082 legimini
561 3008 653 3065 vel
701 3008 988 3079 leqame‘ni
1039 3005 1327 3082 legantur.
1397 3006 1604 3066 eodem
1662 3004 1838 3065 modo
1898 3013 2163 3083 tempore
2221 3005 2419 3065 futuro
2477 3006 2691 3077 legitor
2733 3006 2822 3062 vel
2844 3017 2895 3056 25

231 3111 458 3181 leyaris
499 3111 712 3182 leye'tor
758 3110 849 3167 vel
889 3110 1140 3182 leqatur,
1186 3115 1244 3166 et
1289 3107 1592 3187 pluraliter
1637 3106 1903 3184 legamur
1949 3105 2213 3184 legimini
2256 3111 2349 3166 vel
2386 3109 2696 3180 leqe'me'nor
2736 3108 2817 3164 le-

229 3215 456 3282 gantur
499 3213 589 3268 vel
632 3207 921 3286 leguntor.
991 3210 1245 3288 optativo
1293 3209 1466 3268 modo
1515 3216 1779 3288 tempore
1825 3209 2123 3286 praesenti
2168 3216 2226 3267 et
2272 3209 2588 3286 praeterito
2620 3208 2818 3282 inper-

235 3310 386 3369 fecto
437 3311 658 3370 utinam
706 3300 940 3387 legerer
983 3308 1268 3388 legereris
1313 3309 1402 3370 vel
1450 3309 1714 3388 legerere
1761 3309 2086 3386 legeretur,
2146 3317 2204 3369 et
2248 3307 2552 3387 pluraliter
2598 3309 2819 3367 utinam

237 3411 575 3488 legeremnr
622 3410 965 3489 legeremini
1010 3411 1378 3489 legerentur:
1427 3412 1634 3472 eodem
1680 3411 1857 3471 modo
1904 3417 2171 3490 tempore
2202 3412 2523 3490 praeterito
2554 3410 2819 3494 perfecto

235 3523 292 3573 et
333 3512 913 3592 plusquamperfecto
962 3516 1180 3596 utinam
1229 3513 1412 3574 lectus
1458 3532 1648 3574 essem
1694 3531 1853 3573 esses
1898 3520 2081 3582 esset,
2130 3520 2188 3572 ct
2245 3510 2553 3591 pluraliter
2598 3512 2817 3570 utinam
2846 3522 2897 3562 3⁰

235 3613 372 3674 lecti
419 3633 684 3676 essemus
727 3617 932 3674 essetis
977 3625 1203 3684 essent;
1251 3623 1311 3675 et
1357 3614 1634 3676 ulteriore
1679 3613 1857 3675 modo
1901 3615 2123 3675 utinam
2168 3613 2355 3673 lectus
2394 3613 2637 3672 fuissem
2680 3612 2820 3672 fuis-

235 3735 326 3774 ses
379 3717 615 3786 fuisset,
675 3722 734 3776 et
779 3715 1087 3794 pluraliter
1142 3719 1363 3778 utinam
1412 3715 1547 3776 lecti
1591 3717 1905 3777 fuissemus
1966 3717 2221 3776 fuissetis
2277 3716 2549 3776 fuissent:
2612 3713 2819 3773 eodem

235 3817 411 3877 modo
458 3825 726 3896 tempore
775 3819 970 3886 futuro
1017 3820 1238 3879 utinam
1283 3817 1446 3896 legar
1492 3817 1706 3896 legaris
1739 3816 1828 3877 vel
1876 3817 2071 3897 legare
2116 3817 2379 3895 legatur,
2428 3824 2487 3876 et
2516 3814 2822 3894 pluraliter

237 3920 459 3978 utinam
519 3919 785 3996 legamur
839 3899 1138 3997 legamini'
1169 3919 1458 3997 legantur.
1529 3921 1900 3980 coniunctivo
1958 3919 2133 3980 modo
2196 3927 2463 3998 tempore
2524 3916 2823 3996 praesenti

236 4039 366 4080 cum
413 4018 580 4098 legar
625 4019 838 4098 legaris
887 4019 972 4079 vel
1016 4018 1214 4099 legare
1259 4020 1515 4098 legatur,
1563 4027 1620 4080 et
1665 4019 1971 4100 pluraliter
2028 4039 2161 4081 cum
2220 4020 2487 4098 legamur
2541 4018 2897 4096 legamiuiss5

232 4119 534 4200 legantur:
585 4123 792 4182 eodem
840 4122 1013 4181 modo
1062 4130 1326 4203 tempore
1370 4124 1689 4201 praeterito
1736 4122 2063 4202 inperfecto
2110 4141 2243 4183 cum
2276 4120 2507 4199 legerer
2537 4118 2824 4198 legereris

237 4223 322 4284 vel
367 4221 640 4302 legerere
684 4223 1010 4301 legeretur,
1059 4232 1119 4284 et
1160 4223 1467 4303 pluraliter
1513 4243 1645 4284 cum
1691 4223 2029 4303 legeremur
2074 4223 2420 4302 legeremini
2450 4222 2819 4300 legerentur:

237 4325 443 4387 eodem
491 4325 668 4386 modo
709 4333 980 4410 ⁴tempore
1027 4328 1348 4404 praeterito
1395 4326 1660 4405 perfecto
1717 4344 1851 4387 cum
1897 4325 2082 4387 lectus
2137 4328 2246 4385 sim
2294 4327 2373 4384 sis
2418 4326 2519 4393 sit,
2580 4331 2637 4384 et
2694 4321 2819 4401 plu-

375 4507 394 4554 Ι
439 4513 670 4568 tempore
709 4505 979 4568 praeterito
1019 4502 1244 4569 perfecto
1279 4513 1326 4552 et
1365 4503 1862 4570 plusquamperfecto
1902 4521 2013 4555 cum
2054 4505 2293 4568 legissem
2334 4503 2400 4552 M
2536 4507 2566 4551 4
2596 4511 2821 4566 tempore

237 4575 491 4635 Praeseffll
532 4574 699 4638 legere
737 4576 1003 4638 praeterito
1047 4574 1234 4637 legisse
1275 4572 1336 4621 M
1507 4575 1540 4624 8
1589 4580 1637 4624 t’n
1683 4577 1835 4624 verbo
1882 4576 2193 4637 inpersonali
2234 4579 2534 4638 reliquorum
2572 4573 2822 4622 modorum

235 4643 609 4694 declinationem
643 4643 766 4694 aad.
801 4643 865 4692 M
1000 4643 1032 4693 9
1065 4641 1318 4692 Gernndia
1359 4643 1422 4692 M
1559 4645 1624 4692 24
1664 4645 1835 4710 legere
1875 4645 2073 4709 legatur
2109 4653 2157 4691 et
2190 4644 2450 4708 pluraliter
2486 4644 2717 4708 legantur
2755 4643 2819 4690 le-

235 4715 410 4776 gimini
452 4713 722 4778 (legamini
763 4713 824 4770 S)
863 4712 1098 4777 legantur
1135 4711 1235 4761 MS
1409 4713 1476 4762 25
1523 4714 1704 4779 legitor
1754 4722 1805 4762 tu
1846 4713 2149 4779 legitorville
2199 4722 2247 4761 et
2285 4714 2545 4778 pluraliter
2593 4712 2823 4777 legantur

235 4783 502 4848 legiminor
555 4782 639 4831 uel
691 4782 921 4847 leguntur
960 4781 1024 4829 M
1068 4781 1248 4847 legitur
1281 4782 1479 4847 legatur
1516 4792 1564 4831 et
1601 4783 1866 4848 pluraliter
1903 4782 2157 4848 (legemur
2194 4784 2316 4836 add.
2355 4781 2408 4846 a)
2448 4783 2716 4850 legiminor
2754 4782 2821 4833 lc-

236 4861 418 4918 guntor
455 4851 540 4901 uel
579 4850 699 4917 leg-u
729 4885 892 4906 .....
934 4851 1039 4916 (uel
1075 4853 1336 4918 leguntote
1370 4853 1417 4913 s)
1453 4849 1496 4898 S
