3434 5442
1331 329 1755 391 PRAEFATIO
2650 346 2832 393 xxm

265 516 502 603 medes)
547 524 675 580 sine
719 522 970 581 alterius
1011 522 1346 597 conplexu,
1399 528 1462 580 ut
1504 537 1725 581 accuso
1771 538 1841 581 as
1884 528 1967 581 at.
2043 523 2339 595 infinitiva
2380 540 2531 583 sane
2574 527 2839 599 qualitas

259 634 370 699 est,
413 626 476 682 in
523 642 642 698 qua
699 624 850 681 ltaec
894 626 1176 683 universa
1239 621 1502 696 confusa
1553 629 1724 695 sunt,
1794 630 1861 683 ut
1916 625 2173 698 leqere':
2249 620 2466 685 Diom.
2520 628 2671 701 338,
2734 633 2835 692 17.

255 721 404 786 ibid.
449 720 499 783 f.
531 728 609 789 93
655 726 750 785 vel
789 726 1114 785 secundum
1161 725 1422 785 Probum
1466 728 1670 785 activa
1713 742 1788 784 ea
1832 732 1973 785 sunt
2015 742 2170 801 quae
2212 728 2537 787 dumtaxat
2582 722 2649 807 (l.
2682 742 2839 802 quae

255 830 572 887 demuaxat
612 832 810 887 actum
853 834 1120 887 nostrum
1162 821 1558 907 siqnificant),
1607 845 1745 887 cum
1788 830 1913 887 alio
1944 835 2159 902 aqente
2199 830 2277 887 sit
2320 831 2428 903 qui
2454 831 2719 904 patitur,
2770 836 2837 889 ut

252 946 466 989 accuso
510 945 596 989 as.
687 930 1062 989 extrinsecus
1104 931 1260 989 enim
1303 936 1588 1003 expectat
1619 932 1977 1005 patientem.
2066 932 2155 990 sic
2187 933 2440 1005 passiva
2482 939 2649 1005 sunt,
2698 948 2833 991 cum

251 1034 372 1091 alio
395 1033 666 1107 patiente
679 1048 874 1106 penes
905 1032 1090 1091 alium
1131 1033 1208 1091 sit
1248 1032 1729 1105 administratio,
1779 1038 1845 1091 ut
1872 1048 2127 1091 accusor
2156 1034 2488 1092 accusaris.
2550 1040 2836 1107 expectat

247 1135 398 1193 enim
442 1135 818 1193 extrinsecus
860 1140 1152 1208 aqentem.
1242 1140 1463 1193 neutra
1505 1140 1644 1193 sunt
1685 1149 1843 1207 quae
1886 1150 1921 1193 o
1965 1135 2171 1193 littera
2214 1137 2638 1194 terminantur.
2728 1138 2835 1194 sed

246 1236 572 1295 secundum
621 1235 880 1295 Probum
929 1230 1043 1315 (cf.
1091 1230 1172 1295 de
1217 1229 1536 1314 differ.·p.
1586 1238 1738 1310 201,
1792 1230 1897 1315 15)
1944 1242 2225 1296 neutrum
2268 1238 2331 1295 in
2376 1239 2639 1309 nomine,
2690 1254 2833 1296 neu-

247 1339 400 1398 trale
444 1341 508 1397 in
553 1338 732 1397 verbo
777 1340 1002 1397 rectius
1043 1338 1328 1397 dicimus:
1383 1332 1603 1395 Diom.
1651 1340 1805 1412 336,
1850 1338 1951 1401 26.
2040 1332 2200 1398 ibid.
2246 1333 2295 1397 f.
2344 1342 2425 1403 94
2468 1340 2577 1397 sed
2616 1355 2649 1396 e
2691 1355 2831 1398 con-

246 1444 439 1501 trario
483 1440 721 1499 Probus
763 1440 1050 1512 adfirmat
1104 1445 1335 1516 tempus
1377 1441 1440 1498 in
1485 1456 1547 1498 se
1593 1435 1744 1517 (per
1786 1454 1849 1497 se
1889 1434 2271 1519 Diomedes)
2318 1441 2547 1499 nullum
2592 1443 2831 1500 omnino

247 1544 602 1618 diremptum
646 1548 768 1616 est,
827 1558 961 1602 cum
999 1556 1116 1617 per
1157 1558 1222 1600 se
1263 1542 1326 1600 in
1371 1557 1434 1599 se
1477 1540 1806 1600 revolvitur
1850 1533 1922 1614 (l.
1968 1538 2343 1623 revolvatur)
2392 1547 2451 1600 et
2490 1544 2565 1601 sit
2608 1558 2831 1617 perpe-

245 1653 402 1704 tuum
447 1641 523 1724 (l.
561 1638 892 1724 perpetuo)
941 1645 1172 1703 unitum
1214 1650 1274 1703 et
1317 1642 1712 1703 individuum.
1790 1643 1902 1702 sed
1942 1646 2223 1717 quoniam
2268 1650 2440 1705 actus
2482 1650 2685 1709 noster
2728 1661 2829 1705 va-

245 1749 442 1807 riatur
483 1762 598 1805 nec
642 1748 798 1805 idem
841 1762 1076 1821 semper
1116 1751 1230 1818 est,
1291 1745 1604 1805 individuo
1647 1750 1915 1819 tempore
1960 1738 2031 1825 (l.
2079 1742 2360 1825 tempori)
2398 1762 2519 1821 per
2570 1754 2829 1823 metony-

245 1851 416 1907 miam
469 1856 689 1923 partes
741 1849 1024 1922 temporis
1066 1849 1362 1922 inponere
1403 1828 1687 1920 solemus,
1738 1862 1859 1906 non
1904 1852 2133 1922 tempus
2178 1848 2524 1908 dividentes.
2615 1850 2831 1907 etenim

245 1959 346 2009 aut
387 1953 632 2025 aqimus
675 1955 788 2009 aut
829 1952 1035 2009 acturi
1071 1966 1292 2009 sumus.
1354 1949 1497 2008 hinc
1527 1949 1692 2022 quod
1720 1950 1957 2022 aqimus
1986 1952 2047 2008 in
2077 1955 2201 2009 tres
2238 1952 2554 2025 partiones
2586 1944 2657 2031 (1.
2679 1967 2828 2025 por-

243 2048 452 2129 tiones)
503 2052 832 2111 dividimus
884 2059 942 2110 et
996 2053 1250 2111 dicimus
1306 2052 1542 2109 instans
1589 2052 1993 2124 praeteritum
2040 2049 2341 2122 futurum.
2432 2056 2664 2113 instans
2718 2060 2824 2126 est,

243 2154 400 2229 quod
440 2162 498 2213 et
529 2170 865 2229 praesens,
924 2169 1058 2213 cum
1115 2154 1266 2227 quid
1317 2154 1580 2211 maxime
1624 2152 1892 2225 aqimus;
1940 2158 2371 2228 praeteritum,
2437 2172 2571 2215 cum
2607 2157 2830 2227 lacere

243 2256 562 2315 desinimus
591 2261 651 2315 et
679 2262 878 2315 actum
900 2256 1282 2330 perficimus;
1320 2253 1631 2328 futurum,
1681 2270 1817 2313 cum
1847 2271 1969 2315 non
1998 2256 2199 2316 adhuc
2228 2271 2415 2331 aqere
2444 2258 2822 2329 instituimus,

240 2360 340 2417 sed
380 2366 632 2418 acturos
674 2374 783 2417 nos
815 2360 1243 2433 promittimus,
1333 2359 1394 2415 in
1429 2357 1771 2432 praeterito
1814 2358 1934 2417 duo
1977 2362 2247 2433 tempora
2290 2366 2428 2418 sunt
2471 2359 2822 2431 artificalia.

242 2467 398 2519 artes
441 2462 606 2519 enim
649 2459 1024 2534 exiqentibus
1061 2458 1298 2532 fabulis
1351 2465 1411 2518 et
1468 2457 1644 2518 rebus
1688 2461 1842 2519 actis
1894 2461 2084 2520 seculi
2126 2454 2198 2539 (l.
2244 2457 2517 2542 saecula)
2565 2462 2827 2536 reperie-

241 2568 394 2622 runt.
457 2560 868 2637 inperfectum
909 2562 1172 2635 scilicet,
1223 2562 1289 2621 id
1329 2566 1417 2621 est
1461 2576 1580 2620 non
1623 2565 1755 2639 tam
1798 2554 1869 2641 (l.
1902 2556 2051 2640 iam)
2086 2560 2466 2636 perfectum,
2517 2569 2581 2624 ut
2621 2566 2676 2622 si
2718 2564 2825 2621 ali-

241 2666 380 2739 quid
431 2666 706 2738 aqimus,
771 2664 934 2737 quoa
987 2680 1109 2723 non
1155 2664 1542 2739 perficientes
1587 2678 1775 2737 affere
1832 2664 2180 2737 desinimus,
2242 2666 2401 2725 unde
2442 2666 2557 2725 hoc
2598 2672 2829 2741 tempus

240 2768 644 2827 inchoativum
689 2767 950 2834 dicitur;
1001 2764 1348 2839 perfectum
1361 2810 1379 2839 ,
1442 2766 1556 2825 hoc
1600 2770 1687 2823 est
1728 2782 1863 2825 cum
1901 2765 2123 2838 facere
2165 2767 2487 2827 desinimus
2528 2766 2585 2825 et
2628 2774 2827 2827 actum

237 2870 614 2943 perficimus,
684 2868 846 2942 quod
901 2868 1015 2926 alii
1079 2868 1498 2939 absolutivum,
1567 2868 1679 2925 alii
1730 2869 2083 2939 infinitivum
2138 2870 2380 2936 dicunt;
2440 2870 2589 2944 plus
2645 2885 2826 2943 quam

241 2978 428 3031 (tutem
463 2968 854 3045 perfectum,
915 2970 1080 3043 quod
1120 2970 1572 3029 vetustissimum
1619 2970 1858 3042 dicunt,
1916 2986 2052 3029 cum
2108 2986 2226 3030 non
2280 2972 2471 3030 solum
2516 2972 2663 3045 quid
2703 2972 2827 3044 eyi-

237 3092 392 3147 mus,
447 3074 564 3133 sed
611 3074 797 3146 lonya
849 3072 1304 3145 intercapedine
1357 3073 1785 3131 inveteraverit
1830 3071 2033 3131 nobis:
2089 3067 2305 3132 Diom.
2354 3075 2507 3149 335,
2564 3075 2669 3136 21.
2756 3070 2825 3131 in

239 3171 452 3236 codice
497 3169 814 3236 Leidensi
873 3168 1030 3232 bibl.
1087 3166 1270 3253 publ.
1319 3176 1440 3237 136
1497 3190 1668 3232 saec.
1715 3166 1783 3231 X
1827 3166 1873 3231 f.
1926 3176 2044 3238 143
2098 3176 2235 3233 item
2293 3176 2552 3234 ostendit
2594 3174 2827 3233 Probus

237 3294 354 3337 esse
395 3294 604 3337 omnes
653 3291 981 3351 personaS,
1043 3275 1250 3334 dicens
1305 3275 1380 3332 de
1433 3276 1804 3350 usurpativis
1850 3278 1867 3303 ‘
1886 3277 2272 3350 usurpativas
2318 3272 2389 3355 (l.
2435 3272 2821 3355 usurpativa)

237 3382 456 3453 species
497 3384 594 3438 est
635 3378 813 3437 liuius
864 3377 1057 3449 modi,
1116 3392 1252 3436 cum
1309 3378 1560 3437 dicimus
1615 3376 1871 3451 leyendo
1900 3378 2241 3451 proficiscit
2288 3374 2359 3458 (l.
2395 3373 2700 3459 proficit),
2761 3379 2827 3436 id

236 3487 319 3540 est
361 3484 505 3541 dum
549 3481 731 3554 leqit,
790 3481 1035 3554 legendi
1083 3494 1274 3538 causa
1329 3480 1520 3551 venit,
1589 3480 1657 3538 id
1695 3484 1786 3537 est
1826 3483 1893 3537 ut
1935 3480 2131 3554 ἱεραί,
2196 3482 2511 3555 leoendum
2564 3480 2677 3539 tibi
2716 3486 2819 3552 est,

237 3584 298 3641 id
337 3592 426 3643 est
467 3598 712 3644 necesse
753 3588 840 3641 est
885 3588 948 3641 ut
989 3583 1177 3655 leyas.
1239 3581 1334 3640 Itis
1376 3582 1530 3640 enim
1566 3579 1710 3653 sere
1753 3582 1990 3641 casibus
2032 3589 2411 3659 usurpantur
2454 3583 2619 3642 dicta
2664 3582 2828 3656 quod

237 3702 342 3745 usu
385 3686 674 3745 exerceri
712 3700 828 3758 quo
883 3684 1059 3743 modo
1109 3684 1224 3775 hoc
1266 3688 1460 3758 pacto
1503 3684 1728 3756 leqitur
1772 3686 2219 3743 demonstratur
2236 3688 2252 3713 ’
2302 3680 2377 3765 (f.
2425 3690 2820 3769 usurpantur,

237 3788 600 3862 usurpativa
645 3786 841 3858 dicta,
891 3787 1058 3861 quod
1085 3802 1196 3845 usu
1224 3788 1505 3844 exerceri
1530 3786 1693 3859 quod
1722 3786 1837 3847 hoc
1866 3792 2059 3861 pacto
2098 3788 2322 3861 lepitur
2352 3780 2788 3865 demonstrant)
2805 3805 2826 3843 .-

239 3882 448 3948 Diom.
497 3892 656 3964 395,
705 3892 807 3953 30.
895 3882 1012 3947 sed
1053 3883 1121 3947 in
1167 3882 1268 3947 his
1313 3904 1460 3947 eum
1503 3882 1889 3946 manifestus
1946 3883 2029 3947 sit
2072 3903 2421 3947 consensus
2466 3882 2823 3963 Diomedis-1,

239 4008 360 4050 non
405 3988 639 4051 dubito
686 4008 768 4049 ex
815 3984 1041 4050 eodem
1084 3983 1265 4050 fonto
1310 3993 1602 4071 repetere
1645 3982 1787 4064 illa,
1851 3982 2155 4049 Consent.
2202 4008 2264 4069 p.
2314 3994 2473 4055 2051
2525 3992 2823 4064 quaedam

241 4110 372 4152 vero
415 4095 572 4153 talia
615 4100 782 4165 sunt,
833 4097 898 4151 ut
939 4097 1213 4151 neutrum
1257 4090 1501 4164 horum,
1549 4092 1705 4150 sicut
1736 4090 1973 4151 Probus
2000 4093 2095 4149 v1'r
2124 4093 2500 4151 doctissimus
2544 4094 2818 4163 adnotat,

245 4196 590 4268 admittant,
651 4202 718 4255 ut
771 4196 948 4268 alqeo
1003 4200 1230 4255 aestuo.
1318 4209 1510 4267 neque
1563 4194 1753 4264 enim,
1813 4194 2032 4267 inquit,
2094 4193 2311 4253 Latine
2356 4196 2582 4254 dicitur
2624 4196 2825 4254 volens

245 4304 342 4355 aut
381 4298 608 4359 invitus
647 4299 780 4371 quis
823 4302 1062 4355 aestuat
1105 4300 1212 4355 aut
1253 4296 1444 4368 aluei,
1503 4310 1638 4354 cum
1697 4295 1813 4354 hoc
1856 4312 1935 4354 ex
1978 4298 2331 4356 necessitate
2362 4312 2485 4372 pro
2530 4298 2825 4369 qualitate

247 4402 519 4473 temporis
577 4401 820 4459 evenire
875 4399 1184 4457 videatur:
1240 4392 1458 4457 Diom.
1507 4398 1659 4472 337,
1722 4399 1822 4460 10.
1912 4391 2137 4477 Pomp.
2183 4416 2248 4478 p.
2297 4400 2419 4463 367
2476 4398 2661 4457 habes
2708 4399 2823 4457 hoc

249 4500 304 4555 in
343 4500 576 4561 Probo:
621 4500 858 4573 salsum
903 4504 1016 4573 est,
1079 4501 1256 4572 dicit,
1319 4500 1482 4575 quod
1525 4500 1765 4572 dicunt,
1825 4499 2067 4558 verbum
2111 4500 2413 4575 deponens
2453 4516 2579 4560 esse
2634 4501 2710 4561 ab
2754 4518 2823 4561 eo

253 4604 399 4673 quod
441 4620 560 4663 non
605 4604 875 4677 deponat
917 4619 952 4659 r
994 4602 1285 4675 litteram,
1336 4603 1515 4676 quasi
1553 4606 1698 4660 cata
1743 4601 2158 4676 antiphrasin,
2208 4618 2325 4677 quo
2366 4604 2542 4661 modo
2584 4602 2825 4663 Parcas

258 4702 322 4759 ab
370 4720 440 4763 eo
495 4706 654 4781 quod
711 4720 832 4763 non
879 4712 1181 4778 parcunt,
1251 4720 1370 4778 quo
1421 4702 1600 4763 modo
1656 4704 1911 4762 dicimus
1972 4706 2173 4764 lucum
2231 4704 2307 4764 ab
2360 4721 2431 4765 eo
2486 4707 2649 4780 quod
2700 4723 2819 4766 non

261 4802 474 4875 lut-eat,-
515 4808 601 4867 sic
645 4812 702 4865 et
745 4807 1080 4882 deponens:
1125 4802 1342 4867 Diom.
1377 4809 1530 4883 337,
1579 4808 1682 4869 24.
1742 4802 1811 4866 in
1852 4800 2076 4867 codiee
2119 4800 2415 4867 Parisino
2448 4810 2609 4872 7491
2658 4804 2705 4869 f.
2740 4810 2819 4871 92
