<?xml version="1.0" encoding="UTF-8"?>
<!DOCTYPE html PUBLIC "-//W3C//DTD XHTML 1.0 Transitional//EN"
    "http://www.w3.org/TR/xhtml1/DTD/xhtml1-transitional.dtd">
<html xmlns="http://www.w3.org/1999/xhtml" xml:lang="en" lang="en">
 <head>
  <title>
</title>
<meta http-equiv="Content-Type" content="text/html;charset=utf-8" />
  <meta name='ocr-system' content='tesseract 3.04.00' />
  <meta name='ocr-capabilities' content='ocr_page ocr_carea ocr_par ocr_line ocrx_word'/>
</head>
<body>
  <div class='ocr_page' id='page_1' title='image "./grammaticilatin01unkngoog_0155.png"; bbox 0 0 3434 5442; ppageno 0'>
   <div class='ocr_carea' id='block_1_1' title="bbox 2607 277 2632 294">
    <p class='ocr_par' dir='ltr' id='par_1_1' title="bbox 2607 277 2632 294">
     <span class='ocr_line' id='line_1_1' title="bbox 2607 277 2632 294; baseline 0 0"><span class='ocrx_word' id='word_1_1' title='bbox 2607 277 2632 294; x_wconf 69' lang='lat' dir='ltr'><em>O</em></span> 
     </span>
    </p>
   </div>
   <div class='ocr_carea' id='block_1_2' title="bbox 664 304 3266 574">
    <p class='ocr_par' dir='ltr' id='par_1_2' title="bbox 664 304 3266 574">
     <span class='ocr_line' id='line_1_2' title="bbox 696 304 2096 368; baseline -0.001 0"><span class='ocrx_word' id='word_1_2' title='bbox 696 305 779 368; x_wconf 81' lang='lat'><strong>94</strong></span> <span class='ocrx_word' id='word_1_3' title='bbox 1396 333 1399 341; x_wconf 93' lang='lat'>·</span> <span class='ocrx_word' id='word_1_4' title='bbox 1871 304 2096 366; x_wconf 87' lang='lat' dir='ltr'>PROBI</span> 
     </span>
     <span class='ocr_line' id='line_1_3' title="bbox 664 419 3161 485; baseline -0.002 -21"><span class='ocrx_word' id='word_1_5' title='bbox 664 470 675 485; x_wconf 31' lang='lat'>⁸</span> <span class='ocrx_word' id='word_1_6' title='bbox 792 435 841 476; x_wconf 64' lang='lat' dir='ltr'><strong>p.</strong></span> <span class='ocrx_word' id='word_1_7' title='bbox 868 421 1021 464; x_wconf 63' lang='grc' dir='ltr'><strong>ποτ-3</strong></span> <span class='ocrx_word' id='word_1_8' title='bbox 1048 422 1100 462; x_wconf 71' lang='lat' dir='ltr'><strong>a.</strong></span> <span class='ocrx_word' id='word_1_9' title='bbox 2839 432 2887 474; x_wconf 76' lang='lat' dir='ltr'><strong>p.</strong></span> <span class='ocrx_word' id='word_1_10' title='bbox 2915 421 3010 464; x_wconf 61' lang='grc' dir='ltr'><strong>που.</strong></span> <span class='ocrx_word' id='word_1_11' title='bbox 3025 420 3074 462; x_wconf 76' lang='grc'><strong>(11</strong></span> <span class='ocrx_word' id='word_1_12' title='bbox 3105 419 3161 460; x_wconf 82' lang='lat' dir='ltr'><strong>v.</strong></span> 
     </span>
     <span class='ocr_line' id='line_1_4' title="bbox 696 487 3266 574; baseline -0.002 -18"><span class='ocrx_word' id='word_1_13' title='bbox 696 493 809 556; x_wconf 90' lang='grc'><strong>1133</strong></span> <span class='ocrx_word' id='word_1_14' title='bbox 850 509 1157 559; x_wconf 84' lang='lat' dir='ltr'><strong>monemus</strong></span> <span class='ocrx_word' id='word_1_15' title='bbox 1186 487 1213 574; x_wconf 77' lang='grc' dir='ltr'><strong>ΙΙ</strong></span> <span class='ocrx_word' id='word_1_16' title='bbox 1242 491 1399 569; x_wconf 85' lang='lat' dir='ltr'><strong>quod</strong></span> <span class='ocrx_word' id='word_1_17' title='bbox 1442 489 1577 570; x_wconf 86' lang='lat' dir='ltr'><strong>plus</strong></span> <span class='ocrx_word' id='word_1_18' title='bbox 1620 509 1796 572; x_wconf 89' lang='lat' dir='ltr'><strong>quam</strong></span> <span class='ocrx_word' id='word_1_19' title='bbox 1838 509 1942 553; x_wconf 85' lang='lat' dir='ltr'><strong>sex</strong></span> <span class='ocrx_word' id='word_1_20' title='bbox 1985 494 2132 562; x_wconf 89' lang='lat' dir='ltr'><strong>soni,</strong></span> <span class='ocrx_word' id='word_1_21' title='bbox 2178 493 2292 553; x_wconf 86' lang='lat' dir='ltr'><strong>hoc</strong></span> <span class='ocrx_word' id='word_1_22' title='bbox 2337 499 2426 554; x_wconf 91' lang='lat' dir='ltr'><strong>est</strong></span> <span class='ocrx_word' id='word_1_23' title='bbox 2471 510 2644 572; x_wconf 87' lang='lat' dir='ltr'><strong>quam</strong></span> <span class='ocrx_word' id='word_1_24' title='bbox 2685 509 2786 554; x_wconf 87' lang='lat' dir='ltr'><strong>sex</strong></span> <span class='ocrx_word' id='word_1_25' title='bbox 2833 493 3086 564; x_wconf 88' lang='lat' dir='ltr'><strong>nomina,</strong></span> <span class='ocrx_word' id='word_1_26' title='bbox 3146 510 3266 555; x_wconf 88' lang='lat' dir='ltr'><strong>non</strong></span> 
     </span>
    </p>
   </div>
   <div class='ocr_carea' id='block_1_3' title="bbox 602 594 3274 4558">
    <p class='ocr_par' dir='ltr' id='par_1_3' title="bbox 694 594 3268 878">
     <span class='ocr_line' id='line_1_5' title="bbox 696 594 3268 674; baseline -0.001 -18"><span class='ocrx_word' id='word_1_27' title='bbox 696 597 923 674; x_wconf 81' lang='lat' dir='ltr'><strong>possint</strong></span> <span class='ocrx_word' id='word_1_28' title='bbox 981 594 1263 660; x_wconf 86' lang='lat' dir='ltr'><strong>exhiberi.</strong></span> <span class='ocrx_word' id='word_1_29' title='bbox 1350 595 1487 654; x_wconf 85' lang='lat' dir='ltr'><strong>item</strong></span> <span class='ocrx_word' id='word_1_30' title='bbox 1542 613 1611 654; x_wconf 85' lang='lat' dir='ltr'><strong>ex</strong></span> <span class='ocrx_word' id='word_1_31' title='bbox 1669 594 1781 655; x_wconf 84' lang='grc'><strong>1133</strong></span> <span class='ocrx_word' id='word_1_32' title='bbox 1835 595 2054 665; x_wconf 81' lang='lat' dir='ltr'><strong>forma,</strong></span> <span class='ocrx_word' id='word_1_33' title='bbox 2121 612 2238 672; x_wconf 90' lang='lat' dir='ltr'><strong>qua</strong></span> <span class='ocrx_word' id='word_1_34' title='bbox 2302 595 2556 656; x_wconf 84' lang='lat' dir='ltr'><strong>diximus</strong></span> <span class='ocrx_word' id='word_1_35' title='bbox 2607 611 2785 672; x_wconf 85' lang='lat' dir='ltr'><strong>supra</strong></span> <span class='ocrx_word' id='word_1_36' title='bbox 2829 595 2969 655; x_wconf 84' lang='lat' dir='ltr'><strong>dicti</strong></span> <span class='ocrx_word' id='word_1_37' title='bbox 3031 596 3268 674; x_wconf 84' lang='lat' dir='ltr'><strong>generis</strong></span> 
     </span>
     <span class='ocr_line' id='line_1_6' title="bbox 694 694 3266 774; baseline 0 -16"><span class='ocrx_word' id='word_1_38' title='bbox 694 699 930 758; x_wconf 81' lang='lat' dir='ltr'><strong>nomine</strong></span> <span class='ocrx_word' id='word_1_39' title='bbox 973 698 1327 756; x_wconf 84' lang='lat' dir='ltr'><strong>nominativo</strong></span> <span class='ocrx_word' id='word_1_40' title='bbox 1378 715 1518 756; x_wconf 87' lang='lat' dir='ltr'><strong>casu</strong></span> <span class='ocrx_word' id='word_1_41' title='bbox 1559 697 1789 757; x_wconf 92' lang='lat' dir='ltr'><strong>numeri</strong></span> <span class='ocrx_word' id='word_1_42' title='bbox 1834 694 2146 774; x_wconf 81' lang='lat' dir='ltr'><strong>singularis</strong></span> <span class='ocrx_word' id='word_1_43' title='bbox 2189 696 2294 758; x_wconf 82' lang='lat' dir='ltr'><strong>abs</strong></span> <span class='ocrx_word' id='word_1_44' title='bbox 2337 696 2544 758; x_wconf 89' lang='lat' dir='ltr'><strong>litteris</strong></span> <span class='ocrx_word' id='word_1_45' title='bbox 2593 697 2854 766; x_wconf 83' lang='lat' dir='ltr'><strong>definiri,</strong></span> <span class='ocrx_word' id='word_1_46' title='bbox 2912 696 3027 758; x_wconf 89' lang='lat' dir='ltr'><strong>hoc</strong></span> <span class='ocrx_word' id='word_1_47' title='bbox 3060 714 3266 758; x_wconf 88' lang='lat' dir='ltr'><strong>mone-</strong></span> 
     </span>
     <span class='ocr_line' id='line_1_7' title="bbox 694 796 3266 878; baseline -0.001 -17"><span class='ocrx_word' id='word_1_48' title='bbox 694 817 825 861; x_wconf 87' lang='lat' dir='ltr'><strong>mus</strong></span> <span class='ocrx_word' id='word_1_49' title='bbox 868 798 1025 876; x_wconf 90' lang='lat' dir='ltr'><strong>quod</strong></span> <span class='ocrx_word' id='word_1_50' title='bbox 1078 796 1211 876; x_wconf 89' lang='lat' dir='ltr'><strong>plus</strong></span> <span class='ocrx_word' id='word_1_51' title='bbox 1254 817 1429 877; x_wconf 90' lang='lat' dir='ltr'><strong>quam</strong></span> <span class='ocrx_word' id='word_1_52' title='bbox 1473 805 1752 878; x_wconf 89' lang='lat' dir='ltr'><strong>quattuor</strong></span> <span class='ocrx_word' id='word_1_53' title='bbox 1793 800 1952 868; x_wconf 89' lang='lat' dir='ltr'><strong>soni,</strong></span> <span class='ocrx_word' id='word_1_54' title='bbox 2005 798 2120 858; x_wconf 93' lang='lat' dir='ltr'><strong>hoc</strong></span> <span class='ocrx_word' id='word_1_55' title='bbox 2163 804 2254 858; x_wconf 91' lang='lat' dir='ltr'><strong>est</strong></span> <span class='ocrx_word' id='word_1_56' title='bbox 2293 817 2468 876; x_wconf 87' lang='lat' dir='ltr'><strong>quam</strong></span> <span class='ocrx_word' id='word_1_57' title='bbox 2513 805 2790 876; x_wconf 87' lang='lat' dir='ltr'><strong>quattuor</strong></span> <span class='ocrx_word' id='word_1_58' title='bbox 2831 801 3097 870; x_wconf 85' lang='lat' dir='ltr'><strong>nomina,</strong></span> <span class='ocrx_word' id='word_1_59' title='bbox 3147 816 3266 859; x_wconf 88' lang='lat' dir='ltr'><strong>non</strong></span> 
     </span>
    </p>

    <p class='ocr_par' dir='ltr' id='par_1_4' title="bbox 640 899 3270 1387">
     <span class='ocr_line' id='line_1_8' title="bbox 640 899 3269 980; baseline 0 -19"><span class='ocrx_word' id='word_1_60' title='bbox 640 921 667 961; x_wconf 78' lang='grc'><strong>11</strong></span> <span class='ocrx_word' id='word_1_61' title='bbox 693 903 918 979; x_wconf 83' lang='lat' dir='ltr'><strong>possint</strong></span> <span class='ocrx_word' id='word_1_62' title='bbox 961 899 1245 970; x_wconf 85' lang='lat' dir='ltr'><strong>exhiberi.</strong></span> <span class='ocrx_word' id='word_1_63' title='bbox 1333 901 1473 961; x_wconf 87' lang='lat' dir='ltr'><strong>item</strong></span> <span class='ocrx_word' id='word_1_64' title='bbox 1519 919 1590 962; x_wconf 89' lang='lat' dir='ltr'><strong>ex</strong></span> <span class='ocrx_word' id='word_1_65' title='bbox 1639 901 1752 962; x_wconf 86' lang='lat' dir='ltr'><strong>hac</strong></span> <span class='ocrx_word' id='word_1_66' title='bbox 1793 899 2028 978; x_wconf 51' lang='lat' dir='ltr'><strong>sorima,</strong></span> <span class='ocrx_word' id='word_1_67' title='bbox 2089 919 2202 979; x_wconf 90' lang='lat' dir='ltr'><strong>qua</strong></span> <span class='ocrx_word' id='word_1_68' title='bbox 2249 900 2500 960; x_wconf 86' lang='lat' dir='ltr'><strong>diximus</strong></span> <span class='ocrx_word' id='word_1_69' title='bbox 2551 917 2730 978; x_wconf 86' lang='lat' dir='ltr'><strong>supra</strong></span> <span class='ocrx_word' id='word_1_70' title='bbox 2774 901 2976 980; x_wconf 84' lang='lat' dir='ltr'><strong>scripti</strong></span> <span class='ocrx_word' id='word_1_71' title='bbox 3029 903 3269 978; x_wconf 84' lang='lat' dir='ltr'><strong>generis</strong></span> 
     </span>
     <span class='ocr_line' id='line_1_9' title="bbox 690 1001 3267 1079; baseline 0 -16"><span class='ocrx_word' id='word_1_72' title='bbox 690 1004 927 1063; x_wconf 88' lang='lat' dir='ltr'><strong>nomina</strong></span> <span class='ocrx_word' id='word_1_73' title='bbox 972 1003 1327 1062; x_wconf 79' lang='lat' dir='ltr'><strong>nominativo</strong></span> <span class='ocrx_word' id='word_1_74' title='bbox 1372 1021 1511 1064; x_wconf 88' lang='lat' dir='ltr'><strong>casu</strong></span> <span class='ocrx_word' id='word_1_75' title='bbox 1554 1003 1788 1064; x_wconf 87' lang='lat' dir='ltr'><strong>numeri</strong></span> <span class='ocrx_word' id='word_1_76' title='bbox 1831 1001 2144 1079; x_wconf 86' lang='lat' dir='ltr'><strong>singularis</strong></span> <span class='ocrx_word' id='word_1_77' title='bbox 2187 1002 2292 1063; x_wconf 88' lang='lat' dir='ltr'><strong>ebs</strong></span> <span class='ocrx_word' id='word_1_78' title='bbox 2331 1001 2540 1063; x_wconf 87' lang='lat' dir='ltr'><strong>litteris</strong></span> <span class='ocrx_word' id='word_1_79' title='bbox 2591 1003 2851 1072; x_wconf 80' lang='lat' dir='ltr'><strong>definiri,</strong></span> <span class='ocrx_word' id='word_1_80' title='bbox 2901 1002 3018 1063; x_wconf 89' lang='lat' dir='ltr'><strong>hoc</strong></span> <span class='ocrx_word' id='word_1_81' title='bbox 3061 1020 3267 1064; x_wconf 89' lang='lat' dir='ltr'><strong>mone-</strong></span> 
     </span>
     <span class='ocr_line' id='line_1_10' title="bbox 690 1102 3268 1185; baseline -0 -20"><span class='ocrx_word' id='word_1_82' title='bbox 690 1123 821 1166; x_wconf 88' lang='lat' dir='ltr'><strong>mus</strong></span> <span class='ocrx_word' id='word_1_83' title='bbox 878 1104 1035 1183; x_wconf 89' lang='lat' dir='ltr'><strong>quod</strong></span> <span class='ocrx_word' id='word_1_84' title='bbox 1079 1102 1212 1181; x_wconf 90' lang='lat' dir='ltr'><strong>plus</strong></span> <span class='ocrx_word' id='word_1_85' title='bbox 1260 1122 1435 1182; x_wconf 89' lang='lat' dir='ltr'><strong>quam</strong></span> <span class='ocrx_word' id='word_1_86' title='bbox 1479 1105 1740 1183; x_wconf 86' lang='lat' dir='ltr'><strong>quinque</strong></span> <span class='ocrx_word' id='word_1_87' title='bbox 1783 1105 1942 1172; x_wconf 88' lang='lat' dir='ltr'><strong>soni,</strong></span> <span class='ocrx_word' id='word_1_88' title='bbox 2003 1105 2117 1165; x_wconf 90' lang='lat' dir='ltr'><strong>hoc</strong></span> <span class='ocrx_word' id='word_1_89' title='bbox 2161 1111 2250 1166; x_wconf 87' lang='lat' dir='ltr'><strong>est</strong></span> <span class='ocrx_word' id='word_1_90' title='bbox 2290 1121 2467 1182; x_wconf 88' lang='lat' dir='ltr'><strong>quam</strong></span> <span class='ocrx_word' id='word_1_91' title='bbox 2511 1106 2772 1185; x_wconf 87' lang='lat' dir='ltr'><strong>quinque</strong></span> <span class='ocrx_word' id='word_1_92' title='bbox 2823 1107 3088 1174; x_wconf 81' lang='lat' dir='ltr'><strong>nomina,</strong></span> <span class='ocrx_word' id='word_1_93' title='bbox 3147 1123 3268 1165; x_wconf 90' lang='lat' dir='ltr'><strong>non</strong></span> 
     </span>
     <span class='ocr_line' id='line_1_11' title="bbox 690 1204 3270 1286; baseline 0 -20"><span class='ocrx_word' id='word_1_94' title='bbox 690 1208 917 1286; x_wconf 84' lang='lat' dir='ltr'><strong>possint</strong></span> <span class='ocrx_word' id='word_1_95' title='bbox 968 1204 1247 1267; x_wconf 87' lang='lat' dir='ltr'><strong>exhiberi.</strong></span> <span class='ocrx_word' id='word_1_96' title='bbox 1336 1208 1475 1266; x_wconf 88' lang='lat' dir='ltr'><strong>item</strong></span> <span class='ocrx_word' id='word_1_97' title='bbox 1522 1226 1593 1268; x_wconf 88' lang='lat' dir='ltr'><strong>ex</strong></span> <span class='ocrx_word' id='word_1_98' title='bbox 1640 1207 1750 1268; x_wconf 93' lang='grc'><strong>1133</strong></span> <span class='ocrx_word' id='word_1_99' title='bbox 1801 1206 2019 1274; x_wconf 74' lang='lat' dir='ltr'><strong>forma,</strong></span> <span class='ocrx_word' id='word_1_100' title='bbox 2078 1224 2190 1284; x_wconf 84' lang='lat' dir='ltr'><strong>qua</strong></span> <span class='ocrx_word' id='word_1_101' title='bbox 2248 1207 2502 1269; x_wconf 87' lang='lat' dir='ltr'><strong>diximus</strong></span> <span class='ocrx_word' id='word_1_102' title='bbox 2549 1224 2730 1285; x_wconf 88' lang='lat' dir='ltr'><strong>supra</strong></span> <span class='ocrx_word' id='word_1_103' title='bbox 2773 1207 2975 1285; x_wconf 89' lang='lat' dir='ltr'><strong>scripti</strong></span> <span class='ocrx_word' id='word_1_104' title='bbox 3031 1209 3270 1286; x_wconf 84' lang='lat' dir='ltr'><strong>generis</strong></span> 
     </span>
     <span class='ocr_line' id='line_1_12' title="bbox 692 1307 3266 1387; baseline 0 -19"><span class='ocrx_word' id='word_1_105' title='bbox 692 1311 927 1370; x_wconf 84' lang='lat' dir='ltr'><strong>nomina</strong></span> <span class='ocrx_word' id='word_1_106' title='bbox 973 1309 1328 1386; x_wconf 68' lang='lat' dir='ltr'><strong>nominativo</strong></span> <span class='ocrx_word' id='word_1_107' title='bbox 1370 1327 1506 1370; x_wconf 88' lang='lat' dir='ltr'><strong>casu</strong></span> <span class='ocrx_word' id='word_1_108' title='bbox 1553 1309 1786 1370; x_wconf 87' lang='lat' dir='ltr'><strong>numeri</strong></span> <span class='ocrx_word' id='word_1_109' title='bbox 1829 1307 2140 1386; x_wconf 83' lang='lat' dir='ltr'><strong>singularis</strong></span> <span class='ocrx_word' id='word_1_110' title='bbox 2188 1327 2291 1387; x_wconf 89' lang='lat' dir='ltr'><strong>eps</strong></span> <span class='ocrx_word' id='word_1_111' title='bbox 2333 1309 2542 1370; x_wconf 85' lang='lat' dir='ltr'><strong>litteris</strong></span> <span class='ocrx_word' id='word_1_112' title='bbox 2584 1309 2847 1380; x_wconf 81' lang='lat' dir='ltr'><strong>definiri,</strong></span> <span class='ocrx_word' id='word_1_113' title='bbox 2903 1309 3018 1370; x_wconf 92' lang='lat' dir='ltr'><strong>hoc</strong></span> <span class='ocrx_word' id='word_1_114' title='bbox 3059 1327 3266 1370; x_wconf 89' lang='lat' dir='ltr'><strong>mone-</strong></span> 
     </span>
    </p>

    <p class='ocr_par' dir='ltr' id='par_1_5' title="bbox 615 1408 3270 1592">
     <span class='ocr_line' id='line_1_13' title="bbox 615 1408 3268 1491; baseline 0 -23"><span class='ocrx_word' id='word_1_115' title='bbox 615 1427 665 1468; x_wconf 77' lang='grc'><strong>13</strong></span> <span class='ocrx_word' id='word_1_116' title='bbox 692 1429 823 1470; x_wconf 90' lang='lat' dir='ltr'><strong>mus</strong></span> <span class='ocrx_word' id='word_1_117' title='bbox 866 1411 1023 1488; x_wconf 91' lang='lat' dir='ltr'><strong>quod</strong></span> <span class='ocrx_word' id='word_1_118' title='bbox 1067 1408 1199 1489; x_wconf 90' lang='lat' dir='ltr'><strong>plus</strong></span> <span class='ocrx_word' id='word_1_119' title='bbox 1241 1428 1415 1489; x_wconf 89' lang='lat' dir='ltr'><strong>quam</strong></span> <span class='ocrx_word' id='word_1_120' title='bbox 1458 1412 1730 1474; x_wconf 84' lang='lat' dir='ltr'><strong>undecim</strong></span> <span class='ocrx_word' id='word_1_121' title='bbox 1777 1413 1937 1480; x_wconf 88' lang='lat' dir='ltr'><strong>soni,</strong></span> <span class='ocrx_word' id='word_1_122' title='bbox 1993 1411 2108 1472; x_wconf 89' lang='lat' dir='ltr'><strong>hoc</strong></span> <span class='ocrx_word' id='word_1_123' title='bbox 2151 1418 2242 1472; x_wconf 92' lang='lat' dir='ltr'><strong>est</strong></span> <span class='ocrx_word' id='word_1_124' title='bbox 2293 1429 2470 1491; x_wconf 83' lang='lat' dir='ltr'><strong>quam</strong></span> <span class='ocrx_word' id='word_1_125' title='bbox 2508 1411 2778 1474; x_wconf 83' lang='lat' dir='ltr'><strong>undecim</strong></span> <span class='ocrx_word' id='word_1_126' title='bbox 2821 1413 3092 1480; x_wconf 78' lang='lat' dir='ltr'><strong>nomina,</strong></span> <span class='ocrx_word' id='word_1_127' title='bbox 3149 1428 3268 1470; x_wconf 89' lang='lat' dir='ltr'><strong>non</strong></span> 
     </span>
     <span class='ocr_line' id='line_1_14' title="bbox 689 1511 3270 1592; baseline 0 -20"><span class='ocrx_word' id='word_1_128' title='bbox 689 1513 918 1591; x_wconf 89' lang='lat' dir='ltr'><strong>possint</strong></span> <span class='ocrx_word' id='word_1_129' title='bbox 958 1511 1255 1578; x_wconf 79' lang='lat' dir='ltr'><strong>exhiberi..</strong></span> <span class='ocrx_word' id='word_1_130' title='bbox 1290 1533 1325 1568; x_wconf 60' lang='lat' dir='ltr'><strong>s</strong></span> <span class='ocrx_word' id='word_1_131' title='bbox 1373 1515 1510 1574; x_wconf 88' lang='lat' dir='ltr'><strong>item</strong></span> <span class='ocrx_word' id='word_1_132' title='bbox 1548 1533 1619 1574; x_wconf 88' lang='lat' dir='ltr'><strong>ex</strong></span> <span class='ocrx_word' id='word_1_133' title='bbox 1658 1514 1770 1574; x_wconf 89' lang='lat' dir='ltr'><strong>hac</strong></span> <span class='ocrx_word' id='word_1_134' title='bbox 1814 1514 2033 1582; x_wconf 81' lang='lat' dir='ltr'><strong>forma,</strong></span> <span class='ocrx_word' id='word_1_135' title='bbox 2092 1531 2210 1592; x_wconf 86' lang='lat' dir='ltr'><strong>qua</strong></span> <span class='ocrx_word' id='word_1_136' title='bbox 2249 1514 2502 1575; x_wconf 84' lang='lat' dir='ltr'><strong>diximus</strong></span> <span class='ocrx_word' id='word_1_137' title='bbox 2545 1531 2727 1592; x_wconf 86' lang='lat' dir='ltr'><strong>supra</strong></span> <span class='ocrx_word' id='word_1_138' title='bbox 2771 1515 2975 1592; x_wconf 87' lang='lat' dir='ltr'><strong>scripti</strong></span> <span class='ocrx_word' id='word_1_139' title='bbox 3029 1514 3270 1590; x_wconf 86' lang='lat' dir='ltr'><strong>generis</strong></span> 
     </span>
    </p>

    <p class='ocr_par' dir='ltr' id='par_1_6' title="bbox 621 1614 3272 1880">
     <span class='ocr_line' id='line_1_15' title="bbox 621 1614 3268 1694; baseline -0 -18"><span class='ocrx_word' id='word_1_140' title='bbox 621 1654 632 1663; x_wconf 81' lang='grc'><strong>-</strong></span> <span class='ocrx_word' id='word_1_141' title='bbox 691 1617 928 1676; x_wconf 89' lang='lat' dir='ltr'><strong>nomina</strong></span> <span class='ocrx_word' id='word_1_142' title='bbox 972 1615 1325 1684; x_wconf 85' lang='lat' dir='ltr'><strong>nominativo</strong></span> <span class='ocrx_word' id='word_1_143' title='bbox 1372 1633 1510 1676; x_wconf 90' lang='lat' dir='ltr'><strong>casu</strong></span> <span class='ocrx_word' id='word_1_144' title='bbox 1554 1617 1786 1676; x_wconf 88' lang='lat' dir='ltr'><strong>numeri</strong></span> <span class='ocrx_word' id='word_1_145' title='bbox 1825 1614 2136 1694; x_wconf 83' lang='lat' dir='ltr'><strong>singularis</strong></span> <span class='ocrx_word' id='word_1_146' title='bbox 2179 1634 2298 1677; x_wconf 85' lang='lat' dir='ltr'><strong>unx</strong></span> <span class='ocrx_word' id='word_1_147' title='bbox 2339 1614 2550 1677; x_wconf 82' lang='lat' dir='ltr'><strong>litteris</strong></span> <span class='ocrx_word' id='word_1_148' title='bbox 2593 1615 2848 1684; x_wconf 87' lang='lat' dir='ltr'><strong>definiri,</strong></span> <span class='ocrx_word' id='word_1_149' title='bbox 2897 1615 3013 1676; x_wconf 89' lang='lat' dir='ltr'><strong>hoc</strong></span> <span class='ocrx_word' id='word_1_150' title='bbox 3059 1633 3268 1676; x_wconf 88' lang='lat' dir='ltr'><strong>mone·</strong></span> 
     </span>
     <span class='ocr_line' id='line_1_16' title="bbox 690 1712 3272 1797; baseline -0 -20"><span class='ocrx_word' id='word_1_151' title='bbox 690 1735 823 1778; x_wconf 89' lang='lat' dir='ltr'><strong>mus</strong></span> <span class='ocrx_word' id='word_1_152' title='bbox 872 1717 1030 1796; x_wconf 91' lang='lat' dir='ltr'><strong>quod</strong></span> <span class='ocrx_word' id='word_1_153' title='bbox 1075 1712 1209 1794; x_wconf 88' lang='lat' dir='ltr'><strong>plus</strong></span> <span class='ocrx_word' id='word_1_154' title='bbox 1251 1735 1425 1796; x_wconf 88' lang='lat' dir='ltr'><strong>quam</strong></span> <span class='ocrx_word' id='word_1_155' title='bbox 1480 1724 1601 1778; x_wconf 84' lang='lat' dir='ltr'><strong>tres</strong></span> <span class='ocrx_word' id='word_1_156' title='bbox 1654 1719 1816 1788; x_wconf 88' lang='lat' dir='ltr'><strong>soni,</strong></span> <span class='ocrx_word' id='word_1_157' title='bbox 1868 1717 1982 1780; x_wconf 91' lang='grc'><strong>1133</strong></span> <span class='ocrx_word' id='word_1_158' title='bbox 2027 1723 2116 1780; x_wconf 87' lang='grc'><strong>331</strong></span> <span class='ocrx_word' id='word_1_159' title='bbox 2159 1735 2336 1797; x_wconf 86' lang='lat' dir='ltr'><strong>quam</strong></span> <span class='ocrx_word' id='word_1_160' title='bbox 2379 1720 2488 1779; x_wconf 88' lang='lat' dir='ltr'><strong>tria</strong></span> <span class='ocrx_word' id='word_1_161' title='bbox 2544 1719 2814 1788; x_wconf 88' lang='lat' dir='ltr'><strong>nomina,</strong></span> <span class='ocrx_word' id='word_1_162' title='bbox 2866 1736 2988 1780; x_wconf 91' lang='lat' dir='ltr'><strong>non</strong></span> <span class='ocrx_word' id='word_1_163' title='bbox 3039 1720 3272 1797; x_wconf 86' lang='lat' dir='ltr'><strong>possint</strong></span> 
     </span>
     <span class='ocr_line' id='line_1_17' title="bbox 691 1799 2170 1880; baseline -0.001 0"><span class='ocrx_word' id='word_1_164' title='bbox 691 1817 973 1880; x_wconf 88' lang='lat' dir='ltr'><strong>exhiheri.</strong></span> <span class='ocrx_word' id='word_1_165' title='bbox 2163 1799 2170 1808; x_wconf 65' lang='grc'><strong>’</strong></span> 
     </span>
    </p>

    <p class='ocr_par' dir='ltr' id='par_1_7' title="bbox 615 1921 3274 2400">
     <span class='ocr_line' id='line_1_18' title="bbox 615 1921 3274 2010; baseline 0.001 -32"><span class='ocrx_word' id='word_1_166' title='bbox 615 1937 664 1979; x_wconf 77' lang='lat'><strong>15</strong></span> <span class='ocrx_word' id='word_1_167' title='bbox 860 1921 945 1983; x_wconf 90' lang='lat' dir='ltr'><strong>De</strong></span> <span class='ocrx_word' id='word_1_168' title='bbox 988 1939 1207 2000; x_wconf 84' lang='lat' dir='ltr'><strong>genere</strong></span> <span class='ocrx_word' id='word_1_169' title='bbox 1254 1921 1430 1982; x_wconf 90' lang='lat' dir='ltr'><strong>omni.</strong></span> <span class='ocrx_word' id='word_1_170' title='bbox 1520 1923 1711 1982; x_wconf 89' lang='lat' dir='ltr'><strong>omnis</strong></span> <span class='ocrx_word' id='word_1_171' title='bbox 1763 1923 1998 2000; x_wconf 84' lang='lat' dir='ltr'><strong>generis</strong></span> <span class='ocrx_word' id='word_1_172' title='bbox 2041 1924 2305 1992; x_wconf 80' lang='lat' dir='ltr'><strong>nomina,</strong></span> <span class='ocrx_word' id='word_1_173' title='bbox 2353 1941 2504 2001; x_wconf 88' lang='lat' dir='ltr'><strong>quae</strong></span> <span class='ocrx_word' id='word_1_174' title='bbox 2549 1921 2795 1983; x_wconf 86' lang='lat' dir='ltr'><strong>ablativo</strong></span> <span class='ocrx_word' id='word_1_175' title='bbox 2837 1940 2976 1982; x_wconf 82' lang='lat' dir='ltr'><strong>casu</strong></span> <span class='ocrx_word' id='word_1_176' title='bbox 3029 1924 3274 2010; x_wconf 66' lang='lat' dir='ltr'><strong>numeri</strong></span> 
     </span>
     <span class='ocr_line' id='line_1_19' title="bbox 687 2022 3270 2104; baseline -0 -20"><span class='ocrx_word' id='word_1_177' title='bbox 687 2022 999 2103; x_wconf 84' lang='lat' dir='ltr'><strong>singularis</strong></span> <span class='ocrx_word' id='word_1_178' title='bbox 1043 2043 1075 2085; x_wconf 89' lang='grc'><strong>3</strong></span> <span class='ocrx_word' id='word_1_179' title='bbox 1114 2022 1307 2085; x_wconf 86' lang='lat' dir='ltr'><strong>littera</strong></span> <span class='ocrx_word' id='word_1_180' title='bbox 1359 2031 1631 2104; x_wconf 87' lang='lat' dir='ltr'><strong>correpta</strong></span> <span class='ocrx_word' id='word_1_181' title='bbox 1688 2023 1910 2084; x_wconf 86' lang='lat' dir='ltr'><strong>scilicet</strong></span> <span class='ocrx_word' id='word_1_182' title='bbox 1967 2025 2356 2085; x_wconf 84' lang='lat' dir='ltr'><strong>terminantur</strong></span> <span class='ocrx_word' id='word_1_183' title='bbox 2415 2031 2476 2086; x_wconf 92' lang='lat' dir='ltr'><strong>et</strong></span> <span class='ocrx_word' id='word_1_184' title='bbox 2525 2032 2718 2104; x_wconf 85' lang='lat' dir='ltr'><strong>aptota</strong></span> <span class='ocrx_word' id='word_1_185' title='bbox 2763 2041 2892 2085; x_wconf 86' lang='lat' dir='ltr'><strong>esse</strong></span> <span class='ocrx_word' id='word_1_186' title='bbox 2943 2041 3064 2084; x_wconf 87' lang='lat' dir='ltr'><strong>nou</strong></span> <span class='ocrx_word' id='word_1_187' title='bbox 3105 2025 3270 2084; x_wconf 77' lang='lat' dir='ltr'><strong>inre-</strong></span> 
     </span>
     <span class='ocr_line' id='line_1_20' title="bbox 688 2111 3272 2205; baseline 0 -19"><span class='ocrx_word' id='word_1_188' title='bbox 688 2127 949 2197; x_wconf 86' lang='lat' dir='ltr'><strong>niuntur,</strong></span> <span class='ocrx_word' id='word_1_189' title='bbox 996 2125 1145 2188; x_wconf 91' lang='lat' dir='ltr'><strong>haec</strong></span> <span class='ocrx_word' id='word_1_190' title='bbox 1188 2126 1261 2186; x_wconf 86' lang='lat' dir='ltr'><strong>ad</strong></span> <span class='ocrx_word' id='word_1_191' title='bbox 1296 2125 1412 2186; x_wconf 86' lang='lat' dir='ltr'><strong>hoc</strong></span> <span class='ocrx_word' id='word_1_192' title='bbox 1460 2111 1794 2205; x_wconf 83' lang='lat' dir='ltr'><strong>exemplum</strong></span> <span class='ocrx_word' id='word_1_193' title='bbox 1833 2124 2236 2188; x_wconf 78' lang='lat' dir='ltr'><strong>declinantur:</strong></span> <span class='ocrx_word' id='word_1_194' title='bbox 2277 2129 2511 2188; x_wconf 86' lang='lat' dir='ltr'><strong>numeri</strong></span> <span class='ocrx_word' id='word_1_195' title='bbox 2547 2125 2859 2205; x_wconf 87' lang='lat' dir='ltr'><strong>singularis</strong></span> <span class='ocrx_word' id='word_1_196' title='bbox 2901 2126 3000 2186; x_wconf 89' lang='lat' dir='ltr'><strong>hic</strong></span> <span class='ocrx_word' id='word_1_197' title='bbox 3031 2135 3091 2186; x_wconf 88' lang='lat' dir='ltr'><strong>et</strong></span> <span class='ocrx_word' id='word_1_198' title='bbox 3119 2125 3272 2186; x_wconf 86' lang='lat' dir='ltr'><strong>haec</strong></span> 
     </span>
     <span class='ocr_line' id='line_1_21' title="bbox 660 2217 3268 2299; baseline -0 -10"><span class='ocrx_word' id='word_1_199' title='bbox 660 2235 749 2299; x_wconf 76' lang='lat' dir='ltr'><strong>-,et</strong></span> <span class='ocrx_word' id='word_1_200' title='bbox 774 2227 888 2289; x_wconf 89' lang='lat' dir='ltr'><strong>hoc</strong></span> <span class='ocrx_word' id='word_1_201' title='bbox 926 2228 1133 2298; x_wconf 81' lang='lat' dir='ltr'><strong>audax,</strong></span> <span class='ocrx_word' id='word_1_202' title='bbox 1172 2217 1347 2290; x_wconf 86' lang='lat' dir='ltr'><strong>huius</strong></span> <span class='ocrx_word' id='word_1_203' title='bbox 1383 2235 1441 2288; x_wconf 89' lang='lat' dir='ltr'><strong>et</strong></span> <span class='ocrx_word' id='word_1_204' title='bbox 1472 2228 1646 2290; x_wconf 87' lang='lat' dir='ltr'><strong>huius</strong></span> <span class='ocrx_word' id='word_1_205' title='bbox 1692 2235 1750 2288; x_wconf 85' lang='lat' dir='ltr'><strong>et</strong></span> <span class='ocrx_word' id='word_1_206' title='bbox 1781 2228 1956 2288; x_wconf 89' lang='lat' dir='ltr'><strong>huius</strong></span> <span class='ocrx_word' id='word_1_207' title='bbox 1997 2229 2250 2298; x_wconf 78' lang='lat' dir='ltr'><strong>audaciS,</strong></span> <span class='ocrx_word' id='word_1_208' title='bbox 2293 2229 2430 2290; x_wconf 89' lang='lat' dir='ltr'><strong>huic</strong></span> <span class='ocrx_word' id='word_1_209' title='bbox 2475 2237 2534 2290; x_wconf 91' lang='lat' dir='ltr'><strong>et</strong></span> <span class='ocrx_word' id='word_1_210' title='bbox 2567 2228 2706 2290; x_wconf 87' lang='lat' dir='ltr'><strong>huic</strong></span> <span class='ocrx_word' id='word_1_211' title='bbox 2751 2236 2809 2288; x_wconf 89' lang='lat' dir='ltr'><strong>et</strong></span> <span class='ocrx_word' id='word_1_212' title='bbox 2851 2227 2988 2290; x_wconf 89' lang='lat' dir='ltr'><strong>huic</strong></span> <span class='ocrx_word' id='word_1_213' title='bbox 3033 2227 3268 2296; x_wconf 80' lang='lat' dir='ltr'><strong>audaci,</strong></span> 
     </span>
     <span class='ocr_line' id='line_1_22' title="bbox 686 2329 3272 2400; baseline -0.001 -9"><span class='ocrx_word' id='word_1_214' title='bbox 686 2330 847 2391; x_wconf 90' lang='lat' dir='ltr'><strong>hunc</strong></span> <span class='ocrx_word' id='word_1_215' title='bbox 887 2338 944 2390; x_wconf 89' lang='lat' dir='ltr'><strong>et</strong></span> <span class='ocrx_word' id='word_1_216' title='bbox 987 2329 1141 2390; x_wconf 87' lang='grc'><strong>11333</strong></span> <span class='ocrx_word' id='word_1_217' title='bbox 1185 2330 1465 2390; x_wconf 85' lang='lat' dir='ltr'><strong>audacem</strong></span> <span class='ocrx_word' id='word_1_218' title='bbox 1508 2338 1567 2391; x_wconf 88' lang='lat' dir='ltr'><strong>et</strong></span> <span class='ocrx_word' id='word_1_219' title='bbox 1600 2331 1715 2391; x_wconf 91' lang='lat' dir='ltr'><strong>hoc</strong></span> <span class='ocrx_word' id='word_1_220' title='bbox 1759 2329 1965 2400; x_wconf 85' lang='lat' dir='ltr'><strong>audax,</strong></span> <span class='ocrx_word' id='word_1_221' title='bbox 2014 2349 2048 2390; x_wconf 91' lang='lat' dir='ltr'><strong>o</strong></span> <span class='ocrx_word' id='word_1_222' title='bbox 2093 2337 2150 2392; x_wconf 91' lang='lat' dir='ltr'><strong>et</strong></span> <span class='ocrx_word' id='word_1_223' title='bbox 2179 2350 2213 2391; x_wconf 94' lang='grc'><strong>3</strong></span> <span class='ocrx_word' id='word_1_224' title='bbox 2245 2337 2365 2392; x_wconf 89' lang='lat' dir='ltr'><strong>eto</strong></span> <span class='ocrx_word' id='word_1_225' title='bbox 2409 2331 2617 2399; x_wconf 86' lang='lat' dir='ltr'><strong>audax,</strong></span> <span class='ocrx_word' id='word_1_226' title='bbox 2659 2329 2733 2390; x_wconf 89' lang='grc'><strong>311</strong></span> <span class='ocrx_word' id='word_1_227' title='bbox 2779 2331 2892 2390; x_wconf 92' lang='grc'><strong>1133</strong></span> <span class='ocrx_word' id='word_1_228' title='bbox 2935 2336 2991 2390; x_wconf 91' lang='grc'><strong>31</strong></span> <span class='ocrx_word' id='word_1_229' title='bbox 3033 2329 3111 2392; x_wconf 89' lang='grc'><strong>311</strong></span> <span class='ocrx_word' id='word_1_230' title='bbox 3155 2330 3272 2390; x_wconf 82' lang='grc'><strong>1133</strong></span> 
     </span>
    </p>

    <p class='ocr_par' dir='ltr' id='par_1_8' title="bbox 612 2430 3273 2919">
     <span class='ocr_line' id='line_1_23' title="bbox 612 2430 3270 2511; baseline 0.002 -23"><span class='ocrx_word' id='word_1_231' title='bbox 612 2445 663 2488; x_wconf 77' lang='lat'><strong>20</strong></span> <span class='ocrx_word' id='word_1_232' title='bbox 691 2441 751 2493; x_wconf 87' lang='lat' dir='ltr'><strong>et</strong></span> <span class='ocrx_word' id='word_1_233' title='bbox 792 2431 865 2493; x_wconf 84' lang='lat' dir='ltr'><strong>ab</strong></span> <span class='ocrx_word' id='word_1_234' title='bbox 914 2432 1030 2493; x_wconf 91' lang='lat' dir='ltr'><strong>hoc</strong></span> <span class='ocrx_word' id='word_1_235' title='bbox 1084 2431 1335 2502; x_wconf 87' lang='grc'><strong>33(1333;</strong></span> <span class='ocrx_word' id='word_1_236' title='bbox 1405 2433 1635 2494; x_wconf 90' lang='lat' dir='ltr'><strong>numeri</strong></span> <span class='ocrx_word' id='word_1_237' title='bbox 1696 2430 1940 2511; x_wconf 88' lang='lat' dir='ltr'><strong>pluralis</strong></span> <span class='ocrx_word' id='word_1_238' title='bbox 2003 2432 2066 2492; x_wconf 88' lang='lat' dir='ltr'><strong>hi</strong></span> <span class='ocrx_word' id='word_1_239' title='bbox 2119 2441 2178 2493; x_wconf 93' lang='lat' dir='ltr'><strong>et</strong></span> <span class='ocrx_word' id='word_1_240' title='bbox 2230 2431 2346 2494; x_wconf 87' lang='lat' dir='ltr'><strong>hae</strong></span> <span class='ocrx_word' id='word_1_241' title='bbox 2399 2434 2649 2494; x_wconf 83' lang='lat' dir='ltr'><strong>audaces</strong></span> <span class='ocrx_word' id='word_1_242' title='bbox 2695 2441 2753 2492; x_wconf 92' lang='lat' dir='ltr'><strong>et</strong></span> <span class='ocrx_word' id='word_1_243' title='bbox 2807 2432 2956 2492; x_wconf 90' lang='lat' dir='ltr'><strong>haec</strong></span> <span class='ocrx_word' id='word_1_244' title='bbox 2997 2431 3270 2501; x_wconf 85' lang='lat' dir='ltr'><strong>audacia,</strong></span> 
     </span>
     <span class='ocr_line' id='line_1_24' title="bbox 688 2533 3273 2620; baseline -0 -26"><span class='ocrx_word' id='word_1_245' title='bbox 688 2535 901 2596; x_wconf 86' lang='lat' dir='ltr'><strong>horum</strong></span> <span class='ocrx_word' id='word_1_246' title='bbox 936 2543 995 2594; x_wconf 90' lang='lat' dir='ltr'><strong>et</strong></span> <span class='ocrx_word' id='word_1_247' title='bbox 1024 2533 1233 2595; x_wconf 87' lang='lat' dir='ltr'><strong>harum</strong></span> <span class='ocrx_word' id='word_1_248' title='bbox 1267 2541 1331 2620; x_wconf 25' lang='lat' dir='ltr'><strong>&#39;et</strong></span> <span class='ocrx_word' id='word_1_249' title='bbox 1358 2533 1573 2596; x_wconf 88' lang='lat' dir='ltr'><strong>horum</strong></span> <span class='ocrx_word' id='word_1_250' title='bbox 1609 2535 1939 2602; x_wconf 88' lang='lat' dir='ltr'><strong>audacium,</strong></span> <span class='ocrx_word' id='word_1_251' title='bbox 1983 2534 2076 2594; x_wconf 88' lang='lat' dir='ltr'><strong>his</strong></span> <span class='ocrx_word' id='word_1_252' title='bbox 2103 2544 2162 2595; x_wconf 88' lang='lat' dir='ltr'><strong>et</strong></span> <span class='ocrx_word' id='word_1_253' title='bbox 2194 2535 2286 2596; x_wconf 90' lang='lat' dir='ltr'><strong>his</strong></span> <span class='ocrx_word' id='word_1_254' title='bbox 2319 2541 2376 2596; x_wconf 90' lang='lat' dir='ltr'><strong>et</strong></span> <span class='ocrx_word' id='word_1_255' title='bbox 2404 2535 2494 2595; x_wconf 89' lang='lat' dir='ltr'><strong>his</strong></span> <span class='ocrx_word' id='word_1_256' title='bbox 2532 2533 2873 2603; x_wconf 87' lang='lat' dir='ltr'><strong>audacibus,</strong></span> <span class='ocrx_word' id='word_1_257' title='bbox 2920 2535 3030 2595; x_wconf 84' lang='lat' dir='ltr'><strong>hos</strong></span> <span class='ocrx_word' id='word_1_258' title='bbox 3069 2543 3128 2596; x_wconf 89' lang='lat' dir='ltr'><strong>et</strong></span> <span class='ocrx_word' id='word_1_259' title='bbox 3161 2535 3273 2594; x_wconf 88' lang='grc'><strong>1133</strong></span> 
     </span>
     <span class='ocr_line' id='line_1_25' title="bbox 686 2635 3272 2706; baseline -0.001 -8"><span class='ocrx_word' id='word_1_260' title='bbox 686 2637 937 2698; x_wconf 83' lang='lat' dir='ltr'><strong>audaces</strong></span> <span class='ocrx_word' id='word_1_261' title='bbox 974 2645 1035 2696; x_wconf 88' lang='lat' dir='ltr'><strong>et</strong></span> <span class='ocrx_word' id='word_1_262' title='bbox 1075 2636 1223 2696; x_wconf 88' lang='grc'><strong>11333</strong></span> <span class='ocrx_word' id='word_1_263' title='bbox 1266 2635 1529 2706; x_wconf 85' lang='lat' dir='ltr'><strong>audacia,</strong></span> <span class='ocrx_word' id='word_1_264' title='bbox 1574 2654 1611 2696; x_wconf 87' lang='lat' dir='ltr'><strong>o</strong></span> <span class='ocrx_word' id='word_1_265' title='bbox 1658 2643 1779 2698; x_wconf 88' lang='lat' dir='ltr'><strong>eto</strong></span> <span class='ocrx_word' id='word_1_266' title='bbox 1823 2636 2075 2698; x_wconf 87' lang='lat' dir='ltr'><strong>audaces</strong></span> <span class='ocrx_word' id='word_1_267' title='bbox 2121 2645 2246 2699; x_wconf 83' lang='grc'><strong>313</strong></span> <span class='ocrx_word' id='word_1_268' title='bbox 2287 2637 2548 2706; x_wconf 85' lang='lat' dir='ltr'><strong>audacia,</strong></span> <span class='ocrx_word' id='word_1_269' title='bbox 2593 2635 2666 2698; x_wconf 91' lang='grc'><strong>311</strong></span> <span class='ocrx_word' id='word_1_270' title='bbox 2711 2636 2806 2696; x_wconf 82' lang='lat' dir='ltr'><strong>his</strong></span> <span class='ocrx_word' id='word_1_271' title='bbox 2851 2647 2908 2698; x_wconf 91' lang='lat' dir='ltr'><strong>et</strong></span> <span class='ocrx_word' id='word_1_272' title='bbox 2943 2637 3019 2698; x_wconf 89' lang='lat' dir='ltr'><strong>ab</strong></span> <span class='ocrx_word' id='word_1_273' title='bbox 3065 2637 3162 2697; x_wconf 88' lang='lat' dir='ltr'><strong>his</strong></span> <span class='ocrx_word' id='word_1_274' title='bbox 3207 2645 3272 2697; x_wconf 84' lang='lat' dir='ltr'><strong>et</strong></span> 
     </span>
     <span class='ocr_line' id='line_1_26' title="bbox 686 2736 3272 2818; baseline 0 -19"><span class='ocrx_word' id='word_1_275' title='bbox 686 2738 759 2799; x_wconf 90' lang='lat' dir='ltr'><strong>ab</strong></span> <span class='ocrx_word' id='word_1_276' title='bbox 802 2738 895 2799; x_wconf 90' lang='lat' dir='ltr'><strong>his</strong></span> <span class='ocrx_word' id='word_1_277' title='bbox 938 2736 1276 2800; x_wconf 83' lang='lat' dir='ltr'><strong>audacibus..</strong></span> <span class='ocrx_word' id='word_1_278' title='bbox 1365 2755 1507 2799; x_wconf 86' lang='lat' dir='ltr'><strong>sane</strong></span> <span class='ocrx_word' id='word_1_279' title='bbox 1544 2739 1735 2800; x_wconf 86' lang='lat' dir='ltr'><strong>omnis</strong></span> <span class='ocrx_word' id='word_1_280' title='bbox 1775 2741 2009 2818; x_wconf 84' lang='lat' dir='ltr'><strong>generis</strong></span> <span class='ocrx_word' id='word_1_281' title='bbox 2053 2741 2308 2809; x_wconf 86' lang='lat' dir='ltr'><strong>nomina,</strong></span> <span class='ocrx_word' id='word_1_282' title='bbox 2353 2755 2506 2818; x_wconf 89' lang='grc'><strong>(1333</strong></span> <span class='ocrx_word' id='word_1_283' title='bbox 2549 2737 2797 2800; x_wconf 79' lang='lat' dir='ltr'><strong>ablativo</strong></span> <span class='ocrx_word' id='word_1_284' title='bbox 2841 2757 2982 2800; x_wconf 86' lang='grc'><strong>3333</strong></span> <span class='ocrx_word' id='word_1_285' title='bbox 3027 2741 3272 2800; x_wconf 88' lang='lat' dir='ltr'><strong>numeri</strong></span> 
     </span>
     <span class='ocr_line' id='line_1_27' title="bbox 686 2838 3271 2919; baseline 0 -17"><span class='ocrx_word' id='word_1_286' title='bbox 686 2839 1001 2918; x_wconf 83' lang='lat' dir='ltr'><strong>singularis</strong></span> <span class='ocrx_word' id='word_1_287' title='bbox 1046 2859 1080 2901; x_wconf 92' lang='lat' dir='ltr'><strong>e</strong></span> <span class='ocrx_word' id='word_1_288' title='bbox 1126 2838 1317 2901; x_wconf 78' lang='lat' dir='ltr'><strong>littera</strong></span> <span class='ocrx_word' id='word_1_289' title='bbox 1374 2849 1647 2919; x_wconf 85' lang='lat' dir='ltr'><strong>correpta</strong></span> <span class='ocrx_word' id='word_1_290' title='bbox 1712 2840 1938 2902; x_wconf 88' lang='lat' dir='ltr'><strong>scilicet</strong></span> <span class='ocrx_word' id='word_1_291' title='bbox 2001 2843 2426 2919; x_wconf 83' lang='lat' dir='ltr'><strong>terminantur,</strong></span> <span class='ocrx_word' id='word_1_292' title='bbox 2492 2841 2638 2902; x_wconf 84' lang='lat' dir='ltr'><strong>haec</strong></span> <span class='ocrx_word' id='word_1_293' title='bbox 2699 2841 3056 2902; x_wconf 86' lang='lat' dir='ltr'><strong>nominativo</strong></span> <span class='ocrx_word' id='word_1_294' title='bbox 3121 2860 3271 2902; x_wconf 85' lang='lat' dir='ltr'><strong>casu</strong></span> 
     </span>
    </p>

    <p class='ocr_par' dir='ltr' id='par_1_9' title="bbox 610 2941 3272 3125">
     <span class='ocr_line' id='line_1_28' title="bbox 610 2941 3272 3022; baseline 0 -18"><span class='ocrx_word' id='word_1_295' title='bbox 610 2956 662 2996; x_wconf 79' lang='lat'><strong>2⁵</strong></span> <span class='ocrx_word' id='word_1_296' title='bbox 690 2944 924 3004; x_wconf 89' lang='lat' dir='ltr'><strong>numeri</strong></span> <span class='ocrx_word' id='word_1_297' title='bbox 964 2941 1275 3021; x_wconf 83' lang='lat' dir='ltr'><strong>singularis</strong></span> <span class='ocrx_word' id='word_1_298' title='bbox 1318 2941 1409 3002; x_wconf 90' lang='lat' dir='ltr'><strong>his</strong></span> <span class='ocrx_word' id='word_1_299' title='bbox 1448 2960 1656 3004; x_wconf 84' lang='lat' dir='ltr'><strong>novem</strong></span> <span class='ocrx_word' id='word_1_300' title='bbox 1710 2942 1918 3004; x_wconf 78' lang='lat' dir='ltr'><strong>formis</strong></span> <span class='ocrx_word' id='word_1_301' title='bbox 1971 2943 2332 3010; x_wconf 84' lang='lat' dir='ltr'><strong>definiuntur</strong></span> <span class='ocrx_word' id='word_1_302' title='bbox 2384 2950 2638 3012; x_wconf 85' lang='lat' dir='ltr'><strong>tantum,</strong></span> <span class='ocrx_word' id='word_1_303' title='bbox 2695 2961 2802 3022; x_wconf 87' lang='lat' dir='ltr'><strong>par</strong></span> <span class='ocrx_word' id='word_1_304' title='bbox 2859 2950 3022 3006; x_wconf 81' lang='lat' dir='ltr'><strong>vetus</strong></span> <span class='ocrx_word' id='word_1_305' title='bbox 3070 2943 3272 3007; x_wconf 81' lang='lat' dir='ltr'><strong>audax</strong></span> 
     </span>
     <span class='ocr_line' id='line_1_29' title="bbox 686 3042 3272 3125; baseline 0.001 -21"><span class='ocrx_word' id='word_1_306' title='bbox 686 3044 823 3107; x_wconf 75' lang='lat' dir='ltr'><strong>felix</strong></span> <span class='ocrx_word' id='word_1_307' title='bbox 868 3045 1035 3107; x_wconf 78' lang='lat' dir='ltr'><strong>ferox</strong></span> <span class='ocrx_word' id='word_1_308' title='bbox 1078 3062 1283 3106; x_wconf 87' lang='lat' dir='ltr'><strong>amans</strong></span> <span class='ocrx_word' id='word_1_309' title='bbox 1326 3044 1589 3122; x_wconf 88' lang='lat' dir='ltr'><strong>prudens</strong></span> <span class='ocrx_word' id='word_1_310' title='bbox 1626 3045 1788 3105; x_wconf 87' lang='lat' dir='ltr'><strong>iners</strong></span> <span class='ocrx_word' id='word_1_311' title='bbox 1831 3061 2054 3106; x_wconf 79' lang='lat' dir='ltr'><strong>vecorS.</strong></span> <span class='ocrx_word' id='word_1_312' title='bbox 2123 3042 2300 3106; x_wconf 86' lang='lat' dir='ltr'><strong>&#39;nunc</strong></span> <span class='ocrx_word' id='word_1_313' title='bbox 2337 3064 2408 3107; x_wconf 89' lang='lat' dir='ltr'><strong>ex</strong></span> <span class='ocrx_word' id='word_1_314' title='bbox 2453 3045 2565 3106; x_wconf 88' lang='lat' dir='ltr'><strong>hac</strong></span> <span class='ocrx_word' id='word_1_315' title='bbox 2603 3045 2808 3116; x_wconf 76' lang='lat' dir='ltr'><strong>forma,</strong></span> <span class='ocrx_word' id='word_1_316' title='bbox 2851 3063 2964 3125; x_wconf 92' lang='grc'><strong>(133</strong></span> <span class='ocrx_word' id='word_1_317' title='bbox 3009 3045 3272 3106; x_wconf 82' lang='lat' dir='ltr'><strong>diximus</strong></span> 
     </span>
    </p>

    <p class='ocr_par' dir='ltr' id='par_1_10' title="bbox 606 3141 3271 3432">
     <span class='ocr_line' id='line_1_30' title="bbox 606 3141 3271 3229; baseline -0.001 -19"><span class='ocrx_word' id='word_1_318' title='bbox 606 3223 609 3228; x_wconf 21' lang='grc' dir='ltr'>Ι</span> <span class='ocrx_word' id='word_1_319' title='bbox 685 3149 919 3227; x_wconf 85' lang='lat' dir='ltr'><strong>generis</strong></span> <span class='ocrx_word' id='word_1_320' title='bbox 956 3149 1145 3208; x_wconf 88' lang='lat' dir='ltr'><strong>omnis</strong></span> <span class='ocrx_word' id='word_1_321' title='bbox 1181 3147 1417 3208; x_wconf 86' lang='lat' dir='ltr'><strong>nomina</strong></span> <span class='ocrx_word' id='word_1_322' title='bbox 1463 3141 1839 3229; x_wconf 76' lang='lat' dir='ltr'><strong>nomiflnativo</strong></span> <span class='ocrx_word' id='word_1_323' title='bbox 1877 3163 2018 3208; x_wconf 88' lang='lat' dir='ltr'><strong>casu</strong></span> <span class='ocrx_word' id='word_1_324' title='bbox 2061 3148 2293 3208; x_wconf 86' lang='lat' dir='ltr'><strong>numeri</strong></span> <span class='ocrx_word' id='word_1_325' title='bbox 2331 3147 2644 3225; x_wconf 85' lang='lat' dir='ltr'><strong>singularis</strong></span> <span class='ocrx_word' id='word_1_326' title='bbox 2672 3166 2739 3208; x_wconf 90' lang='lat' dir='ltr'><strong>ar</strong></span> <span class='ocrx_word' id='word_1_327' title='bbox 2765 3147 2970 3210; x_wconf 88' lang='lat' dir='ltr'><strong>litteris</strong></span> <span class='ocrx_word' id='word_1_328' title='bbox 3011 3148 3271 3216; x_wconf 84' lang='lat' dir='ltr'><strong>definiri.</strong></span> 
     </span>
     <span class='ocr_line' id='line_1_31' title="bbox 683 3248 3270 3330; baseline -0 -19"><span class='ocrx_word' id='word_1_329' title='bbox 683 3250 799 3312; x_wconf 89' lang='grc'><strong>1133</strong></span> <span class='ocrx_word' id='word_1_330' title='bbox 838 3267 1150 3311; x_wconf 89' lang='lat' dir='ltr'><strong>monemus</strong></span> <span class='ocrx_word' id='word_1_331' title='bbox 1192 3249 1349 3330; x_wconf 84' lang='lat' dir='ltr'><strong>quod</strong></span> <span class='ocrx_word' id='word_1_332' title='bbox 1395 3248 1527 3327; x_wconf 89' lang='lat' dir='ltr'><strong>plus</strong></span> <span class='ocrx_word' id='word_1_333' title='bbox 1570 3266 1748 3327; x_wconf 89' lang='lat' dir='ltr'><strong>quam</strong></span> <span class='ocrx_word' id='word_1_334' title='bbox 1787 3257 2014 3328; x_wconf 83' lang='lat' dir='ltr'><strong>septem</strong></span> <span class='ocrx_word' id='word_1_335' title='bbox 2051 3251 2199 3319; x_wconf 89' lang='lat' dir='ltr'><strong>soni,</strong></span> <span class='ocrx_word' id='word_1_336' title='bbox 2246 3249 2360 3310; x_wconf 89' lang='lat' dir='ltr'><strong>hoc</strong></span> <span class='ocrx_word' id='word_1_337' title='bbox 2403 3257 2492 3310; x_wconf 90' lang='lat' dir='ltr'><strong>est</strong></span> <span class='ocrx_word' id='word_1_338' title='bbox 2525 3267 2699 3328; x_wconf 90' lang='lat' dir='ltr'><strong>quam</strong></span> <span class='ocrx_word' id='word_1_339' title='bbox 2743 3257 2966 3328; x_wconf 87' lang='lat' dir='ltr'><strong>septem</strong></span> <span class='ocrx_word' id='word_1_340' title='bbox 2998 3252 3270 3318; x_wconf 85' lang='lat' dir='ltr'><strong>nomina,</strong></span> 
     </span>
     <span class='ocr_line' id='line_1_32' title="bbox 686 3349 3271 3432; baseline -0.001 -19"><span class='ocrx_word' id='word_1_341' title='bbox 686 3371 805 3413; x_wconf 88' lang='lat' dir='ltr'><strong>non</strong></span> <span class='ocrx_word' id='word_1_342' title='bbox 866 3353 1095 3432; x_wconf 89' lang='lat' dir='ltr'><strong>possint</strong></span> <span class='ocrx_word' id='word_1_343' title='bbox 1150 3349 1434 3412; x_wconf 88' lang='lat' dir='ltr'><strong>exhiberi.</strong></span> <span class='ocrx_word' id='word_1_344' title='bbox 1522 3352 1660 3411; x_wconf 86' lang='lat' dir='ltr'><strong>item</strong></span> <span class='ocrx_word' id='word_1_345' title='bbox 1728 3370 1797 3411; x_wconf 90' lang='lat' dir='ltr'><strong>ex</strong></span> <span class='ocrx_word' id='word_1_346' title='bbox 1865 3351 1977 3412; x_wconf 90' lang='grc'><strong>1133</strong></span> <span class='ocrx_word' id='word_1_347' title='bbox 2040 3352 2258 3420; x_wconf 86' lang='lat' dir='ltr'><strong>forma,</strong></span> <span class='ocrx_word' id='word_1_348' title='bbox 2322 3370 2434 3430; x_wconf 82' lang='lat' dir='ltr'><strong>qua</strong></span> <span class='ocrx_word' id='word_1_349' title='bbox 2498 3352 2752 3413; x_wconf 84' lang='lat' dir='ltr'><strong>diximus</strong></span> <span class='ocrx_word' id='word_1_350' title='bbox 2813 3369 2990 3432; x_wconf 87' lang='lat' dir='ltr'><strong>supra</strong></span> <span class='ocrx_word' id='word_1_351' title='bbox 3053 3354 3271 3431; x_wconf 84' lang='lat' dir='ltr'><strong>scripti</strong></span> 
     </span>
    </p>

    <p class='ocr_par' dir='ltr' id='par_1_11' title="bbox 606 3452 3272 3942">
     <span class='ocr_line' id='line_1_33' title="bbox 606 3452 3272 3534; baseline -0.001 -18"><span class='ocrx_word' id='word_1_352' title='bbox 606 3466 659 3508; x_wconf 75' lang='lat'><strong>³⁰</strong></span> <span class='ocrx_word' id='word_1_353' title='bbox 686 3455 919 3534; x_wconf 85' lang='lat' dir='ltr'><strong>generis</strong></span> <span class='ocrx_word' id='word_1_354' title='bbox 960 3453 1199 3514; x_wconf 85' lang='lat' dir='ltr'><strong>nomina</strong></span> <span class='ocrx_word' id='word_1_355' title='bbox 1242 3453 1596 3513; x_wconf 87' lang='lat' dir='ltr'><strong>nominativo</strong></span> <span class='ocrx_word' id='word_1_356' title='bbox 1642 3470 1785 3514; x_wconf 92' lang='grc'><strong>3333</strong></span> <span class='ocrx_word' id='word_1_357' title='bbox 1831 3455 2065 3514; x_wconf 84' lang='lat' dir='ltr'><strong>numeri</strong></span> <span class='ocrx_word' id='word_1_358' title='bbox 2109 3452 2424 3532; x_wconf 84' lang='lat' dir='ltr'><strong>singularis</strong></span> <span class='ocrx_word' id='word_1_359' title='bbox 2471 3472 2540 3515; x_wconf 94' lang='lat' dir='ltr'><strong>us</strong></span> <span class='ocrx_word' id='word_1_360' title='bbox 2582 3453 2788 3515; x_wconf 87' lang='lat' dir='ltr'><strong>litteris</strong></span> <span class='ocrx_word' id='word_1_361' title='bbox 2831 3453 3091 3523; x_wconf 85' lang='lat' dir='ltr'><strong>definiri,</strong></span> <span class='ocrx_word' id='word_1_362' title='bbox 3149 3453 3272 3514; x_wconf 89' lang='lat' dir='ltr'><strong>hoc</strong></span> 
     </span>
     <span class='ocr_line' id='line_1_34' title="bbox 684 3553 3270 3636; baseline -0 -20"><span class='ocrx_word' id='word_1_363' title='bbox 684 3572 994 3616; x_wconf 90' lang='lat' dir='ltr'><strong>monemus</strong></span> <span class='ocrx_word' id='word_1_364' title='bbox 1038 3553 1193 3633; x_wconf 87' lang='lat' dir='ltr'><strong>quod</strong></span> <span class='ocrx_word' id='word_1_365' title='bbox 1241 3554 1371 3633; x_wconf 85' lang='lat' dir='ltr'><strong>plus</strong></span> <span class='ocrx_word' id='word_1_366' title='bbox 1414 3572 1589 3634; x_wconf 85' lang='lat' dir='ltr'><strong>quam</strong></span> <span class='ocrx_word' id='word_1_367' title='bbox 1630 3561 1753 3615; x_wconf 86' lang='lat' dir='ltr'><strong>tres</strong></span> <span class='ocrx_word' id='word_1_368' title='bbox 1795 3557 1942 3624; x_wconf 90' lang='lat' dir='ltr'><strong>soni,</strong></span> <span class='ocrx_word' id='word_1_369' title='bbox 1987 3556 2103 3616; x_wconf 92' lang='grc'><strong>1133</strong></span> <span class='ocrx_word' id='word_1_370' title='bbox 2147 3563 2234 3617; x_wconf 88' lang='grc'><strong>331</strong></span> <span class='ocrx_word' id='word_1_371' title='bbox 2275 3574 2450 3636; x_wconf 89' lang='lat' dir='ltr'><strong>quam</strong></span> <span class='ocrx_word' id='word_1_372' title='bbox 2493 3557 2604 3617; x_wconf 89' lang='lat' dir='ltr'><strong>tria</strong></span> <span class='ocrx_word' id='word_1_373' title='bbox 2650 3557 2916 3626; x_wconf 87' lang='lat' dir='ltr'><strong>nomina,</strong></span> <span class='ocrx_word' id='word_1_374' title='bbox 2961 3574 3082 3616; x_wconf 87' lang='lat' dir='ltr'><strong>non</strong></span> <span class='ocrx_word' id='word_1_375' title='bbox 3127 3574 3270 3634; x_wconf 90' lang='lat' dir='ltr'><strong>pos-</strong></span> 
     </span>
     <span class='ocr_line' id='line_1_35' title="bbox 682 3656 3272 3736; baseline 0 -18"><span class='ocrx_word' id='word_1_376' title='bbox 682 3659 800 3718; x_wconf 88' lang='lat' dir='ltr'><strong>sint</strong></span> <span class='ocrx_word' id='word_1_377' title='bbox 842 3656 1122 3718; x_wconf 83' lang='lat' dir='ltr'><strong>exhiberi.</strong></span> <span class='ocrx_word' id='word_1_378' title='bbox 1184 3659 1325 3717; x_wconf 84' lang='lat' dir='ltr'><strong>item·</strong></span> <span class='ocrx_word' id='word_1_379' title='bbox 1368 3675 1437 3716; x_wconf 85' lang='lat' dir='ltr'><strong>ex</strong></span> <span class='ocrx_word' id='word_1_380' title='bbox 1476 3656 1587 3716; x_wconf 88' lang='grc'><strong>1133</strong></span> <span class='ocrx_word' id='word_1_381' title='bbox 1632 3657 1838 3726; x_wconf 84' lang='lat' dir='ltr'><strong>forma,</strong></span> <span class='ocrx_word' id='word_1_382' title='bbox 1885 3675 2000 3734; x_wconf 89' lang='lat' dir='ltr'><strong>qua</strong></span> <span class='ocrx_word' id='word_1_383' title='bbox 2041 3658 2294 3720; x_wconf 89' lang='lat' dir='ltr'><strong>diximus</strong></span> <span class='ocrx_word' id='word_1_384' title='bbox 2335 3675 2511 3736; x_wconf 85' lang='lat' dir='ltr'><strong>supra</strong></span> <span class='ocrx_word' id='word_1_385' title='bbox 2557 3658 2696 3719; x_wconf 86' lang='lat' dir='ltr'><strong>dicti</strong></span> <span class='ocrx_word' id='word_1_386' title='bbox 2745 3660 2980 3736; x_wconf 83' lang='lat' dir='ltr'><strong>generis</strong></span> <span class='ocrx_word' id='word_1_387' title='bbox 3020 3659 3272 3718; x_wconf 87' lang='lat' dir='ltr'><strong>nomina</strong></span> 
     </span>
     <span class='ocr_line' id='line_1_36' title="bbox 684 3757 3267 3840; baseline 0.001 -21"><span class='ocrx_word' id='word_1_388' title='bbox 684 3760 1039 3820; x_wconf 83' lang='lat' dir='ltr'><strong>nominativo</strong></span> <span class='ocrx_word' id='word_1_389' title='bbox 1084 3776 1223 3819; x_wconf 84' lang='lat' dir='ltr'><strong>casu</strong></span> <span class='ocrx_word' id='word_1_390' title='bbox 1265 3759 1495 3820; x_wconf 85' lang='lat' dir='ltr'><strong>numeri</strong></span> <span class='ocrx_word' id='word_1_391' title='bbox 1538 3757 1852 3836; x_wconf 85' lang='lat' dir='ltr'><strong>singularis</strong></span> <span class='ocrx_word' id='word_1_392' title='bbox 1901 3778 1972 3820; x_wconf 84' lang='lat' dir='ltr'><strong>ax</strong></span> <span class='ocrx_word' id='word_1_393' title='bbox 2012 3758 2223 3820; x_wconf 85' lang='lat' dir='ltr'><strong>litteris</strong></span> <span class='ocrx_word' id='word_1_394' title='bbox 2266 3760 2525 3828; x_wconf 85' lang='lat' dir='ltr'><strong>definiri,</strong></span> <span class='ocrx_word' id='word_1_395' title='bbox 2587 3760 2704 3821; x_wconf 86' lang='lat' dir='ltr'><strong>hoc</strong></span> <span class='ocrx_word' id='word_1_396' title='bbox 2747 3779 3056 3822; x_wconf 86' lang='lat' dir='ltr'><strong>monemus</strong></span> <span class='ocrx_word' id='word_1_397' title='bbox 3099 3761 3267 3840; x_wconf 89' lang='lat' dir='ltr'><strong>quod</strong></span> 
     </span>
     <span class='ocr_line' id='line_1_37' title="bbox 683 3860 3268 3942; baseline 0.001 -21"><span class='ocrx_word' id='word_1_398' title='bbox 683 3860 816 3940; x_wconf 88' lang='lat' dir='ltr'><strong>plus</strong></span> <span class='ocrx_word' id='word_1_399' title='bbox 844 3878 1023 3939; x_wconf 88' lang='lat' dir='ltr'><strong>quam</strong></span> <span class='ocrx_word' id='word_1_400' title='bbox 1058 3861 1263 3922; x_wconf 87' lang='lat' dir='ltr'><strong>decem</strong></span> <span class='ocrx_word' id='word_1_401' title='bbox 1309 3868 1443 3921; x_wconf 87' lang='lat' dir='ltr'><strong>octo</strong></span> <span class='ocrx_word' id='word_1_402' title='bbox 1488 3861 1637 3930; x_wconf 88' lang='lat' dir='ltr'><strong>soni,</strong></span> <span class='ocrx_word' id='word_1_403' title='bbox 1677 3861 1791 3921; x_wconf 88' lang='lat' dir='ltr'><strong>hoc</strong></span> <span class='ocrx_word' id='word_1_404' title='bbox 1823 3869 1911 3922; x_wconf 87' lang='lat' dir='ltr'><strong>est</strong></span> <span class='ocrx_word' id='word_1_405' title='bbox 1948 3879 2124 3939; x_wconf 89' lang='lat' dir='ltr'><strong>quam</strong></span> <span class='ocrx_word' id='word_1_406' title='bbox 2169 3862 2374 3924; x_wconf 88' lang='lat' dir='ltr'><strong>decem</strong></span> <span class='ocrx_word' id='word_1_407' title='bbox 2403 3869 2536 3922; x_wconf 90' lang='lat' dir='ltr'><strong>octo</strong></span> <span class='ocrx_word' id='word_1_408' title='bbox 2569 3862 2822 3932; x_wconf 87' lang='lat' dir='ltr'><strong>nomina,</strong></span> <span class='ocrx_word' id='word_1_409' title='bbox 2869 3880 2990 3924; x_wconf 88' lang='lat' dir='ltr'><strong>non</strong></span> <span class='ocrx_word' id='word_1_410' title='bbox 3029 3865 3268 3942; x_wconf 87' lang='lat' dir='ltr'><strong>possint</strong></span> 
     </span>
    </p>

    <p class='ocr_par' dir='ltr' id='par_1_12' title="bbox 602 3963 3268 4558">
     <span class='ocr_line' id='line_1_38' title="bbox 606 3963 3268 4045; baseline 0.001 -20"><span class='ocrx_word' id='word_1_411' title='bbox 606 3974 658 4018; x_wconf 76' lang='lat'><strong>³⁵</strong></span> <span class='ocrx_word' id='word_1_412' title='bbox 686 3963 967 4025; x_wconf 87' lang='lat' dir='ltr'><strong>exhiberi.</strong></span> <span class='ocrx_word' id='word_1_413' title='bbox 1054 3965 1192 4024; x_wconf 88' lang='lat' dir='ltr'><strong>item</strong></span> <span class='ocrx_word' id='word_1_414' title='bbox 1238 3981 1309 4025; x_wconf 87' lang='lat' dir='ltr'><strong>ex</strong></span> <span class='ocrx_word' id='word_1_415' title='bbox 1352 3963 1465 4025; x_wconf 87' lang='lat' dir='ltr'><strong>hac</strong></span> <span class='ocrx_word' id='word_1_416' title='bbox 1519 3963 1740 4033; x_wconf 78' lang='lat' dir='ltr'><strong>forma,</strong></span> <span class='ocrx_word' id='word_1_417' title='bbox 1804 3982 1916 4043; x_wconf 87' lang='lat' dir='ltr'><strong>qua</strong></span> <span class='ocrx_word' id='word_1_418' title='bbox 1984 3963 2237 4026; x_wconf 87' lang='lat' dir='ltr'><strong>diximus</strong></span> <span class='ocrx_word' id='word_1_419' title='bbox 2299 3983 2479 4045; x_wconf 88' lang='lat' dir='ltr'><strong>supra</strong></span> <span class='ocrx_word' id='word_1_420' title='bbox 2521 3965 2662 4026; x_wconf 87' lang='lat' dir='ltr'><strong>dicti</strong></span> <span class='ocrx_word' id='word_1_421' title='bbox 2723 3967 2958 4044; x_wconf 87' lang='lat' dir='ltr'><strong>generis</strong></span> <span class='ocrx_word' id='word_1_422' title='bbox 3019 3967 3268 4027; x_wconf 83' lang='lat' dir='ltr'><strong>nomina</strong></span> 
     </span>
     <span class='ocr_line' id='line_1_39' title="bbox 686 4062 3268 4147; baseline 0 -19"><span class='ocrx_word' id='word_1_423' title='bbox 686 4067 1041 4128; x_wconf 82' lang='lat' dir='ltr'><strong>nominativo</strong></span> <span class='ocrx_word' id='word_1_424' title='bbox 1088 4083 1223 4126; x_wconf 88' lang='lat' dir='ltr'><strong>casu</strong></span> <span class='ocrx_word' id='word_1_425' title='bbox 1282 4067 1514 4127; x_wconf 89' lang='lat' dir='ltr'><strong>numeri</strong></span> <span class='ocrx_word' id='word_1_426' title='bbox 1556 4062 1872 4145; x_wconf 81' lang='lat' dir='ltr'><strong>singularis</strong></span> <span class='ocrx_word' id='word_1_427' title='bbox 1912 4068 1970 4127; x_wconf 87' lang='lat' dir='ltr'><strong>ix</strong></span> <span class='ocrx_word' id='word_1_428' title='bbox 2011 4064 2217 4127; x_wconf 83' lang='lat' dir='ltr'><strong>litteris</strong></span> <span class='ocrx_word' id='word_1_429' title='bbox 2269 4067 2530 4138; x_wconf 81' lang='lat' dir='ltr'><strong>definiri,</strong></span> <span class='ocrx_word' id='word_1_430' title='bbox 2587 4067 2700 4128; x_wconf 87' lang='grc'><strong>1133</strong></span> <span class='ocrx_word' id='word_1_431' title='bbox 2743 4085 3054 4130; x_wconf 88' lang='lat' dir='ltr'><strong>monemus</strong></span> <span class='ocrx_word' id='word_1_432' title='bbox 3099 4067 3268 4147; x_wconf 88' lang='lat' dir='ltr'><strong>quod</strong></span> 
     </span>
     <span class='ocr_line' id='line_1_40' title="bbox 688 4167 3266 4254; baseline -0 -23"><span class='ocrx_word' id='word_1_433' title='bbox 688 4169 823 4249; x_wconf 88' lang='grc'><strong>11133</strong></span> <span class='ocrx_word' id='word_1_434' title='bbox 866 4187 1043 4250; x_wconf 88' lang='lat' dir='ltr'><strong>quam</strong></span> <span class='ocrx_word' id='word_1_435' title='bbox 1084 4167 1237 4230; x_wconf 84' lang='lat' dir='ltr'><strong>xvn</strong></span> <span class='ocrx_word' id='word_1_436' title='bbox 1280 4169 1428 4238; x_wconf 84' lang='lat' dir='ltr'><strong>soni,</strong></span> <span class='ocrx_word' id='word_1_437' title='bbox 1472 4169 1587 4230; x_wconf 88' lang='lat' dir='ltr'><strong>hoc</strong></span> <span class='ocrx_word' id='word_1_438' title='bbox 1637 4177 1728 4230; x_wconf 89' lang='lat' dir='ltr'><strong>est</strong></span> <span class='ocrx_word' id='word_1_439' title='bbox 1771 4185 1944 4248; x_wconf 88' lang='lat' dir='ltr'><strong>quam</strong></span> <span class='ocrx_word' id='word_1_440' title='bbox 1990 4168 2141 4230; x_wconf 89' lang='lat' dir='ltr'>XVII</span> <span class='ocrx_word' id='word_1_441' title='bbox 2186 4172 2440 4240; x_wconf 90' lang='lat' dir='ltr'><strong>nomina,</strong></span> <span class='ocrx_word' id='word_1_442' title='bbox 2485 4187 2604 4230; x_wconf 89' lang='lat' dir='ltr'><strong>non</strong></span> <span class='ocrx_word' id='word_1_443' title='bbox 2643 4173 2870 4250; x_wconf 89' lang='lat' dir='ltr'><strong>possint</strong></span> <span class='ocrx_word' id='word_1_444' title='bbox 2912 4169 3200 4233; x_wconf 86' lang='lat' dir='ltr'><strong>exhiberi.</strong></span> <span class='ocrx_word' id='word_1_445' title='bbox 3255 4167 3266 4254; x_wconf 84' lang='grc' dir='ltr'>Ι</span> 
     </span>
     <span class='ocr_line' id='line_1_41' title="bbox 686 4271 3266 4352; baseline 0.001 -20"><span class='ocrx_word' id='word_1_446' title='bbox 686 4273 827 4334; x_wconf 89' lang='lat' dir='ltr'><strong>item</strong></span> <span class='ocrx_word' id='word_1_447' title='bbox 874 4290 945 4333; x_wconf 83' lang='lat' dir='ltr'><strong>ex</strong></span> <span class='ocrx_word' id='word_1_448' title='bbox 988 4271 1100 4332; x_wconf 90' lang='grc'><strong>1133</strong></span> <span class='ocrx_word' id='word_1_449' title='bbox 1135 4271 1354 4341; x_wconf 77' lang='lat' dir='ltr'><strong>forma,</strong></span> <span class='ocrx_word' id='word_1_450' title='bbox 1400 4288 1515 4349; x_wconf 84' lang='lat' dir='ltr'><strong>qua</strong></span> <span class='ocrx_word' id='word_1_451' title='bbox 1559 4272 1809 4333; x_wconf 89' lang='lat' dir='ltr'><strong>diximus</strong></span> <span class='ocrx_word' id='word_1_452' title='bbox 1851 4289 2028 4349; x_wconf 87' lang='lat' dir='ltr'><strong>supra</strong></span> <span class='ocrx_word' id='word_1_453' title='bbox 2075 4273 2279 4351; x_wconf 82' lang='lat' dir='ltr'><strong>scripti</strong></span> <span class='ocrx_word' id='word_1_454' title='bbox 2329 4273 2564 4352; x_wconf 86' lang='lat' dir='ltr'><strong>generis</strong></span> <span class='ocrx_word' id='word_1_455' title='bbox 2620 4274 2855 4334; x_wconf 86' lang='lat' dir='ltr'><strong>nomina</strong></span> <span class='ocrx_word' id='word_1_456' title='bbox 2901 4275 3266 4334; x_wconf 74' lang='lat' dir='ltr'><strong>nominativo</strong></span> 
     </span>
     <span class='ocr_line' id='line_1_42' title="bbox 686 4372 3266 4456; baseline 0 -20"><span class='ocrx_word' id='word_1_457' title='bbox 686 4393 825 4436; x_wconf 88' lang='lat' dir='ltr'><strong>casu</strong></span> <span class='ocrx_word' id='word_1_458' title='bbox 868 4375 1099 4436; x_wconf 89' lang='lat' dir='ltr'><strong>numeri</strong></span> <span class='ocrx_word' id='word_1_459' title='bbox 1148 4372 1463 4452; x_wconf 87' lang='lat' dir='ltr'><strong>singularis</strong></span> <span class='ocrx_word' id='word_1_460' title='bbox 1502 4391 1573 4434; x_wconf 86' lang='lat' dir='ltr'><strong>ox</strong></span> <span class='ocrx_word' id='word_1_461' title='bbox 1618 4373 1829 4435; x_wconf 87' lang='lat' dir='ltr'><strong>litteris</strong></span> <span class='ocrx_word' id='word_1_462' title='bbox 1873 4374 2131 4444; x_wconf 84' lang='lat' dir='ltr'><strong>definiri,</strong></span> <span class='ocrx_word' id='word_1_463' title='bbox 2189 4374 2304 4435; x_wconf 88' lang='lat' dir='ltr'><strong>hoc</strong></span> <span class='ocrx_word' id='word_1_464' title='bbox 2339 4391 2648 4437; x_wconf 88' lang='lat' dir='ltr'><strong>monemus</strong></span> <span class='ocrx_word' id='word_1_465' title='bbox 2699 4376 2860 4455; x_wconf 85' lang='lat' dir='ltr'><strong>quod</strong></span> <span class='ocrx_word' id='word_1_466' title='bbox 2909 4374 3042 4455; x_wconf 86' lang='lat' dir='ltr'><strong>plus</strong></span> <span class='ocrx_word' id='word_1_467' title='bbox 3081 4394 3266 4456; x_wconf 88' lang='lat' dir='ltr'><strong>quam</strong></span> 
     </span>
     <span class='ocr_line' id='line_1_43' title="bbox 602 4476 3264 4558; baseline 0.001 -21"><span class='ocrx_word' id='word_1_468' title='bbox 602 4486 654 4528; x_wconf 77' lang='lat'><strong>⁴0</strong></span> <span class='ocrx_word' id='word_1_469' title='bbox 683 4495 891 4538; x_wconf 81' lang='lat' dir='ltr'><strong>novem</strong></span> <span class='ocrx_word' id='word_1_470' title='bbox 932 4478 1081 4546; x_wconf 88' lang='lat' dir='ltr'><strong>soni,</strong></span> <span class='ocrx_word' id='word_1_471' title='bbox 1124 4476 1239 4537; x_wconf 92' lang='lat' dir='ltr'><strong>hoc</strong></span> <span class='ocrx_word' id='word_1_472' title='bbox 1282 4485 1370 4538; x_wconf 87' lang='lat' dir='ltr'><strong>est</strong></span> <span class='ocrx_word' id='word_1_473' title='bbox 1413 4494 1587 4555; x_wconf 89' lang='lat' dir='ltr'><strong>quam</strong></span> <span class='ocrx_word' id='word_1_474' title='bbox 1634 4495 1845 4538; x_wconf 80' lang='lat' dir='ltr'><strong>novem</strong></span> <span class='ocrx_word' id='word_1_475' title='bbox 1889 4477 2145 4546; x_wconf 87' lang='lat' dir='ltr'><strong>nomina,</strong></span> <span class='ocrx_word' id='word_1_476' title='bbox 2191 4494 2311 4536; x_wconf 88' lang='lat' dir='ltr'><strong>non</strong></span> <span class='ocrx_word' id='word_1_477' title='bbox 2359 4479 2584 4558; x_wconf 88' lang='lat' dir='ltr'><strong>possint</strong></span> <span class='ocrx_word' id='word_1_478' title='bbox 2627 4477 2910 4539; x_wconf 87' lang='lat' dir='ltr'><strong>exhiberi.</strong></span> <span class='ocrx_word' id='word_1_479' title='bbox 3001 4480 3140 4540; x_wconf 89' lang='lat' dir='ltr'><strong>item</strong></span> <span class='ocrx_word' id='word_1_480' title='bbox 3187 4498 3264 4540; x_wconf 86' lang='lat' dir='ltr'><strong>ex</strong></span> 
     </span>
    </p>
   </div>
   <div class='ocr_carea' id='block_1_4' title="bbox 678 4645 3264 4854">
    <p class='ocr_par' dir='ltr' id='par_1_13' title="bbox 678 4645 3264 4854">
     <span class='ocr_line' id='line_1_44' title="bbox 820 4645 3264 4716; baseline 0 -18"><span class='ocrx_word' id='word_1_481' title='bbox 820 4645 881 4698; x_wconf 90' lang='lat'><strong>11</strong></span> <span class='ocrx_word' id='word_1_482' title='bbox 922 4651 1147 4698; x_wconf 82' lang='lat' dir='ltr'><strong>lacunam</strong></span> <span class='ocrx_word' id='word_1_483' title='bbox 1183 4649 1416 4712; x_wconf 77' lang='lat' dir='ltr'><strong>indicavi,</strong></span> <span class='ocrx_word' id='word_1_484' title='bbox 1450 4663 1550 4712; x_wconf 77' lang='lat' dir='ltr'><strong>qna</strong></span> <span class='ocrx_word' id='word_1_485' title='bbox 1586 4663 1649 4716; x_wconf 70' lang='lat' dir='ltr'><strong>ea</strong></span> <span class='ocrx_word' id='word_1_486' title='bbox 1682 4664 1810 4713; x_wconf 83' lang='lat' dir='ltr'><strong>quae</strong></span> <span class='ocrx_word' id='word_1_487' title='bbox 1839 4649 1902 4698; x_wconf 82' lang='lat' dir='ltr'><strong>de</strong></span> <span class='ocrx_word' id='word_1_488' title='bbox 1936 4650 2276 4700; x_wconf 79' lang='lat' dir='ltr'><strong>terminatione</strong></span> <span class='ocrx_word' id='word_1_489' title='bbox 2313 4663 2407 4715; x_wconf 76' lang='lat' dir='ltr'><strong>ops</strong></span> <span class='ocrx_word' id='word_1_490' title='bbox 2444 4650 2581 4700; x_wconf 65' lang='lat' dir='ltr'><strong>dida</strong></span> <span class='ocrx_word' id='word_1_491' title='bbox 2621 4658 2767 4700; x_wconf 79' lang='lat' dir='ltr'><strong>eraut</strong></span> <span class='ocrx_word' id='word_1_492' title='bbox 2803 4651 3060 4700; x_wconf 72' lang='lat' dir='ltr'><strong>excidisse</strong></span> <span class='ocrx_word' id='word_1_493' title='bbox 3093 4650 3264 4702; x_wconf 79' lang='lat' dir='ltr'><strong>vitlen-</strong></span> 
     </span>
     <span class='ocr_line' id='line_1_45' title="bbox 678 4715 3264 4786; baseline 0.002 -18"><span class='ocrx_word' id='word_1_494' title='bbox 678 4725 776 4768; x_wconf 79' lang='lat' dir='ltr'><strong>lnr.</strong></span> <span class='ocrx_word' id='word_1_495' title='bbox 951 4715 1017 4768; x_wconf 84' lang='lat'><strong>37</strong></span> <span class='ocrx_word' id='word_1_496' title='bbox 1052 4731 1201 4781; x_wconf 79' lang='lat' dir='ltr'><strong>quam</strong></span> <span class='ocrx_word' id='word_1_497' title='bbox 1238 4733 1345 4768; x_wconf 86' lang='lat' dir='ltr'><strong>xvn</strong></span> <span class='ocrx_word' id='word_1_498' title='bbox 1384 4719 1497 4767; x_wconf 88' lang='lat' dir='ltr'><strong>soni</strong></span> <span class='ocrx_word' id='word_1_499' title='bbox 1548 4717 1644 4768; x_wconf 87' lang='lat' dir='ltr'><strong>hoc</strong></span> <span class='ocrx_word' id='word_1_500' title='bbox 1680 4727 1760 4768; x_wconf 83' lang='lat' dir='ltr'><strong>est</strong></span> <span class='ocrx_word' id='word_1_501' title='bbox 1792 4733 1942 4783; x_wconf 79' lang='lat' dir='ltr'><strong>quam</strong></span> <span class='ocrx_word' id='word_1_502' title='bbox 1977 4734 2088 4768; x_wconf 76' lang='lat' dir='ltr'><strong>xvii</strong></span> <span class='ocrx_word' id='word_1_503' title='bbox 2125 4720 2334 4769; x_wconf 78' lang='lat' dir='ltr'><strong>nomina</strong></span> <span class='ocrx_word' id='word_1_504' title='bbox 2370 4736 2400 4768; x_wconf 87' lang='lat' dir='ltr'><strong>r</strong></span> <span class='ocrx_word' id='word_1_505' title='bbox 2445 4735 2597 4783; x_wconf 82' lang='lat' dir='ltr'><strong>quam</strong></span> <span class='ocrx_word' id='word_1_506' title='bbox 2649 4729 2843 4786; x_wconf 81' lang='lat' dir='ltr'><strong>septem</strong></span> <span class='ocrx_word' id='word_1_507' title='bbox 2887 4721 3002 4770; x_wconf 84' lang='lat' dir='ltr'><strong>soni</strong></span> <span class='ocrx_word' id='word_1_508' title='bbox 3050 4720 3149 4770; x_wconf 90' lang='lat' dir='ltr'><strong>hoc</strong></span> <span class='ocrx_word' id='word_1_509' title='bbox 3183 4729 3264 4772; x_wconf 75' lang='lat' dir='ltr'><strong>est</strong></span> 
     </span>
     <span class='ocr_line' id='line_1_46' title="bbox 680 4787 1939 4854; baseline 0.002 -18"><span class='ocrx_word' id='word_1_510' title='bbox 680 4803 829 4854; x_wconf 82' lang='lat' dir='ltr'><strong>qnam</strong></span> <span class='ocrx_word' id='word_1_511' title='bbox 862 4795 1055 4853; x_wconf 85' lang='lat' dir='ltr'><strong>septem</strong></span> <span class='ocrx_word' id='word_1_512' title='bbox 1087 4788 1293 4836; x_wconf 81' lang='lat' dir='ltr'><strong>nomina</strong></span> <span class='ocrx_word' id='word_1_513' title='bbox 1326 4787 1371 4837; x_wconf 79' lang='lat' dir='ltr'><em>R</em></span> <span class='ocrx_word' id='word_1_514' title='bbox 1409 4803 1559 4852; x_wconf 78' lang='lat' dir='ltr'><strong>quam</strong></span> <span class='ocrx_word' id='word_1_515' title='bbox 1597 4802 1706 4838; x_wconf 84' lang='lat' dir='ltr'><strong>xvu</strong></span> <span class='ocrx_word' id='word_1_516' title='bbox 1739 4791 1853 4839; x_wconf 86' lang='lat' dir='ltr'><strong>soni</strong></span> <span class='ocrx_word' id='word_1_517' title='bbox 1887 4789 1939 4840; x_wconf 90' lang='lat' dir='ltr'><em>B</em></span> 
     </span>
    </p>
   </div>
  </div>
 </body>
</html>
