3434 5442
637 322 754 385 180
1812 320 2044 385 raom

732 452 777 491 p.
808 438 986 481 ata—¹5
1015 438 1069 480 R.
2794 453 2840 494 p.
2868 438 2965 482 41⁹.
2984 440 3039 481 20
3068 439 3127 482 V.

585 526 598 539 ·
629 509 985 589 deponentia
1023 517 1082 569 et
1109 510 1442 571 communia
1473 509 1716 571 modum
1766 510 2203 589 inpersonalem
2248 518 2309 571 et
2342 511 2593 589 gerundi
2622 528 2733 573 nec
2763 529 2881 572 non
2914 520 2977 571 et
3006 530 3231 571 nomen

632 610 721 672 vel
783 612 1268 691 appellationem,
1337 615 1422 673 sic
1463 614 1549 674 uti
1613 620 1672 674 et
1736 614 1995 693 passiva,
2064 611 2137 672 ad
2194 612 2445 674 sormam
2512 615 2759 675 activam
2823 612 3233 694 repeiriantur

627 712 942 774 declinare.

795 816 1086 876 Futurum
1131 824 1368 895 tempus
1431 815 1592 877 modi
1635 816 1930 877 indicativi
1974 819 2094 877 sive
2139 818 2525 896 promissivus
2582 817 2793 879 modus
2850 816 3093 877 duabus
3138 816 3231 877 bis

571 942 596 984 a
625 918 832 978 formis
877 919 1258 987 terminatur,
1316 937 1410 977 am
1456 924 1516 979 et
1555 917 1651 978 bo.
1740 917 1843 979 sed
1890 936 1921 978 a
1966 920 2159 995 prima
2218 920 2637 995 coniugatione
2696 927 2755 979 et
2808 920 3073 979 secunda
3136 918 3227 978 vel

625 1022 798 1081 tertia
844 1020 1162 1098 producta,
1225 1038 1374 1099 quae
1417 1019 1731 1080 indicativo
1778 1020 1953 1080 modo
2005 1022 2291 1098 temporis
2330 1022 2663 1099 praesentis
2714 1039 2787 1081 ex
2846 1021 3041 1099 prima
3090 1038 3229 1097 per·

624 1141 768 1182 sona
826 1123 1061 1183 numeri
1106 1121 1420 1199 singularis
1465 1140 1538 1181 eo
1579 1121 1790 1182 litteris
1835 1122 2141 1191 desinitur,
2200 1123 2260 1182 in
2305 1120 2384 1182 bo
2430 1121 2710 1202 syllabam
2758 1124 2907 1191 exit,
2974 1131 3044 1183 ut
3080 1130 3229 1199 puta

624 1242 786 1284 amas
829 1224 1070 1294 amabo,
1117 1224 1296 1285 doces
1340 1224 1600 1295 docebo,
1649 1226 1773 1285 exis
1810 1223 2015 1293 exibo;
2084 1243 2118 1285 a
2164 1226 2334 1285 tertia
2376 1232 2653 1302 correpta
2690 1226 2747 1284 in
2794 1242 2919 1293 am,
2972 1232 3037 1283 ut
3078 1232 3229 1303 puta

622 1326 834 1387 scribis
887 1326 1178 1396 scribam;
1249 1346 1281 1386 a
1327 1326 1498 1387 tertia
1553 1344 1696 1386 vero
1748 1325 2071 1403 producta,
2133 1346 2287 1407 quae
2338 1325 2652 1387 indicativo
2702 1325 2881 1387 modo
2932 1326 3227 1404 temporis

547 1452 596 1493 10
622 1430 951 1507 praesentis
995 1448 1067 1488 ex
1109 1430 1300 1506 prima
1343 1446 1600 1507 persona
1635 1430 1871 1489 numeri
1900 1427 2213 1506 singularis
2252 1428 2310 1487 io
2348 1426 2558 1489 litteris
2600 1428 2901 1497 definitur,
2950 1446 3027 1489 ex
3060 1436 3225 1489 utra-

622 1549 740 1610 que
787 1530 979 1590 forma
1021 1528 1372 1599 declinatur,
1419 1537 1484 1589 ut
1524 1538 1668 1608 puta
1709 1530 1903 1591 nutris
1947 1532 2203 1591 nutriam
2247 1539 2307 1591 et
2341 1529 2603 1591 nutribo.
2674 1530 2939 1591 futurum
2986 1538 3225 1608 tempus

513 1670 520 1679 ·
621 1631 781 1691 modi
824 1629 1223 1711 inpersonalis
1285 1631 1516 1692 duabus
1556 1632 1763 1693 formis
1807 1632 2187 1701 terminatur,
2249 1640 2383 1693 etur
2430 1639 2489 1693 et
2529 1632 2709 1693 bitur.
2796 1632 2905 1693 sed
2950 1652 2983 1691 a
3028 1633 3223 1709 prima

624 1735 1038 1809 coniugatione
1083 1742 1140 1793 et
1186 1732 1446 1795 secunda
1483 1733 1574 1794 vel
1607 1736 1775 1795 tertia
1818 1734 2132 1813 producta,
2178 1752 2328 1812 quae
2372 1734 2681 1795 indicativo
2712 1734 2890 1794 modo
2932 1734 3227 1810 temporis

621 1837 949 1913 praesentis
1009 1854 1080 1896 ex
1123 1836 1310 1915 prima
1359 1854 1614 1913 persona
1669 1838 1905 1896 numeri
1948 1836 2267 1914 singularis
2310 1854 2383 1896 eo
2433 1836 2644 1897 litteris
2688 1836 2999 1903 definitur,
3058 1834 3225 1895 bitur

545 1962 593 2001 ιε,
623 1935 860 2016 syllabis
899 1936 1289 2005 concluditur,
1337 1946 1402 1998 ut
1443 1946 1583 2016 puta
1625 1956 1787 1999 amas
1818 1938 2127 2010 amabitur,
2174 1939 2352 2000 doces
2388 1937 2716 2007 docebitur,
2760 1939 2888 1999 exis
2926 1936 3221 2005 exibitur;

621 2058 654 2100 a
700 2041 876 2100 tertia
927 2046 1198 2118 correpta
1247 2047 1378 2100 etur
1423 2038 1636 2100 litteris
1675 2039 1973 2109 definitur,
2020 2049 2086 2101 ut
2126 2048 2271 2120 puta
2326 2038 2539 2101 scribis
2580 2038 2909 2107 scribetur;
2966 2058 3003 2099 a
3044 2038 3225 2099 tertia

618 2158 759 2201 vero
805 2140 1112 2219 producta,
1160 2159 1312 2219 quae
1349 2140 1662 2202 indicativo
1697 2141 1877 2202 modo
1922 2144 2207 2221 temporis
2246 2144 2578 2222 praesentis
2622 2160 2696 2202 ex
2732 2143 2929 2220 prima
2957 2158 3223 2219 persona

618 2245 855 2305 numeri
899 2242 1216 2319 singularis
1253 2245 1308 2302 io
1342 2243 1552 2304 litteris
1595 2242 1891 2313 definitur,
1942 2262 2015 2305 ex
2049 2252 2299 2324 utraque
2343 2245 2531 2305 forma
2571 2242 2920 2315 declinatur,
2966 2250 3036 2303 ut
3076 2250 3225 2320 puta

619 2347 812 2406 nutris
857 2346 1154 2405 nutrietur
1201 2352 1261 2405 et
1303 2344 1644 2406 nutribitur.
2828 2328 2835 2333 ⁷

541 2471 596 2511 2⁰
787 2446 1225 2525 Appellationes
1269 2446 1588 2508 verborum
1635 2446 1865 2508 duabus
1907 2448 1999 2508 his
2030 2450 2239 2510 formis
2278 2448 2657 2517 definiuntur,
2704 2466 2737 2508 a
2776 2456 2837 2508 et
2870 2465 2927 2515 o,
2970 2454 3039 2509 ut
3074 2456 3221 2527 puta

618 2546 792 2608 lectio
836 2550 1151 2628 scriptura.
1243 2567 1401 2609 nunc
1449 2548 1685 2628 quando
1741 2549 1855 2611 hae
1898 2550 2320 2629 appellationes
2364 2552 2423 2611 in
2470 2568 2507 2610 o
2558 2558 2619 2611 et
2662 2549 2897 2629 quando
2937 2551 2999 2610 in
3044 2569 3079 2611 a
3122 2550 3219 2610 lit·

617 2657 806 2711 teram
851 2658 1088 2720 exeunt,
1135 2651 1251 2711 hoc
1294 2653 1353 2710 in
1399 2653 1559 2711 sonis
1605 2660 1995 2729 conpetenter
2039 2652 2444 2714 tractabimus,
2474 2648 2504 2735 1}

787 2754 831 2813 Α
865 2752 1184 2831 deponenti
1225 2750 1410 2813 verbo
1454 2760 1726 2829 tempora
1766 2756 2213 2833 participiorum
2255 2756 2576 2816 trahuntur
2622 2756 2735 2815 tria
2778 2762 2839 2815 et
2870 2754 2964 2815 bis
3008 2755 3221 2815 formis

618 2856 998 2925 definiuntur,
1047 2862 1111 2915 ut
1151 2862 1296 2934 puta
1341 2872 1624 2933 praesens
1663 2853 1914 2925 luctanS,
1962 2858 2347 2934 praeteritum
2392 2855 2663 2925 luctatus,
2712 2857 2981 2917 futurum
3024 2854 3217 2917 lucta-

540 2981 592 3021 25
621 2966 806 3018 turus,
897 2976 930 3017 a
975 2958 1276 3017 communi
1319 2955 1500 3017 verbo
1547 2964 1817 3035 tempora
1861 2960 2308 3036 participiorum
2350 2958 2667 3019 trahuntur
2706 2960 2817 3019 tria
2856 2966 2919 3019 et
2960 2958 3059 3019 his
3090 2958 3215 3017 for·

616 3062 728 3120 mis
775 3060 1154 3127 definiuntur,
1204 3068 1272 3120 ut
1307 3068 1450 3138 puta
1485 3075 1769 3137 praesens
1818 3059 2109 3131 osculanS,
2154 3062 2541 3137 praeteritum
2580 3058 2897 3129 osculatus,
2942 3061 3215 3121 futurum

617 3162 988 3223 osculaturus
1033 3169 1094 3221 et
1137 3160 1511 3221 osculanduS.
3124 3161 3129 3165 '

788 3265 942 3325 Sane
987 3264 1104 3324 hoc
1145 3282 1474 3334 monemus»,
1521 3263 1679 3343 quod
1720 3262 2015 3325 secundae
2058 3269 2117 3323 et
2156 3264 2463 3325 tertiarum
2506 3265 2987 3342 coniugationum
3032 3263 3217 3325 verba

617 3384 726 3445 per
767 3368 997 3443 species
1041 3367 1338 3443 perfectas
1373 3372 1433 3425 et
1475 3382 1605 3435 res,
1668 3385 1817 3446 quas
1864 3374 2083 3443 regunt
2124 3368 2355 3445 species
2400 3367 2733 3445 perfectae,
2790 3367 2965 3427 variis
3004 3364 3219 3427 formis

538 3490 590 3531 30
618 3469 989 3537 definiantur,
1035 3467 1152 3527 hoc
1197 3476 1286 3527 est
1325 3475 1392 3527 ut
1433 3468 1494 3527 in
1539 3467 1727 3527 isdem
1770 3467 2085 3545 speciebus
2124 3464 2213 3527 vel
2253 3467 2468 3546 quibus
2506 3468 2689 3529 rebus
2732 3475 3026 3544 reguntur
3076 3487 3214 3528 eae-

617 3570 752 3629 dem
795 3572 1024 3647 species
1069 3568 1416 3629 catholicam
1457 3568 1822 3647 disciplinam
1868 3571 2127 3631 retinere
2172 3588 2291 3629 non
2334 3572 2731 3649 reperiantur,
2780 3578 2839 3631 et
2878 3571 3017 3632 ideo
3060 3590 3215 3650 quae

615 3689 714 3730 res
765 3689 944 3750 quam
991 3688 1120 3731 rem
1174 3676 1342 3748 regat
1397 3669 1487 3730 vel
1539 3688 1654 3749 qua
1697 3680 1944 3749 regatur
1996 3670 2337 3733 subicimus,
2426 3673 2639 3733 modus
2681 3672 3033 3733 indicativus
3090 3674 3219 3733 sive

615 3773 1089 3851 pronuntiativus
1143 3773 1426 3849 temporis
1468 3774 1803 3850 praesentis
1852 3774 1975 3833 sive
2028 3775 2299 3834 instantis
2350 3782 2412 3835 et
2450 3774 2638 3835 futuri
2691 3773 2779 3833 vel
2826 3776 3217 3853 promissivus

615 3873 830 3935 modus
886 3884 945 3935 et
990 3874 1202 3936 modus
1255 3875 1634 3953 imperativus
1692 3873 2005 3937 cuiuslibet
2060 3878 2347 3955 temporis
2401 3885 2461 3936 et
2512 3875 2725 3937 modus
2778 3876 3043 3938 infinitus
3090 3878 3217 3937 sive

539 3998 589 4038 35
617 3984 940 4055 perpetuus
981 3977 1308 4055 praesentis
1351 3978 1636 4058 temporis
1679 3978 1801 4038 sive
1843 3978 2110 4037 instantis
2176 3985 2237 4038 et
2278 3977 2491 4038 modus
2536 3978 2825 4057 optativus
2880 3982 3217 4056 praesentis

615 4081 900 4157 temporis
943 4082 1066 4139 sive
1095 4081 1364 4141 instantis
1403 4087 1462 4139 et
1505 4080 1687 4140 futuri
1734 4088 1794 4139 et
1834 4079 2046 4139 modus
2090 4080 2496 4141 coniunctivus
2534 4078 2656 4140 sive
2697 4080 2995 4141 iunctivus
3038 4098 3215 4159 prae-

615 4182 796 4241 sentis
845 4183 1130 4259 temporis
1185 4182 1305 4240 sive
1355 4182 1624 4241 instantis
1679 4188 1741 4241 et
1794 4180 2007 4241 modus
2058 4181 2451 4261 inpersonalis
2508 4184 2837 4261 praesentis
2873 4179 2883 4266 Ι
2922 4186 3217 4262 temporis

615 4284 734 4343 sive
775 4284 1044 4344 instantis
1089 4290 1148 4343 et
1191 4282 1374 4343 futuri
1419 4290 1478 4343 et
1511 4283 1765 4360 gerundi
1807 4284 1950 4351 tria,
2010 4300 2163 4362 quae
2218 4292 2357 4344 sunt
2400 4286 2739 4363 superiora,
2798 4293 2859 4345 et
2900 4285 3213 4363 participia

754 4454 787 4503 4
825 4453 1050 4503 futurum
1087 4450 1313 4518 tempus]
1354 4452 1575 4516 Pompei.
1601 4468 1660 4515 p.
1702 4454 1824 4503 ⁸291.
1858 4452 1965 4503 419
2000 4454 2145 4504 Serv.
2185 4455 2236 4503 in
2272 4456 2402 4505 Don.
2434 4470 2489 4517 p.
2536 4453 2672 4505 1790
2810 4454 2843 4505 5
2881 4470 2963 4505 am
2999 4471 3060 4503 νυ
3098 4470 3211 4503 eam

613 4523 662 4573 R
785 4522 816 4571 7
856 4526 962 4573 exit
993 4540 1022 4573 υ
1059 4532 1246 4571 exeunt
1283 4522 1382 4571 RB
1507 4520 1572 4572 10
1609 4524 1656 4571 io
1697 4522 1865 4572 littera
1900 4522 1951 4571 B
1987 4538 2047 4573 eo
2078 4524 2260 4573 litteris
2297 4526 2344 4575 R
2454 4524 2515 4574 11
2556 4523 2840 4574 declinatur
2876 4543 2905 4575 υ
2940 4524 3215 4574 declinan-

613 4605 696 4642 tur
724 4590 822 4641 RB
966 4592 1028 4644 15
1061 4592 1444 4643 concluditurR
1481 4592 1856 4641 concluduntur
1886 4592 1970 4642 Br
2108 4593 2177 4643 20
2210 4608 2242 4643 a
2272 4604 2321 4643 et
2356 4610 2385 4643 o
2421 4600 2477 4643 ut
2514 4605 2642 4659 puta
2668 4594 2823 4643 lectio
2858 4594 3121 4659 scripum
3156 4596 3207 4645 R

617 4678 647 4711 a
683 4670 732 4710 et
767 4676 824 4710 or
855 4670 908 4710 ut
941 4673 1066 4728 puta
1101 4662 1292 4711 lectura
1329 4664 1550 4727 scriptor
1585 4662 1636 4711 B
1777 4663 1841 4713 21
1884 4664 1935 4711 in
1976 4676 2005 4710 ο
2044 4663 2089 4713 R
2126 4664 2177 4711 in
2210 4678 2267 4712 or
2298 4663 2351 4713 B
2486 4666 2553 4713 22
2592 4664 2921 4715 tractabimus
2958 4680 2989 4711 r
3024 4674 3215 4715 tracta-

615 4728 786 4781 uimus
817 4731 916 4782 RB
1054 4734 1124 4783 24
1159 4732 1440 4782 luctaturus
1476 4730 1522 4781 R
1575 4730 1849 4782 lactandus
1882 4733 1933 4783 B
2107 4732 2173 4783 32
2208 4734 2291 4783 uel
2330 4748 2433 4797 qua.
2464 4744 2675 4801 regatur
2700 4750 2731 4782 n
2764 4734 2846 4783 uel
2886 4750 3019 4797 quae
3058 4748 3215 4801 rega—

612 4811 696 4851 tur
729 4802 777 4852 R
917 4802 986 4855 33
1020 4800 1267 4866 temporis
1300 4801 1586 4866 praesentis
1617 4803 1727 4851 sive
1764 4801 2002 4852 instantis
2038 4818 2130 4853 om.
2168 4802 2233 4866 R,
2272 4804 2394 4854 add.
2435 4818 2492 4854 ro
2632 4813 2681 4854 et
2718 4803 2927 4855 futurus
2956 4804 3060 4856 RB
3120 4808 3125 4812 ’
