3434 5442
711 367 836 428 ‘484
1884 361 2132 424 SERGII

815 481 858 520 p.
889 469 1088 510 1836—38
1113 468 1161 509 P.
2855 482 2900 522 p.
2929 469 3101 512 esc—88
3128 469 3173 512 V.

711 548 826 609 dici
883 548 992 609 sub
1048 547 1285 629 hyphen
1343 546 1704 619 malesanuS‚
1762 547 1915 609 male
1969 549 2100 628 quis
2155 548 2567 627 distinguendo
2612 547 2769 609 dicat
2812 566 3092 626 separans
3129 549 3252 611 male

709 668 918 719 sanus;
976 648 1067 710 vel
1111 651 1542 729 pronuntiatio,
1599 657 1692 720 ut,
1740 668 1875 710 cum
1921 650 2119 711 dicere
2164 648 2485 712 debeamus
2528 649 2815 721 latebras,
2862 649 3110 729 legendo
3148 671 3251 712 ver-

709 769 840 812 sum
883 755 1014 833 quis
1058 751 1214 812 dicat

1011 852 1396 934 inpulerat
1440 853 1645 914 ferro
1687 852 2083 934 Argolicas
2125 854 2441 915 foedare
2483 852 2823 917 latebras

657 970 687 1009 ⁵<
711 963 880 1016 acute
935 955 1300 1034 producens3
1357 954 1450 1015 vel
1505 957 1825 1017 necessitas
1878 957 2191 1036 separandi
2244 953 2423 1016 verba
2477 955 2723 1026 similia,
2769 964 2861 1026 ut,
2908 973 3045 1017 cum
3086 956 3251 1016 dicere

709 1057 1030 1119 debeamus
1085 1059 1268 1138 pone,
1327 1067 1395 1119 ut
1447 1056 1839 1139 paeneultima
1897 1057 2112 1118 habeat
2166 1064 2505 1130 accentum,
2566 1059 2703 1138 quia
2748 1055 2973 1119 nullum
3020 1058 3251 1120 Latinum

709 1159 956 1221 verbum
1016 1169 1106 1220 est
1159 1162 1220 1220 in
1263 1159 1467 1221 ultima
1511 1157 1729 1239 syllaba
1775 1157 2001 1220 habens
2044 1168 2381 1230 accentum,
2428 1162 2775 1221 necessitate
2822 1159 3013 1230 ducti,
3060 1179 3127 1220 ne
3166 1180 3252 1240 pu·

706 1271 866 1322 tetur
919 1262 1128 1322 modus
1181 1263 1561 1340 imperativus
1617 1261 1692 1322 ab
1742 1280 1813 1322 eo
1868 1261 2023 1341 quod
2070 1271 2159 1324 est
2199 1280 2387 1341 pono,
2434 1261 2699 1323 dicamus
2740 1263 2928 1341 pone,
2975 1271 3039 1324 ut
3079 1262 3251 1322 adrer-

708 1363 870 1425 bium
928 1363 1220 1442 significet
1279 1362 1423 1423 loci:
1487 1362 1575 1423 vel
1631 1362 1901 1424 similiter
1959 1370 2130 1443 ergo,
2189 1371 2256 1424 ut
2306 1362 2683 1443 intellegatur
2725 1383 2837 1444 pro
2880 1383 2953 1426 eo
2997 1364 3143 1445 quod
3182 1374 3253 1426 est

631 1477 684 1518 1⁰
711 1484 916 1536 causa,
974 1473 1038 1526 ut
1090 1467 1154 1526 in
1199 1464 1456 1544 Vergilio
1513 1463 1756 1527 ‘illius
1816 1483 1992 1544 ergo
2053 1467 2437 1536 venimus’‚
2495 1464 2555 1526 id
2602 1473 2693 1527 est
2736 1465 2929 1527 ‘illius
2972 1484 3137 1528 cansa
3176 1485 3251 1527 re·

709 1569 960 1629 nimus’.

875 1669 1124 1750 Hyphen
1183 1677 1272 1730 est
1327 1677 1499 1739 nota,
1556 1688 1707 1749 quae
1764 1667 1879 1730 duo
1938 1669 2115 1732 verba
2165 1670 2355 1749 iungit
2409 1687 2479 1730 ac
2532 1669 2718 1731 nectit
2760 1671 3084 1751 supposita,
3126 1689 3251 1750 quae

709 1772 944 1833 ducitur
1005 1792 1034 1832 a
1093 1772 1503 1850 praecedentis
1548 1771 1713 1832 verbi
1756 1771 1875 1832 fine
1937 1790 2123 1852 usque
2186 1771 2261 1832 ad
2325 1773 2556 1833 initium
2622 1775 2951 1853 sequentis,
3019 1759 3081 1833 ut
3124 1774 3250 1833 inte·

711 1873 1007 1956 reavloci,
1055 1891 1190 1933 cum
1235 1881 1428 1934 tamen
1477 1891 1614 1934 usus
1660 1873 1942 1951 exegerit.
2006 1871 2019 1955 Ι
2076 1872 2323 1934 diastole
2368 1883 2459 1935 est
2502 1881 2639 1935 nota
2684 1876 2980 1936 contraria
3026 1875 3249 1955 hyphen.

633 1988 684 2030 1⁵
713 1977 823 2038 hac
868 1978 1026 2037 enim
1061 1976 1262 2036 vitiose
1293 1977 1606 2037 coniuncta
1637 1992 2000 2054 separamus,
2034 1983 2092 2035 et
2134 1981 2376 2055 ponitur
2418 1975 2490 2036 ad
2536 1977 2714 2036 imam
2760 1987 2989 2056 partem
3034 1975 3247 2047 litterae,

704 2081 870 2160 quasi
915 2080 1206 2147 retinenS,
1265 2086 1331 2138 ut
1373 2076 1759 2160 ‘ereptae,
1816 2078 2138 2157 virginis
2180 2078 2323 2138 ira'
2372 2085 2431 2137 et
2476 2077 2899 2158 ‘viridique
2941 2081 3012 2138 in
3056 2078 3249 2139 litore
3354 2115 3356 2152 ς

704 2182 1202 2274 οοηερίοἰιιιι)
1251 2183 1432 2240 sus'.
1532 2180 1927 2260 apostrophus
1981 2187 2071 2240 est
2122 2185 2257 2240 nota
2299 2173 2326 2262 ΙΙ
2368 2177 2635 2241 similiter
2690 2179 2845 2240 sacta
2901 2193 2967 2241 ut
3018 2179 3247 2248 diastole,
3355 2205 3356 2208 ¹

703 2284 808 2345 sed
864 2283 937 2345 ad
993 2301 1286 2344 summam
1341 2289 1571 2362 partem
1627 2279 1862 2343 litterae
1916 2282 2137 2361 posita,
2192 2278 2419 2340 scilicet
2472 2283 2879 2352 consonantiS,
2925 2299 3069 2362 quae
3107 2283 3249 2362 quasi
3355 2325 3356 2328 η

703 2385 812 2446 sub
859 2385 1045 2447 vocali
1088 2394 1250 2446 motu
1297 2382 1481 2446 velata
1523 2383 1923 2461 suspenditur.
2012 2384 2166 2443 scire
2210 2383 2386 2443 etiam
2432 2381 2719 2446 debemus
2761 2384 3111 2445 Graecorum
3152 2381 3247 2443 δα·
3354 2419 3356 2456 ;

625 2497 678 2538 ²0
705 2495 896 2548 σεῖαν
939 2495 999 2548 et
1041 2481 1249 2566 ψιλήν
1293 2485 1334 2548 l·
1359 2485 1400 2548 -Ι
1445 2495 1644 2548 notam
1689 2485 2106 2566 adspirationis
2146 2483 2324 2544 modo
2367 2485 2619 2565 positam
2651 2485 2827 2547 modo
2872 2484 3143 2547 sublatam
3182 2487 3247 2544 si·

705 2587 951 2650 mulare.
3354 2581 3356 2606 ¹

1646 2741 1744 2803 DE
1787 2739 2266 2803 DISTlNCTlON
2270 2738 2333 2800 E.

872 2879 1034 2940 Dicta
1092 2878 1386 2940 distinctio
1444 2887 1534 2940 est
1589 2875 1677 2938 vel
1734 2878 2027 2955 positura,
2095 2875 2253 2957 quod
2316 2877 2572 2956 positum
2635 2886 2921 2955 punctum
2978 2879 3245 2956 distinguit
3355 2937 3356 2940 ,

702 2989 966 3042 nostram
1011 2982 1368 3047 orationem,
1415 2987 1475 3041 et
1519 2999 1651 3041 cum
1697 2979 1995 3041 distinctio
2038 2979 2266 3058 species
2308 2979 2385 3040 sit
2426 2979 2758 3058 positurae,
2804 2987 2999 3042 tamen
3042 2978 3242 3040 abusive

623 3111 675 3152 25
702 3101 813 3164 pro
856 3085 985 3164 ipsa
1028 3085 1320 3164 positura,
1367 3084 1481 3143 hoc
1527 3090 1614 3143 est
1657 3099 1767 3161 pro
1811 3082 1941 3160 ipso
1986 3098 2233 3160 genere,
2277 3082 2599 3161 accipimus
2640 3081 3089 3144 distinctionem.
3130 3100 3239 3141 nam

701 3203 836 3246 cum
885 3186 960 3246 sit
1005 3184 1191 3246 codex
1237 3184 1591 3246 emendatus
1634 3183 2041 3254 distinctione,
2088 3181 2279 3244 media
2322 3183 2725 3255 distinctione,
2772 3182 3235 3250 subdistinctione,

699 3288 915 3350 dicitur
963 3296 1158 3349 tamen
1205 3287 1390 3348 codex
1436 3284 1596 3348 esse‘
1609 3285 1938 3346 distinctus
2028 3291 2119 3345 est
2159 3284 2335 3364 igitur
2379 3285 2679 3348 distinctio
2719 3295 3002 3365 punctum
3042 3285 3235 3365 adposi-

698 3398 822 3452 tum
869 3389 941 3452 ad
987 3396 1163 3468 caput
1206 3388 1436 3450 litterae
1478 3388 1690 3467 plenae
1745 3386 2090 3448 sententiae.
2180 3385 2587 3448 subdistinctio
2644 3397 2731 3448 est
2784 3397 3065 3469 punctum
3098 3388 3123 3471 fl
3157 3387 3233 3447 ad-

699 3494 954 3572 positum
999 3491 1072 3552 ad
1115 3493 1294 3552 imam
1337 3499 1565 3571 partem
1610 3487 1971 3569 semiplenae
2032 3489 2333 3550 orationis.
2420 3489 2613 3551 media
2656 3489 2955 3552 distinctio
2996 3499 3083 3552 est
3116 3507 3233 3570 pun·

623 3615 678 3656 ao
705 3601 864 3655 ctum
910 3593 1242 3673 adpositum
1289 3592 1519 3654 mediae
1563 3592 1889 3654 sententiae
1934 3607 2255 3670 suspensae
2298 3599 2541 3669 propter
2568 3593 3039 3673 respirationem.
3080 3593 3233 3653 scien·

702 3695 841 3757 dum
889 3703 980 3756 est
1031 3702 1226 3756 autem
1283 3695 1440 3774 quod
1484 3696 1546 3754 in
1590 3694 1844 3756 lectione
1887 3700 2082 3754 textus
2127 3693 2300 3754 unius
2344 3710 2554 3754 sensus
2595 3694 2879 3774 periodus
2923 3696 3231 3758 nominatur.

699 3805 766 3858 ut
807 3804 898 3858 est
940 3794 1274 3858 ‘nihilne
1321 3804 1388 3857 te
1435 3804 1877 3856 nocturnum
1921 3795 2389 3874 praesidium
2430 3791 2785 3878 1Pa1atii,
2833 3796 3024 3858 nihil
3065 3795 3235 3858 urhis

699 3898 1034 3978 vigiliae,
1082 3898 1277 3959 nihil
1323 3899 1544 3959 timor
1586 3895 1883 3978 populi,
1942 3895 2138 3957 nihil
2182 3897 2505 3958 omnium
2550 3896 2913 3962 bonorum
2956 3916 3235 3960 concur·

840 4091 872 4137 4
913 4083 1203 4153 impulerat]
1246 4086 1408 4152 Vct-9.
1445 4085 1580 4138 Aen.
1618 4086 1662 4134 ΙΙ
1693 4085 1762 4134 55
1938 4084 1972 4135 9
2007 4093 2064 4135 ιιι
2096 4083 2408 4151 intellegitur
2443 4086 2494 4134 F
2663 4087 2729 4136 10
2762 4087 2811 4135 ἰιι
2849 4083 3094 4154 Vergilio]
3130 4086 3233 4136 Aen.

698 4159 770 4209 vt
810 4156 916 4209 670
1087 4158 1150 4207 14
1187 4157 1408 4224 exigerit
1450 4155 1548 4206 BF
1728 4154 1791 4206 16
1828 4162 2015 4220 erepta,
2055 4155 2217 4219 (corr.
2247 4153 2495 4220 ereptae)
2530 4155 2749 4222 uirginis
2774 4157 2825 4207 B
2857 4165 3077 4222 arreptae
3102 4155 3233 4220 (corr.

700 4227 922 4293 erepta,)
972 4227 1222 4293 euirginis
1257 4229 1340 4279 F:
1392 4227 1550 4292 Verq.
1587 4225 1718 4276 Aen.
1757 4225 1799 4273 ll
1838 4223 1941 4276 413
2122 4233 2171 4275 et
2204 4249 2273 4260 —
2306 4239 2395 4275 sus
2430 4240 2523 4278 om.
2560 4225 2644 4276 B:
2694 4227 2854 4292 γει-9.
2890 4228 3020 4280 Aen.
3054 4227 3157 4276 vul
3184 4223 3237 4277 8³

842 4299 904 4349 17
945 4297 1220 4362 conspicit.
1239 4312 1317 4360 ur,
1356 4313 1444 4346 sus
1481 4297 1534 4346 F
1667 4296 1734 4348 19
1766 4293 1933 4345 uelato
1962 4306 2101 4345 corr.
2128 4292 2296 4344 uelata
2330 4294 2383 4344 F
2514 4296 2645 4346 scire
2680 4297 2833 4346 etiam
2867 4298 2918 4348 F
2943 4299 3069 4348 scire
3100 4305 3234 4346 autem

698 4368 749 4417 B
890 4368 1170 4418 debeamus
1207 4381 1345 4417 corr.
1368 4367 1612 4418 debemus
1642 4367 1692 4415 F
1826 4365 2023 4414 dasium
2058 4364 2218 4428 (corr.
2241 4363 2453 4430 dasian)
2480 4373 2531 4414 et
2564 4365 2749 4431 psylen
2782 4365 2836 4416 B
2874 4369 3029 4418 dasen
3062 4377 3107 4418 et
3132 4367 3237 4418 silea

697 4453 834 4491 corr.
873 4439 1068 4504 dapsen
1105 4446 1154 4486 et
1188 4437 1354 4502 psilen
1403 4438 1452 4488 F
1620 4434 1688 4487 20
1723 4434 1981 4486 simulare.
2018 4433 2071 4486 h.
2113 4435 2157 4485 Η
2190 4433 2244 4483 F
2276 4435 2562 4486 assimilare
2600 4437 2773 4488 codex
2807 4437 3070 4488 Loium
3185 4433 3238 4486 23

701 4509 843 4558 Dicta
877 4523 968 4559 orn.
999 4508 1051 4557 F
1150 4507 1436 4574 distingunt
1470 4507 1521 4555 F
1654 4504 1723 4556 26
1761 4504 1930 4555 media
1964 4503 2287 4555 distinctione
2308 4505 2731 4556 subdistinctione
2762 4507 2917 4558 εἰιιΒ
2950 4511 3077 4560 linea
3099 4517 3237 4558 trans-

697 4594 852 4629 versa
886 4579 1053 4644 inique
1088 4577 1429 4641 improbantur
1443 4580 1458 4607 ’
1499 4576 1664 4630 editor
1705 4577 1761 4626 V
1757 4575 2124 4639 ἰηιίοόοηεηείε,
2163 4590 2256 4625 om.
2296 4575 2348 4624 F
2481 4577 2548 4626 27
2582 4584 2773 4642 puncto
2808 4579 2971 4642 (corr.
3008 4574 3237 4646 punctum)

700 4648 1018 4713 adpossitum
1055 4648 1107 4696 F
1141 4655 1360 4713 punctus
1407 4647 1675 4714 appositus
1720 4645 1773 4695 B
1978 4643 2048 4696 28
2086 4644 2451 4696 Subdistinetio
2489 4655 2569 4696 est
2620 4657 2863 4712 punctum
2910 4649 2979 4698 ad
3012 4649 3059 4698 F
3084 4646 3237 4698 Subdi-

701 4718 900 4768 stinctio
935 4724 1154 4783 punctus
1203 4718 1270 4767 ad
1301 4716 1354 4767 B
1560 4714 1630 4768 29
1661 4719 1753 4766 ‘est
1786 4723 2029 4782 punctum
2064 4717 2315 4782 possitum
2351 4717 2403 4766 F
2431 4724 2651 4781 punctus
2686 4717 2955 4783 adpositus
2986 4718 3038 4768 B
3183 4712 3238 4767 3⁰

703 4787 968 4837 sciendum
1004 4795 1082 4837 est
1112 4794 1276 4836 tamen
1316 4787 1364 4836 B
1503 4785 1572 4838 32
1599 4784 1727 4835 nihil
1762 4786 1855 4834 tibi
1889 4784 2082 4853 profuit
2115 4792 2412 4836 nocturnum
2450 4799 2510 4843 ςε
2550 4789 2652 4838 Cic.
2691 4789 2741 4838 t’n
2776 4788 2925 4840 Catil.
2962 4790 2985 4838 Ι
3020 4792 3063 4848 1,
3098 4787 3121 4838 1

700 4856 985 4924 presidium
1011 4856 1174 4906 tenuit
1207 4855 1386 4927 palatii
1421 4854 1547 4905 nihil
1587 4855 1793 4923 uigiliae
1829 4855 1967 4906 urbis
2002 4855 2051 4904 F
2158 4855 2227 4908 23
2262 4871 2540 4909 concursus
2578 4859 2800 4910 omnium
2836 4860 3069 4912 bonorum
3092 4873 3126 4918 ς
