3434 5442
649 339 729 404 58
1823 339 2046 402 PROBl

748 469 792 510 p.
822 457 906 498 ιω.
924 457 977 498 oe
1002 455 1053 500 a.
1266 456 1277 478 ·
2779 469 2820 510 ρ.
2849 456 3026 498 2⁴1—ss
3051 455 3110 496 v.

649 529 879 607 generis
928 529 1123 590 neutri
1166 529 1517 590 nominativo
1572 546 1711 590 casu
1769 531 1998 590 numeri
2052 528 2362 606 singularis
2405 527 2632 590 duabus
2685 528 2777 589 his
2823 528 3028 588 formis
3069 528 3214 591 deli-

650 631 893 692 niuntur
932 637 1175 699 tantum,
1220 649 1253 690 e
1296 647 1415 690 um.
1504 631 1588 692 De
1632 649 1852 708 genere
1897 633 2210 692 communi.
2300 632 2524 708 positivi
2569 631 2787 707 gradus
2829 632 3068 690 nomina
3113 649 3216 707 ge·

648 733 807 792 neris
848 733 1173 794 communis
1214 733 1569 794 nominativo
1614 749 1753 794 casu
1799 733 2034 794 numeri
2085 732 2396 810 singularis
2435 731 2644 830 tribus
2669 732 2760 792 his
2804 733 3014 795 formis
3071 731 3214 792 defi·

650 835 889 896 niuntur
928 840 1170 905 tantum,
1216 853 1282 896 er
1318 835 1357 896 il
1400 837 1467 896 is.
1558 834 1641 896 De
1674 851 1892 912 genere
1931 836 2112 895 omni.
2147 835 2402 913 ‚positivi
2443 833 2660 912 gradus
2703 835 2940 895 nomina
2977 836 3218 911 generis

594 938 837 1000 somnis
884 931 1273 1018 nollminativo
1330 953 1469 998 casu
1516 937 1750 997 numeri
1803 935 2113 1014 singularis
2169 935 2260 996 his
2317 937 2520 998 decem
2575 937 2780 998 formis
2822 937 3217 1014 ·definiun1tur

648 1019 891 1108 tantum,
938 1059 1010 1100 ax
1056 1057 1127 1100 ex
1168 1040 1223 1100 ix
1278 1057 1352 1099 ox
1396 1057 1501 1100 ans
1538 1056 1643 1099 ens
1680 1054 1777 1100 ers
1819 1055 1918 1098 ors
1965 1055 2035 1099 us
2070 1057 2182 1100 am.

808 1140 895 1202 De
937 1143 1331 1219 comparativo
1374 1140 1580 1218 gradu.
1671 1142 2104 1221 comparativus
2146 1140 2362 1219 gradus
2409 1145 2472 1200 in
2511 1143 2868 1202 nominativo
2909 1157 3058 1200 casu
3091 1158 3216 1200 nu-

644 1246 797 1304 meri
834 1247 1160 1319 singularis
1202 1245 1319 1305 duo
1358 1245 1509 1304 haec
1547 1259 1776 1318 yenera
1819 1245 2116 1304 nominum
2157 1245 2441 1316 continet,
2485 1255 2789 1304 commune
2821 1249 2878 1304 et
2917 1250 3216 1303 neutrum.

643 1345 733 1407 De
760 1362 981 1420 qenere
1020 1348 1329 1408 communi.
1414 1348 1809 1421 comparalt'vi
1845 1347 2079 1420 yradus
2117 1348 2356 1405 nomina
2385 1349 2626 1420 yeneris
2666 1348 2987 1406 communis
3025 1345 3220 1404 nomi-

570 1468 622 1511 ιο
649 1447 839 1507 nativo
878 1465 1017 1508 casu
1062 1448 1290 1508 numeri
1336 1446 1650 1524 singularis
1690 1465 1806 1508 una
1851 1446 1962 1507 hac
2002 1447 2188 1508 forma
2232 1446 2588 1508 definiuntur
2633 1453 2886 1517 tantum,
2929 1448 3040 1506 ior.
3134 1446 3218 1507 De

647 1564 865 1625 genere
908 1557 1135 1610 neutro.
1197 1550 1574 1626 comparativi
1618 1548 1835 1627 gradus
1879 1551 2116 1610 nomina
2159 1551 2396 1626 generis
2437 1550 2628 1629 neutri
2677 1551 3028 1610 nominativo
3073 1567 3216 1609 casu

648 1652 879 1712 numeri
916 1651 1228 1729 singularis
1272 1669 1387 1711 una
1424 1650 1535 1711 hac
1576 1651 1764 1712 l'orma
1811 1650 2163 1712 definiuntur
2205 1659 2449 1718 tantum,
2497 1652 2604 1712 ius.
2653 1667 2658 1670 ·

819 1753 901 1814 De
944 1753 1295 1832 superlativo
1340 1751 1547 1829 gradu.
1637 1751 2020 1831 superlativus
2062 1753 2280 1830 gradus
2323 1755 2384 1814 in
2421 1753 2778 1814 nominativo
2803 1770 2942 1814 casu
2983 1755 3222 1813 numeri

648 1855 959 1932 singularis
1020 1857 1134 1917 tria
1199 1854 1345 1916 haec
1408 1872 1623 1932 genera
1690 1856 1994 1942 nominum
2060 1857 2349 1924 continet,
2421 1853 2807 1916 masculinum
2865 1853 3219 1915 femininum

574 1977 624 2020 ιι
651 1965 943 2019 neutrum.
1033 1956 1116 2020 De
1157 1974 1377 2035 genere
1406 1955 1748 2018 masculino.
1809 1955 2143 2036 superlativi
2179 1957 2396 2034 gradus
2435 1959 2672 2018 nomina
2716 1956 2950 2032 generis
2985 1973 3222 2017 mascu-

646 2057 746 2120 lini
792 2061 1147 2120 nominativo
1186 2077 1327 2120 casu
1368 2059 1599 2120 numeri
1642 2057 1952 2137 singularis
1995 2064 2270 2137 quattuor
2315 2057 2406 2119 his
2447 2058 2650 2118 formis
2683 2057 3043 2119 definiuntur
3089 2065 3222 2118 tan·

624 2168 803 2230 -tum,
860 2162 1045 2222 rimus
1088 2163 1271 2224 simus
1315 2163 1493 2222 timus
1536 2162 1742 2221 ximus,
1831 2161 1916 2222 De
1959 2177 2178 2238 genere
2225 2160 2527 2222 feminino.
2613 2158 2950 2237 superlativi
3001 2160 3224 2238 gradus

648 2264 883 2325 nomina
938 2261 1171 2341 generis
1226 2263 1492 2325 feminini
1538 2263 1894 2324 nominativo
1947 2281 2086 2324 casu
2143 2264 2372 2323 numeri
2428 2261 2744 2340 singularis
2793 2268 3072 2340 quattuor
3131 2261 3226 2322 his

652 2365 859 2426 formis
892 2357 1250 2426 definiuntur
1284 2371 1530 2434 tantum,
1576 2366 1724 2425 rima
1753 2366 1902 2426 sima
1927 2366 2068 2426 tima
2097 2365 2270 2425 xima.
2360 2364 2443 2425 De
2469 2381 2686 2443 genere
2721 2371 2948 2426 neutro.
3007 2381 3224 2442 super-

572 2485 626 2526 το
650 2465 809 2528 lativi
862 2467 1081 2544 gradus
1142 2467 1377 2527 nomina
1438 2467 1669 2544 generis
1737 2467 1930 2527 neutri
1994 2467 2343 2526 nominativo
2413 2483 2551 2527 casu
2614 2467 2848 2528 numeri
2904 2464 3230 2544 singularis

650 2574 925 2647 quattuor
958 2567 1053 2628 his
1095 2567 1299 2629 formis
1340 2569 1699 2644 definiuntur
1745 2575 1989 2637 tantum,
2033 2569 2248 2629 rimum
2287 2569 2498 2629 simum
2541 2569 2748 2628 timum
2791 2569 3036 2628 ximum.

820 2669 989 2732 Nunc
1042 2671 1317 2748 quoniam
1364 2676 1510 2749 quot
1557 2669 1643 2731 vel
1688 2688 1839 2751 quae
1883 2685 2102 2746 genera
2143 2670 2448 2730 nominum
2491 2669 2704 2748 singuli
2747 2669 2966 2746 gradus
3007 2671 3066 2730 in
3118 2688 3230 2730 no-

650 2772 923 2835 minativo
968 2789 1109 2834 casn
1152 2774 1383 2834 numeri
1424 2771 1738 2850 singularis
1775 2773 2142 2842 contineant,
2201 2788 2311 2833 nec
2353 2789 2470 2833 non
2517 2781 2576 2834 et
2615 2771 2844 2849 singula
2894 2789 3113 2847 genera
3165 2775 3232 2832 in

652 2875 837 2938 isdem
884 2874 1162 2954 gradibus
1208 2875 1557 2936 nominativo
1614 2891 1754 2935 casu
1796 2875 2025 2936 numeri
2074 2873 2386 2951 singularis
2441 2881 2586 2954 quot
2627 2872 2718 2935 vel
2757 2873 2971 2952 quibus
3015 2874 3233 2935 formis

575 2995 627 3034 a
654 2977 1023 3046 definiantur,
1070 2976 1448 3046 ostendimus,
1491 2977 1622 3038 ideo
1649 2977 1766 3037 iam
1799 2993 1970 3054 quem
2007 2975 2078 3038 ad
2108 2977 2350 3038 modum
2389 2995 2460 3038 ex
2497 2969 2784 3054 gradibus
2825 2975 3044 3052 gradus
3081 2977 3236 3036 flant

652 3080 990 3142 doceamus,
2280 3121 2310 3155 χ

822 3182 905 3244 De
969 3180 1249 3260 gradibus
1308 3199 1481 3261 quem
1552 3181 1623 3242 ad
1686 3181 1928 3241 modum
1985 3181 2202 3258 gradus
2273 3182 2430 3242 fiant.
2517 3197 2921 3259 quaecumque
2986 3181 3232 3242 nomina

654 3285 1080 3364 comparativus
1126 3282 1217 3344 vel
1268 3282 1655 3363 superlativos
1710 3283 1926 3360 gradus
1981 3302 2051 3343 ex
2107 3301 2172 3363 se
2225 3283 2419 3344 facere
2471 3289 2746 3363 possunt,
2803 3281 2950 3344 haec
3005 3300 3084 3342 ex·
3135 3282 3238 3344 his

652 3386 841 3448 tribus
883 3384 1201 3463 generibus
1241 3386 1545 3446 nominum
1600 3385 1864 3461 indigent
1921 3366 2242 3463 positione,
2299 3384 2356 3445 id
2415 3390 2506 3446 est
2545 3383 2868 3445 masculino
2924 3389 3237 3447 communi

576 3503 629 3546 ιο
654 3489 836 3558 omni,
876 3487 1032 3550 unde
1071 3489 1296 3567 possint
1331 3487 1423 3546 sui
1454 3488 1738 3566 cuiusque
1775 3488 2008 3562 generis
2043 3487 2365 3548 eorundem
2407 3487 2696 3564 graduum
2735 3486 3006 3564 accipere
3043 3489 3236 3547 ratio·

583 3608 591 3616 *
654 3607 821 3658 nem;
881 3597 939 3650 et
978 3589 1111 3650 ideo
1148 3588 1293 3649 haec
1336 3589 1445 3649 tria
1487 3604 1705 3666 genera
1746 3587 2134 3660 subiciemuS,
2191 3607 2340 3670 quae
2385 3585 2610 3650 scilicet
2647 3587 2720 3649 ad
2761 3589 3046 3650 rationem
3093 3605 3238 3666 gra-

656 3692 835 3753 duum
878 3691 1175 3770 pertinere
1217 3691 1612 3770 reperiuntur.

825 3793 909 3855 De
949 3809 1167 3871 genere
1210 3791 1552 3854 masculino.
1640 3791 1948 3854 masculini
2000 3794 2234 3872 generis
2279 3792 2548 3863 nomina,
2607 3793 2692 3852 sic
2735 3793 2818 3853 uti
2863 3809 3042 3870 supra
3083 3793 3240 3854 dixi-

654 3913 805 3966 muS,
852 3897 911 3956 in
952 3895 1197 3974 positivo
1236 3894 1424 3974 gradu
1464 3896 1822 3956 nominativo
1865 3913 2006 3957 casu
2051 3897 2286 3956 numeri
2313 3894 2624 3972 singularis
2667 3895 2856 3955 tribus
2898 3895 2988 3954 his
3021 3893 3242 3958 formis

580 4013 631 4054 ³5
658 3998 1017 4060 definiuntur
1062 4003 1315 4065 tantum,
1375 4015 1439 4059 er
1484 4017 1555 4060 ex
1594 4017 1681 4060 us,
1716 3995 1744 4080 Η
1772 4014 1930 4058 nunc
1975 3997 2293 4060 earundem
2341 3996 2702 4076 singularum
2745 3998 3034 4059 rationem
3091 3997 3241 4058 sub—

658 4101 893 4171 icimuS,
940 4119 1053 4181 qua
1098 4099 1477 4161 dinoscantur
1518 4101 1786 4170 nomina,
1844 4119 2021 4182 quem
2065 4100 2136 4162 ad
2181 4099 2418 4161 modum
2465 4116 2535 4160 ex
2579 4099 2720 4178 ipsis
2763 4098 2970 4158 formis
3011 4099 3244 4175 gradus

658 4202 1005 4264 conlationis
1048 4202 1243 4264 facere
1286 4202 1531 4280 possint.

826 4305 909 4366 De
952 4322 1038 4366 er.
1128 4322 1534 4385 quaecumque
1590 4305 1828 4366 nomina
1879 4303 2115 4381 generis
2153 4301 2456 4365 masculini
2501 4305 2558 4364 in
2604 4303 2850 4380 positivo
2892 4303 3081 4381 gradu
3127 4321 3243 4365 no-

662 4407 931 4468 minativo
999 4425 1151 4496 casu·
1202 4408 1431 4468 numeri
1484 4405 1796 4485 singularis
1851 4423 1916 4466 er
1974 4404 2182 4468 litteris
2243 4405 2630 4474 definiuntur,
2691 4405 2740 4464 si
2805 4406 3244 4484 comparativos

798 4611 831 4660 4
866 4625 922 4659 er
958 4609 992 4658 il
1031 4610 1075 4660 is
1109 4626 1139 4661 υ
1176 4610 1211 4659 il
1251 4627 1305 4660 er
1336 4611 1379 4660 is
1414 4611 1461 4661 R
1598 4610 1633 4662 6
1670 4623 1755 4660 ors
1791 4625 1872 4659 am
1904 4624 1964 4659 us
2001 4625 2032 4658 r
2077 4624 2161 4660 ors
2198 4625 2282 4659 um
2318 4625 2378 4660 us
2416 4609 2460 4659 R
2601 4611 2631 4658 7
2669 4609 2720 4658 in
2752 4609 3065 4660 nominativo
3105 4636 3174 4647 —
3207 4609 3246 4661 9

661 4680 863 4746 generis
896 4682 1177 4731 communis
1212 4695 1303 4731 om.
1346 4681 1435 4731 R:
1490 4679 1830 4746 Comparativi
1875 4678 2068 4746 gradus
2105 4681 2306 4746 generis
2353 4680 2636 4730 communis
2682 4679 2886 4729 nomina
2923 4681 3246 4730 nominativo

661 4765 783 4800 casu
821 4765 853 4800 r
992 4749 1057 4800 14
1089 4750 1309 4801 continet
1334 4750 1378 4800 R
1416 4750 1635 4800 continet
1671 4757 1866 4799 tantum
1903 4765 1934 4799 r
2075 4749 2139 4800 35
2177 4765 2232 4800 er
2267 4765 2332 4800 ex
2369 4765 2429 4800 us
2465 4767 2495 4799 r
2530 4766 2585 4800 er
2617 4765 2680 4800 us
2711 4763 2776 4798 ex
2815 4751 2862 4800 R
3001 4750 3246 4817 singula-

661 4834 771 4869 rum
808 4835 840 4870 r·
872 4819 1209 4886 singularium
1240 4819 1286 4870 R
1424 4819 1492 4871 36
1529 4833 1627 4884 quo
1656 4819 1983 4871 dinoscantur
2019 4821 2092 4870 Rv
