3434 5442
905 338 1301 401 INSTITVTA
1348 337 1631 399 ARTIVM
1678 338 2012 399 779—783
2632 340 2746 399 171

306 486 319 498 .
344 459 429 500 aaz.
448 458 477 499 ³
502 457 555 498 n.
2343 466 2386 507 ρ.
2413 454 2565 497 4054
2595 454 2650 498 ν.

198 473 341 593 εισιὶργί
378 530 497 589 sive
532 527 823 589 neutralis
868 525 959 589 vel
1001 526 1314 587 inchoativi
1354 544 1469 593 nec
1509 544 1628 586 non
1678 534 1737 587 et
1779 526 2186 606 frequentativi
2225 528 2606 604 reperiuntur
2649 528 2752 589 de·

197 634 403 697 clinare.
491 636 762 710 tempora
796 630 1242 709 participiorum
1292 628 1606 690 trahuntur
1651 627 1726 689 ab
1756 628 1872 689 hoc
1902 628 2083 689 verbo
2124 630 2354 708 passivo
2391 629 2554 699 duo,.
2577 648 2752 709 prae-

196 736 401 799 teritum
454 734 741 812 scriptuS,
800 732 1064 793 futurum
1120 730 1489 792 scribendus.
1578 748 1742 791 nunc
1799 732 1970 792 etiam
2021 731 2138 791 hoc
2193 748 2534 801 monemus,
2593 732 2750 811 quod

196 858 252 899 ex
290 836 449 897 tertia
493 836 909 912 coniugatione
950 840 1225 913 correpta
1269 852 1341 894 eo
1384 832 1625 913 plurimi
1668 834 1816 902 soni,
1863 833 1976 893 hoc
2017 840 2105 893 est
2149 851 2220 893 eo
2255 833 2506 912 plurima
2553 834 2750 903 verba,

194 940 388 1018 possint
430 936 717 998 exhiberi.
748 934 777 1019 ΙΙ
1785 988 1789 992 .
2803 960 2829 999 5

334 1039 457 1100 Alia
506 1038 822 1100 declinatio
876 1038 1057 1098 activa
1114 1040 1319 1099 tertiae
1381 1037 1810 1115 coniugationis
1868 1046 2197 1115 correptae.
2287 1040 2455 1116 rapio
2503 1038 2750 1100 verbum

194 1143 411 1204 activum
452 1141 775 1201 indicativo
822 1142 941 1201 sive
986 1141 1421 1219 pronuntiative
1466 1141 1644 1200 modo
1680 1140 1900 1201 dictum
1943 1143 2226 1219 temporis
2269 1143 2594 1218 praesentis
2633 1143 2754 1201 sive

194 1244 431 1303 instantis
468 1244 707 1303 numeri
752 1242 1068 1321 singularis
1110 1243 1336 1319 figurae
1386 1244 1750 1321 compositae
1793 1259 2084 1320 personae
2119 1242 2346 1321 primae
2391 1244 2754 1320 coniugatio·

194 1347 265 1406 nis
294 1346 495 1407 tertiae
540 1354 873 1424 correptae,
920 1345 1079 1426 quod
1124 1343 1513 1405 declinabitur
1548 1346 1654 1406 sic.
1745 1345 1924 1405 modo
1967 1345 2283 1405 indicativo
2331 1346 2452 1406 sive
2489 1363 2754 1423 pronun-

194 1449 359 1509 tiatira
392 1449 686 1526 temporis
716 1448 1044 1526 praesentis
1078 1448 1199 1507 sive
1234 1448 1504 1507 instantis
1544 1449 1782 1508 numeri
1817 1446 2130 1524 singularis
2172 1448 2340 1527 rapio
2380 1448 2540 1526 rapis
2580 1448 2752 1525 rapit,
2782 1468 2832 1508 ιο

194 1550 395 1611 numeri
433 1548 685 1629 pluralis
740 1551 1003 1629 rapimus
1045 1550 1249 1627 rapitis
1304 1550 1572 1628 rapiunt:
1632 1549 1841 1611 eodem
1885 1550 2063 1610 modo
2123 1556 2390 1628 tempore
2437 1550 2758 1627 praeterito

194 1654 359 1731 specie
398 1654 749 1731 imperfecta
788 1653 907 1713 sive
937 1652 1131 1713 minus
1164 1669 1341 1729 quam
1374 1652 1634 1729 perfecta
1676 1651 1766 1712 vel
1805 1652 2132 1712 inchoativa
2167 1652 2400 1712 numeri
2443 1650 2759 1728 singularis

196 1754 461 1833 rapiebam
506 1753 787 1833 rapiebas
836 1752 1135 1831 rapiebat,
1188 1754 1422 1814 numeri
1478 1752 1728 1833 pluralis
1783 1752 2158 1833 rapiebamus
2201 1752 2520 1831 rapiebatis
2563 1755 2758 1831 rapie-

196 1857 335 1917 bant:
392 1855 603 1917 eodem
650 1856 828 1917 modo
884 1855 1093 1917 eodem
1140 1863 1408 1935 tempore
1462 1857 1659 1933 specie
1711 1857 1976 1935 perfecta
2025 1856 2146 1916 sive
2201 1854 2469 1916 absoluta
2525 1856 2759 1917 numeri

196 1958 473 2035 singularis
512 1960 692 2037 rapui
734 1959 983 2037 rapuisti
1028 1959 1253 2038 rapuit,
1300 1959 1533 2019 numeri
1576 1957 1822 2035 pluralis
1863 1961 2172 2037 rapuimus
2215 1958 2498 2037 rapuistis
2541 1975 2836 2035 rapuit-15

195 2068 311 2121 runt
342 2060 429 2122 vel
472 2078 768 2139 rapuere:
844 2061 1053 2122 eodem
1106 2060 1282 2121 modo
1340 2061 1549 2121 eodem
1605 2067 1876 2139 tempore
1938 2062 2136 2139 specie
2183 2060 2759 2139 plusquamperfecta

194 2164 293 2224 sive
330 2163 703 2224 recordativa
744 2162 835 2224 vel
878 2170 1082 2223 exacta
1128 2164 1361 2223 numeri
1404 2160 1720 2241 singularis
1763 2181 2080 2243 rapueram
2127 2180 2414 2241 rapueras
2459 2168 2756 2242 rapuerat,

195 2266 392 2326 numeri
433 2264 687 2344 pluralis
738 2283 1127 2345 rapueramus
1172 2265 1503 2345 rapueratis
1546 2272 1900 2343 rapuerant:
1979 2264 2186 2326 eodem
2239 2262 2432 2345 moldo
2488 2271 2762 2343 tempore

198 2370 361 2427 futuro
400 2368 523 2428 sive
570 2369 923 2446 promissivo
978 2367 1155 2428 modo
1214 2368 1445 2429 numeri
1498 2365 1815 2446 singularis
1869 2368 2095 2446 rapiam
2144 2369 2342 2446 rapies
2387 2368 2604 2444 rapiet,
2648 2384 2760 2425 nu-

197 2472 318 2531 meri
356 2470 609 2549 pluralis
660 2471 961 2549 rapiemus
1008 2471 1249 2548 rapietis
1304 2472 1553 2550 rapient.
1644 2470 1824 2531 modo
1879 2470 2221 2547 imperativo
2275 2476 2542 2547 tempore
2588 2484 2759 2546 prae·
2787 2484 2840 2525 zo

197 2574 318 2635 senti
356 2572 475 2633 sive
516 2573 765 2633 instanti
807 2572 881 2632 ad
914 2571 1235 2634 secundam
1281 2580 1339 2633 et
1377 2574 1610 2633 tertiam
1653 2589 1970 2653 personam
2011 2578 2240 2633 tantum
2278 2571 2514 2631 numeri
2559 2571 2760 2648 singu-

198 2673 309 2735 laris
358 2692 505 2755 rape·
554 2676 778 2754 rapiat,
842 2674 1075 2735 numeri
1124 2672 1367 2753 pluralis
1425 2676 1613 2755 rapite
1670 2676 1931 2753 rapiant:
2005 2673 2214 2735 eodem
2260 2672 2440 2733 modo
2493 2678 2764 2751 tempore

198 2778 365 2837 futuro
406 2778 649 2837 numeri
692 2774 1005 2853 singularis
1058 2777 1251 2857 rapite
1296 2777 1514 2856 rapite,
1576 2778 1810 2837 numeri
1863 2773 2110 2855 pluralis
2168 2776 2420 2854 rapitote
2451 2776 2760 2854 rapiunto.

198 2878 345 2939 modo
394 2879 627 2939 infinito
680 2880 801 2939 sive
851 2886 1143 2959 perpetuo
1202 2880 1465 2939 numeris
1510 2884 1569 2939 et
1624 2878 1895 2957 personis
1951 2877 2212 2937 confusis
2266 2883 2535 2960 tempore
2593 2894 2763 2955 prae-

198 2982 321 3040 senti
374 2982 491 3041 sive
562 2982 804 3041 instanti
860 2998 1103 3062 rapere,
1171 2987 1441 3059 tempore
1494 2982 1814 3060 praeterito
1876 2980 2172 3059 rapuisse,
2243 2987 2512 3058 tempore
2561 2979 2760 3040 futuro
2789 2986 2840 3027 ²⁵

198 3090 395 3161 raptum
440 3084 551 3144 ire.
646 3083 825 3143 modo
864 3084 1117 3161 optativo
1172 3091 1443 3163 tempore
1484 3084 1783 3163 praesenti
1828 3086 1946 3142 sive
1993 3083 2232 3143 instanti
2288 3082 2523 3142 numeri
2561 3081 2762 3159 singu-

199 3182 311 3244 laris
348 3186 569 3245 utinam
615 3186 865 3265 rapiam,
912 3186 1135 3245 utinam
1176 3186 1386 3264 rapias,
1434 3187 1659 3246 utinam
1705 3186 1927 3263 rapiat;
1973 3184 2210 3244 numeri
2251 3181 2494 3262 pluralis
2538 3184 2764 3243 utinam

200 3290 479 3365 rapiamus,
523 3289 755 3348 utinam
796 3288 1055 3365 rapiatis,
1105 3288 1325 3347 utinam
1362 3288 1620 3367 rapiant:
1668 3288 1877 3349 eodem
1916 3287 2093 3347 modo
2139 3293 2410 3364 tempore
2439 3285 2763 3364 praeterito

202 3391 365 3466 specie
404 3391 759 3469 imperfecta
816 3392 938 3450 sive
988 3389 1183 3449 minus
1224 3408 1401 3467 quam
1443 3390 1707 3469 perfecta
1755 3388 1843 3450 vel
1891 3389 2226 3449 inchoativa
2285 3390 2519 3449 numeri
2561 3389 2762 3465 singu·

202 3489 311 3549 laris
362 3493 585 3552 utinam
644 3508 949 3570 raperem,
1002 3492 1226 3552 utinam
1286 3508 1558 3571 rapereS,
1614 3493 1839 3552 utinam
1894 3498 2164 3571 raperet:
2234 3490 2467 3551 numeri
2517 3487 2842 3570 pluralisao

204 3592 389 3654 utinam
427 3610 801 3674 raperemus‚
851 3594 1071 3654 utinam
1115 3594 1423 3673 raperetis,
1464 3596 1688 3655 utinam
1732 3602 2046 3674 raperent:
2093 3593 2302 3669 eodem
2333 3591 2512 3653 modo
2556 3592 2764 3653 eodem

204 3700 431 3774 tempore
482 3696 693 3776 specie
736 3693 997 3774 perfecta
1042 3697 1164 3755 sive
1207 3695 1473 3756 absoluta
1528 3697 1761 3757 numeri
1809 3693 2128 3773 singularis
2173 3696 2399 3756 utinam
2441 3696 2762 3775 rapuerim,

204 3798 386 3858 utinam
448 3799 759 3877 rapueriS,
826 3797 1049 3858 utinam
1110 3800 1411 3877 rapuerit:
1484 3800 1720 3859 numeri
1773 3797 2018 3878 pluralis
2084 3800 2309 3860 utinam
2373 3799 2764 3877 rapuerimus:

206 3901 391 3959 utinam
427 3901 788 3980 rapuerim,
835 3901 1057 3960 utinam
1101 3901 1439 3979 rapuerint:
1472 3896 1499 3983 ΙΙ
1532 3899 1741 3961 eodem
1783 3900 1962 3961 modo
2007 3900 2217 3962 eodem
2259 3906 2527 3977 tempore
2569 3900 2768 3979 specie

206 3998 751 4082 pluaguamperfecta
818 4002 941 4063 sive
1003 4002 1371 4063 recordativa
1435 4000 1527 4062 vel
1596 4008 1800 4063 exacta
1864 4004 2098 4063 numeri
2163 4002 2477 4080 singularis
2539 4004 2766 4062 utinam
2793 4014 2843 4054 ³⁵

206 4105 520 4180 rapuissem,
592 4104 820 4163 utinam
878 4105 1208 4184 rapuisses,
1270 4106 1495 4165 utinam
1550 4103 1874 4183 rapuisset:
1948 4105 2184 4164 numeri
2242 4102 2487 4183 pluralis
2541 4104 2764 4163 utinam

208 4206 590 4281 rapuissemus,
642 4207 871 4266 utinam
915 4206 1277 4285 rapuissetis,
1324 4207 1547 4267 utinam
1594 4208 1960 4286 rapuissent:
2015 4203 2228 4266 eodem
2273 4204 2450 4266 modo
2493 4210 2766 4283 tempore

210 4302 371 4367 futuro
426 4310 669 4370 numeri
732 4307 1047 4384 singularis
1110 4309 1330 4369 utinam
1386 4309 1640 4388 rapiam,
1710 4310 1931 4368 utinam
1984 4308 2211 4386 rapiaS,
2278 4308 2502 4368 utinam
2544 4307 2766 4385 rapiat;

212 4409 400 4469 numeri
452 4407 703 4489 pluralis
748 4409 971 4470 utinam
1010 4412 1341 4489 rapiamus,
1388 4412 1611 4471 utinam
1658 4411 1928 4490 rapiatis,
1979 4410 2206 4469 utinam
2248 4410 2498 4489 rapiant.
2587 4408 2766 4469 modo

214 4509 539 4572 coniunctim
584 4514 709 4573 sive
754 4512 1011 4572 iunctivo
1068 4522 1337 4592 tempore
1376 4513 1677 4592 praesenti
1721 4513 1840 4572 sive
1883 4512 2128 4572 instanti
2167 4512 2404 4572 numeri
2453 4508 2768 4589 singularis
2791 4522 2844 4565 4ο

214 4626 317 4670 eum
353 4612 439 4674 rel
474 4616 527 4674 si
572 4615 836 4694 rapiam,
887 4632 1021 4675 cum
1065 4612 1159 4675 vel
1198 4616 1246 4675 si
1288 4616 1511 4694 rapiaS,
1561 4633 1697 4675 cum
1749 4611 1838 4675 vel
1883 4615 1931 4674 si
1967 4614 2186 4693 rapiat;
2247 4615 2484 4675 numeri
2525 4610 2769 4693 pluralis

324 4824 347 4875 1
382 4840 469 4877 nec
504 4842 607 4879 non
646 4826 727 4877 Br
764 4826 849 4876 uel
886 4841 989 4877 non
1026 4827 1073 4878 tt
1211 4827 1245 4879 8
1282 4826 1477 4894 figurae
1512 4827 1766 4894 simplicis
1802 4827 1968 4877 editor
2018 4827 2420 4879 Vindobonerm‘s
