3434 5442
643 315 742 364 Ln
913 293 920 302 ⁴
1734 302 2153 364 PRAEFATIO

645 488 824 553 edita
875 495 1028 552 sunt
1080 489 1400 572 integram
1458 487 1756 567 exhibui,
1823 489 1949 552 nisi
2004 487 2177 574 quod
2244 489 2311 552 in
2358 487 2628 554 Graecis
2688 489 3027 554 vocabulis
3083 511 3239 554 eam

647 591 1178 675 discrepantiam,
1237 612 1402 676 quae
1459 611 1585 654 non
1623 612 1733 653 -ex
1778 589 2153 656 diversitate
2197 588 2418 676 aliqua
2460 593 2815 656 sententiae
2858 591 2965 656 vel
3008 613 3239 654 errore

649 692 895 757 librarii
941 690 1232 777 profecta
1276 699 1397 772 est,
1443 691 1556 756 sed
1602 692 1686 756 ad
1730 693 2047 758 rationem
2090 691 2414 756 scribendi
2460 691 2564 758 vel
2594 692 3056 778 pronuntiandi
3086 715 3239 779 per·

651 796 834 874 tinet,
881 794 1088 857 omisi.
1135 815 1220 856 ex
1263 816 1390 880 quo
1434 815 1670 878 genere
1717 803 1868 858 sunt
1908 793 2089 875 haee,
2135 794 2309 880 quod
2352 815 2545 879 saepe
2591 817 2627 858 ο
2670 817 2786 881 pro
2828 817 2881 858 ω
2913 797 3241 881 scriptum

649 905 775 976 est,
846 905 918 959 ut
970 894 1185 976 θοραξ
1231 917 1348 982 pro
1392 894 1652 978 θώραξ,
1713 917 1745 960 ε
1787 917 1905 982 pro
1962 918 2031 959 αι
2082 895 2191 964 vel
2250 919 2322 979 η,
2368 905 2443 961 ut
2497 896 2775 978 αξιουμε
2826 902 3055 979 wespa
3110 917 3241 982 pro

649 989 955 1080 ἀξιοῦμαι
1001 998 1254 1080 τίθημι,
1313 1020 1336 1060 ι
1379 1021 1496 1083 pro
1543 1020 1618 1080 ει,
1666 1008 1742 1062 ut
1784 998 2067 1082 φιδομαι
2110 1020 2357 1062 vna-na
2400 1020 2517 1085 pro
2562 999 2880 1081 φείδομαι
2920 989 3242 1078 ὑπατεία,

648 1099 752 1164 vel
799 1109 1024 1164 contra
1069 1121 1125 1163 ει
1169 1122 1284 1185 pro
1331 1123 1390 1180 ι,
1437 1111 1508 1165 ut
1551 1115 1919 1184 χρημασειν
1962 1123 2078 1188 pro
2122 1095 2487 1185 χρήμασιν,
2536 1111 2600 1166 et
2643 1125 2668 1164 ι
2711 1124 2828 1188 pro
2871 1125 2936 1184 v,
2981 1110 3057 1166 ut
3100 1105 3245 1164 θο-

649 1203 838 1284 ριβος
859 1225 977 1288 pro
1010 1196 1336 1285 θόρυβος,
1368 1212 1435 1267 et
1463 1203 1637 1290 quod
1667 1225 1710 1265 ν
1739 1225 1857 1289 pro
1886 1226 1933 1286 μ
1964 1204 2070 1268 vel
2098 1227 2143 1286 γ
2170 1204 2451 1288 positum
2482 1213 2581 1268 est
2608 1205 2677 1268 in
2705 1204 2978 1286 talibus,
3024 1225 3246 1286 ενφε-

654 1325 774 1386 ρης
814 1326 933 1389 pro
980 1294 1292 1387 ἐμφερής,
1339 1307 1604 1387 ελενχος
1645 1328 1765 1391 pro
1806 1297 2095 1387 ἔλεγχος.

817 1406 1048 1472 Restat
1090 1414 1164 1470 ut
1203 1408 1429 1492 paucis
1475 1406 1852 1495 explicetur,
1900 1429 2095 1493 quam
2138 1408 2590 1472 auctoritatem
2632 1409 2700 1473 in
2744 1408 2845 1473 his
2887 1407 3105 1490 libris,
3156 1411 3246 1473 de

649 1508 885 1594 quibus
942 1508 1131 1573 modo
1193 1508 1437 1573 dictum
1497 1519 1624 1591 est,
1689 1510 1951 1575 nomina
2010 1510 2247 1596 quibus
2304 1510 2597 1595 inseripti
2654 1519 2805 1574 sunt
2858 1509 3071 1575 Servii
3128 1510 3245 1576 vel

651 1609 863 1693 Sergii
904 1608 1207 1676 habeant.
1300 1613 1598 1678 Servium
1641 1613 1845 1696 igitur
1887 1613 2381 1697 grammaticum
2428 1611 2511 1693 Q.
2542 1612 2810 1677 Aurelio
2842 1612 3245 1700 Symmacho

652 1711 1020 1797 aequalem,
1079 1714 1192 1779 sed
1248 1715 1494 1801 aliquot
1547 1715 1735 1780 annis
1787 1714 2104 1779 iuniorem
2146 1736 2186 1778 a
2228 1713 2559 1779 Macrobio
2602 1716 2671 1779 in
2716 1714 3247 1780 Saturnaliorum

651 1812 832 1877 libris
887 1813 1109 1879 induci
1163 1827 1445 1881 constat:
1515 1815 1600 1880 ef.
1658 1816 1781 1881 Ian
1836 1815 2083 1902 proleg.
2138 1819 2205 1881 in
2266 1816 2556 1881 Macrob.
2602 1840 2663 1902 p.
2711 1817 2974 1882 XXIX.
3019 1839 3247 1902 neque

650 1913 912 1980 videtur
976 1915 1262 1981 dubitari
1327 1940 1520 2002 posse
1585 1919 1741 2004 quin
1808 1918 1891 1983 ad
1957 1917 2129 1983 hune
2182 1927 2248 1983 et
2304 1921 2801 1983 commentarius
2844 1921 2913 1985 in
2956 1919 3244 2003 Vergilii

653 2027 938 2090 carmina
982 2029 1048 2084 et
1089 2018 1244 2084 libri
1289 2019 1368 2084 de
1413 2030 1552 2084 arte
1594 2020 2023 2106 grammatica
2074 2021 2199 2084 hoc
2252 2020 2509 2086 nomine
2564 2023 2863 2107 inseripti
2905 2020 3246 2086 referendi

655 2129 814 2208 sint,
861 2129 1030 2190 sicut
1070 2131 1219 2208 post
1263 2122 1733 2208 disputationes
1777 2123 2043 2188 Ioannis
2087 2121 2349 2187 Seldeni
2392 2122 2475 2188 de
2530 2124 2786 2211 synedr.
2846 2124 3005 2189 Ebr.
3054 2124 3108 2205 1,
3164 2133 3249 2192 10

653 2228 831 2316 (opp.
879 2251 1046 2293 omn.
1094 2225 1222 2291 vol.
1271 2225 1323 2306 I,
1369 2233 1409 2293 2
1455 2248 1517 2309 p.
1565 2229 1721 2306 965)
1780 2233 1845 2288 et
1900 2224 2203 2289 Andreae
2251 2225 2433 2290 Bosii
2493 2226 2575 2290 de
2625 2225 3007 2311 pontificatu
3058 2247 3247 2289 max.

651 2336 878 2418 imper.
940 2329 1124 2394 Rom.
1183 2327 1298 2408 IV,
1347 2338 1385 2397 4
1454 2326 1721 2412 (Graev.
1771 2328 1937 2391 thes.
1997 2328 2195 2414 antiq.
2256 2327 2441 2396 Rom.
2502 2337 2550 2392 t.
2608 2325 2670 2393 V
2723 2351 2788 2414 p.
2846 2329 2999 2412 293)
3068 2348 3253 2392 nunc

650 2433 849 2516 vulgo
906 2431 1212 2496 ereditur.
1269 2450 1421 2494 nam
1472 2451 1600 2494 non
1657 2428 1849 2493 modo
1904 2430 2170 2514 egregia
2226 2431 2385 2495 artis
2440 2432 2903 2515 grammaticae
2945 2431 3253 2495 doctrina

662 2537 960 2600 Servium
1005 2533 1301 2618 quamvis
1348 2530 1827 2595 adulescentem
1872 2552 1951 2596 ea
1994 2541 2208 2597 aetate
2251 2531 2546 2596 floruisse
2590 2533 2749 2598 dicit
2788 2531 3167 2598 Macrobius
3214 2535 3249 2598 I

655 2646 714 2720 2,
763 2646 863 2705 15.
911 2643 1015 2716 24,
1063 2641 1134 2717 83
1182 2641 1284 2701 20.
1328 2631 1464 2697 VII
1509 2643 1608 2712 11,
1675 2632 1793 2697 sed
1846 2634 2043 2698 etiam
2098 2633 2179 2698 de
2235 2635 2675 2718 grammaticis
2730 2636 3250 2722 quaestionibuS,

658 2740 940 2803 maxime
986 2737 1067 2801 de
1111 2735 1470 2801 elocutione
1512 2733 1809 2820 Vergilii,
1865 2735 2057 2800 docte
2101 2736 2541 2822 disputantem
2596 2758 2742 2801 eum
2786 2738 2948 2803 facit
2989 2738 3023 2802 I
3070 2749 3129 2819 4,
3182 2750 3251 2808 4.

651 2842 722 2906 II
768 2849 826 2921 2,
876 2848 975 2909 12.
1023 2838 1119 2903 VI
1165 2846 1204 2909 6
1249 2860 1388 2923 sqq.
1437 2835 1552 2902 sed
1595 2861 1745 2902 eum
1786 2846 2015 2923 postea
2056 2839 2497 2922 grammatici,
2560 2839 2733 2924 apud
2791 2861 2953 2926 quos
2998 2861 3253 2925 magna

653 2952 794 3008 erat
837 2943 1049 3007 Servii
1093 2942 1467 3021 auetoritaS,
1507 2962 1587 3004 ea
1629 2963 1797 3026 quae
1842 2941 2085 3026 scripta
2126 2939 2494 3026 reliquerat,
2540 2962 2667 3027 quo
2714 2943 2969 3027 aptiora
3008 2943 3253 3008 fierent

653 3044 737 3109 ad
784 3066 940 3109 suae
983 3044 1214 3108 aetatis
1262 3065 1471 3123 usum,
1515 3052 1842 3108 mutarent
1883 3042 1990 3107 vel
2036 3042 2184 3124 alia,
2229 3064 2394 3129 quae
2440 3043 2523 3108 ab
2564 3042 2675 3107 illo
2706 3045 2963 3108 omnino
2996 3046 3253 3130 scripta

653 3169 784 3212 non
827 3153 1028 3225 erant,
1076 3144 1389 3210 adderent
1431 3153 1497 3210 et
1541 3153 2007 3230 supponerent,
2052 3153 2187 3210 tam
2228 3143 2433 3208 multa
2474 3144 2626 3210 huic
2668 3147 3087 3230 grammatico
3132 3150 3252 3212 tri-

653 3251 813 3314 buta
857 3256 1024 3328 sunt,
1070 3257 1146 3312 ut
1185 3247 1318 3310 iam
1360 3267 1488 3311 non
1531 3269 1698 3333 quae
1743 3249 1885 3332 ipse
1928 3247 2297 3332 scripserat,
2344 3245 2459 3311 sed
2502 3269 2671 3333 quae
2698 3249 3015 3333 posterior
3058 3258 3253 3314 aetas

655 3354 714 3416 ei
759 3351 1079 3416 tribuerat
1120 3349 1246 3413 hoc
1287 3350 1543 3413 nomine
1587 3350 1903 3435 inscripta
1945 3348 2289 3413 ferrentur.
2334 3348 2435 3412 his
2480 3348 2711 3413 studiis
2756 3358 2975 3414 autem
3018 3359 3085 3414 et
3113 3351 3251 3416 fre-

654 3455 877 3541 quenti
922 3451 1235 3516 librorum
1277 3473 1402 3514 usu
1447 3452 1640 3515 etiam
1685 3473 1918 3516 nomen
1947 3452 2353 3534 grammatici
2382 3450 2643 3515 videtur
2672 3461 3046 3538 corruptum
3076 3476 3249 3535 esse,

653 3565 730 3618 ut
787 3575 903 3639 pro
969 3562 1194 3617 vetere
1253 3551 1464 3617 Servii
1531 3554 1787 3640 nomine
1846 3575 2001 3616 mox
2056 3552 2324 3636 Sergius
2377 3555 2483 3618 vel
2540 3555 2843 3638 Seregius
2896 3555 3251 3621 diceretur.

655 3678 805 3720 nam
849 3656 942 3720 ita
983 3655 1145 3718 haec
1193 3655 1454 3718 nomina
1497 3663 1563 3718 et
1604 3656 1670 3717 in
1717 3653 2086 3735 codicibus,
2145 3676 2306 3739 quos
2352 3678 2549 3740 supra
2592 3658 2997 3738 enumeravi,
3049 3667 3115 3722 et
3178 3661 3247 3722 in

653 3757 1130 3822 commentariis
1175 3757 1772 3842 grammaticorum,
1820 3757 1930 3842 qui
1975 3756 2158 3822 libris
2205 3757 2417 3822 Servii
2458 3757 2563 3820 vel
2612 3759 2823 3843 Sergii
2866 3758 3249 3842 utebantur,

653 3861 824 3925 inter
868 3881 937 3923 se
983 3860 1326 3924 coniuncta
1368 3868 1432 3922 et
1476 3859 1682 3922 mixta
1728 3869 1894 3940 sunt,
1941 3869 2031 3940 ut,
2078 3860 2374 3945 quamvis
2420 3861 2487 3922 in
2530 3861 2773 3924 maiore
2816 3869 3003 3946 parte
3048 3860 3252 3926 libro-

653 3985 798 4026 rum
842 3971 1243 4027 constantem
1287 3983 1475 4025 usum
1520 3960 2002 4046 deprehendere
2056 3961 2281 4043 liceat,
2341 3971 2557 4026 tamen
2616 3971 2790 4026 certo
2846 3962 3251 4046 discrimine,

659 4065 849 4151 quasi
894 4064 1020 4128 duo
1066 4064 1472 4149 grammatici
1517 4063 1793 4127 diversis
1838 4063 2205 4128 nominibus
2252 4062 2563 4150 appellati
2616 4063 2893 4146 fuerint,
2953 4069 3255 4150 separari

655 4176 996 4254 nequeant.
1059 4188 1260 4252 quare
1315 4187 1397 4229 ne
1454 4186 1626 4229 nunc
1681 4163 1944 4250 quidem
2001 4165 2084 4230 ad
2140 4189 2339 4230 unum
2393 4187 2625 4230 nomen
2688 4169 2906 4232 omnia
2946 4170 3253 4233 revocari

655 4277 942 4354 possunt,
991 4268 1103 4332 sed
1146 4269 1215 4332 in
1261 4289 1387 4332 uno
1431 4288 1689 4353 quoque
1732 4265 1899 4330 libro
1944 4277 2019 4330 ut
2064 4269 2451 4352 optimorum
2496 4267 2789 4332 codicum
2834 4268 2962 4333 fide
3004 4290 3251 4334 nomen

653 4371 1061 4456 grammatici
1110 4369 1418 4434 traditum
1463 4379 1590 4448 est,
1646 4370 1741 4432 ita
1796 4369 2109 4454 scriptum
2166 4367 2421 4455 reliqui.
2481 4369 2595 4433 sed
2652 4371 2781 4434 iam
2840 4370 2919 4434 de
2966 4371 3250 4455 singulis

653 4473 837 4538 libris
882 4473 1241 4538 videamus,

823 4575 1054 4660 Itaque
1099 4584 1288 4638 vetus
1333 4573 1741 4658 grammatici
1786 4593 2021 4636 nomen
2065 4571 2317 4658 plenius
2372 4596 2569 4661 quam
2622 4575 2691 4638 in
2744 4574 3009 4660 reliquis
3054 4573 3248 4640 libris

655 4677 966 4760 scriptum
1011 4685 1109 4740 est
1147 4677 1214 4738 in
1257 4675 1424 4740 libro
1470 4676 1552 4740 de
1595 4684 1855 4740 eentum
1901 4676 2141 4755 metriS,
2190 4676 2299 4760 qui
2345 4676 2411 4739 in
2441 4676 2737 4762 plurimis
2768 4675 3101 4741 codicibus
3150 4686 3249 4740 at-

653 4799 778 4864 que
819 4779 886 4842 in
928 4779 1070 4863 ipso
1115 4780 1400 4842 omnium
1443 4778 1684 4862 optimo
1732 4786 1795 4840 et
1840 4777 2287 4864 antiquissimo
2320 4777 2745 4862 Neapolitano
2776 4778 2983 4843 Mario
3008 4776 3247 4844 Servio
