3434 5442
731 331 829 394 DE
871 329 1219 394 LITTERIS
1263 329 1455 392 SING.
1503 329 2023 394 FRAGMENTVM
2074 330 2125 390 i.
2165 329 2203 389 2
2632 327 2750 392 271

743 585 1043 648 VALERH
1084 585 1313 648 PROBI
1359 586 1486 669 [DE
1528 584 1725 650 IVRlS
1768 583 2181 667 NOTARVM}

339 723 384 804 S
425 725 482 783 1.
552 723 657 784 Est
703 724 880 784 etiam
924 723 1082 784 circa
1127 721 1582 802 perscribendas
1621 721 1714 783 vel
1756 721 2140 800 paucioribus
2204 719 2412 784 litteris
2468 720 2759 782 notandas

195 843 342 886 voces
381 825 648 886 studium
685 825 1104 887 necessarium.
1179 824 1336 904 quod
1373 826 1590 905 partim
1620 841 1731 903 pro
1762 822 2059 885 voluntate
2096 823 2383 902 cuiusque
2416 823 2497 892 fit,
2543 823 2758 900 partim

193 945 282 1005 pro
321 944 430 987 usu
479 926 717 1005 publico
764 933 824 986 et
859 925 1270 987 observatione
1305 926 1623 987 communi.
1685 943 1940 1004 namque
1984 925 2140 1005 apud
2181 932 2409 985 veteres
2448 941 2583 984 cum
2617 942 2759 984 usus

194 1037 444 1090 notarum
489 1028 688 1090 nullus
739 1035 924 1096 esset,
980 1034 1227 1106 propter
1271 1025 1569 1088 scribendi
1624 1026 2073 1102 difficultatem,
2130 1027 2381 1090 maxime
2435 1027 2497 1084 in
2551 1030 2759 1085 senatu
2809 1050 2834 1088 a

191 1131 276 1210 qui
317 1129 632 1191 scribendo
671 1129 936 1197 aderant,
976 1135 1041 1188 ut
1081 1127 1353 1189 celeriter
1398 1129 1554 1190 dicta
1600 1127 2205 1208 comprehenderent,
2252 1127 2541 1208 quaedam
2582 1125 2759 1186 verba

193 1239 346 1311 atque
401 1234 648 1292 nomina
703 1251 774 1292 ex
821 1231 1120 1291 communi
1173 1247 1468 1291 consensu
1522 1231 1731 1308 primis
1786 1229 1995 1290 litteris
2048 1228 2331 1289 notabant
2385 1235 2443 1288 et
2496 1225 2761 1302 singulae

191 1333 398 1392 litterae
447 1331 590 1411 quid
629 1333 1045 1412 significarent,
1084 1332 1142 1391 in
1187 1338 1468 1412 promptu
1501 1340 1644 1394 erat.
1703 1331 1864 1412 quod
1906 1335 1969 1391 in
2008 1329 2488 1408 praenominibus
2531 1327 2762 1406 legibus

193 1432 418 1511 publicis
463 1434 929 1513 pontificumque
973 1437 1370 1494 monumentis
1403 1436 1546 1495 etin
1577 1434 1724 1493 iuris
1754 1434 1937 1493 civilis
1965 1431 2133 1492 libris
2165 1431 2501 1492 etiamnunc
2541 1437 2761 1490 manet.

193 1536 252 1594 ad
291 1553 438 1614 quas
477 1537 814 1596 notationes
855 1533 1124 1615 publicas
1163 1535 1390 1595 accedit
1431 1537 1604 1596 etiam
1647 1535 2048 1595 studiosorum
2087 1532 2381 1601 voluntas;
2455 1539 2545 1592 set
2582 1548 2761 1591 unus·
2792 1557 2840 1596 ιο

193 1637 418 1715 quisque
479 1637 798 1699 familiares
851 1636 963 1697 sibi
1007 1644 1176 1696 notas
1222 1654 1332 1714 pro
1377 1636 1672 1697 voluntate
1726 1654 1877 1711 quas
1918 1638 2201 1709 signarit,
2258 1632 2764 1711 comprehendere

191 1739 466 1799 infinitum
515 1746 622 1800 est.
694 1737 966 1816 publicae
1013 1755 1155 1798 sane
1195 1737 1502 1807 tenendae,
1549 1757 1700 1819 quae
1744 1739 1802 1796 in
1846 1737 2241 1797 monumentis
2285 1734 2554 1814 plurimis
2599 1740 2658 1795 et
2701 1735 2763 1794 in

194 1839 553 1901 historiarum
599 1839 768 1901 libris
803 1841 1106 1919 sacrisque
1148 1837 1400 1918 publicis
1445 1841 1844 1919 reperiuntur,
1890 1844 1955 1898 ut

391 1940 440 2020 3
475 1942 534 2002 2.
614 1949 642 2000 1
690 1953 764 2020 Ρη
1057 1939 1303 2002 Publius

613 2051 648 2100 2
693 2055 754 2102 c·
1055 2043 1236 2106 Gaius

617 2151 652 2203 3
695 2157 770 2204 u·
1055 2145 1292 2204 Marcus

610 2255 648 2304 4
692 2264 782 2306 ων·
1054 2245 1288 2306 Gnaeus

609 2355 644 2404 5
689 2359 757 2419 Q·
1054 2347 1305 2418 Quintus

615 2456 652 2507 6
695 2462 793 2508 w·
1056 2449 1304 2510 Manius

617 2559 650 2607 7
695 2563 786 2610 Τι-
988 2601 1002 2613 ,
1059 2548 1336 2610 Tiberius

615 2659 650 2712 8
695 2664 802 2711 CL·
1061 2651 1336 2712 Claudius

617 2759 654 2810 9
698 2765 798 2812 SP·
1063 2753 1310 2831 Spurius

589 2862 656 2913 10
699 2867 850 2915 SEX·
1067 2854 1279 2915 Sextus

590 2962 651 3013 11
701 2967 848 3016 SER·
1070 2955 1308 3016 Servius

592 3065 658 3114 12
703 3071 810 3118 01³·
1072 3055 1276 3135 Opiter

593 3166 660 3218 13
702 3171 904 3218 A-v·c·
1073 3159 1146 3220 ab
1190 3159 1342 3220 urbe
1385 3160 1619 3220 condita

592 3268 660 3318 14
700 3273 902 3320 P·R·E·
1071 3268 1206 3340 post
1239 3280 1412 3341 reges
1457 3271 1694 3323 exactos

593 3370 657 3421 15
702 3375 829 3423 P·c·
1073 3372 1274 3443 patres
1316 3365 1636 3442 conscripti

595 3471 660 3523 16
704 3477 968 3537 s·P·Q·R·
1071 3474 1312 3528 senatus
1349 3464 1723 3546 populusque
1764 3464 2066 3526 Romanus

321 3618 347 3668 1
379 3618 569 3684 Incipit
606 3617 782 3667 ualerii
819 3620 966 3684 probi
1003 3620 1070 3684 de
1116 3620 1242 3670 iuris
1275 3628 1506 3669 notarum
1546 3619 1596 3669 A
1632 3626 1684 3669 et
1715 3620 1896 3670 omisso
1932 3614 1996 3683 {lt}
2031 3618 2098 3676 0,·
2152 3621 2170 3648 ‘
2190 3619 2395 3670 Valerii
2428 3619 2590 3670 Probi
2625 3627 2775 3670 notas

199 3691 339 3739 ίαν-ἰν
381 3689 726 3751 descripsisse
758 3688 1020 3740 Kiriaeum
1061 3690 1228 3752 refert
1259 3688 1554 3746 olivierius,-
1625 3689 1821 3738 Valerii
1858 3690 2006 3753 probi
2050 3689 2177 3739 iuris
2208 3697 2441 3738 notarum
2480 3690 2609 3739 liber
2652 3693 2770 3740 Vae.

199 3757 320 3807 5326
371 3759 574 3808 Valerii
609 3758 762 3807 Probi
809 3760 1128 3824 grammatici
1171 3760 1407 3809 nobilissi
1437 3760 1560 3823 (eie)
1595 3759 1659 3808 de
1699 3760 1897 3824 regulis
1932 3759 2059 3807 iuris
2096 3765 2326 3809 notarum
2374 3761 2430 3809 V
2472 3767 2521 3810 et
2555 3763 2632 3809 ita
2659 3762 2777 3822 fere

201 3829 462 3878 Amnius
495 3843 584 3878 ω.
639 3827 880 3880 Valerius
915 3831 1110 3878 Probus
1148 3831 1211 3878 de
1249 3831 1381 3880 notis
1417 3831 1740 3892 antiquarum
1776 3829 2055 3878 litterarum
2094 3827 2368 3878 Αοεανείαε
2400 3830 2481 3878 ed.
2539 3831 2775 3879 Valerius

201 3898 378 3948 Probus
413 3898 480 3948 de
517 3899 654 3948 notis
690 3899 912 3961 antiquis
947 3898 1012 3946 M
1065 3899 1130 3947 Μ.
1161 3899 1354 3948 Valerii
1389 3899 1538 3948 Probi
1573 3899 1635 3948 de
1669 3898 1805 3948 notis
1842 3899 2067 3961 antiquis
2104 3898 2407 3962 opusculum
2446 3900 2625 3952 Celtea.
2687 3899 2777 3949 ln-

199 3969 504 4029 scrt‘pti'ouem
531 3969 699 4018 omisit
731 3969 986 4018 Vallioeu.
1197 3971 1230 4018 2
1265 3975 1341 4018 est
1373 3996 1444 4008 --
1479 3969 1514 4018 5
1552 3976 1686 4018 esset
1716 3967 1871 4018 habet
1902 3967 1953 4016 Ε
2124 3969 2544 4033 praescribendas
2575 3967 2642 4017 M

201 4036 228 4088 3
259 4039 399 4088 uocis
435 4037 491 4086 Ε
597 4051 698 4099 quo
735 4037 786 4086 E
887 4038 1134 4100 cuiusque
1165 4052 1260 4088 om.
1296 4037 1348 4086 Ε
1453 4053 1627 4104 parem
1665 4038 1717 4087 Ε
1840 4041 1871 4086 4
1910 4052 2003 4088 uso
2034 4038 2089 4085 V
2186 4038 2393 4102 puplice
2422 4038 2473 4087 Ε
2574 4051 2777 4101 nanque

204 4107 300 4156 AV
337 4123 458 4158 nam
495 4121 627 4170 quos
656 4105 709 4155 Ε
881 4109 914 4157 5
947 4115 1066 4157 ante
1101 4116 1310 4173 propter
1341 4109 1540 4158 videtur
1568 4109 1821 4158 excidisse
1852 4115 2031 4172 postea
2062 4109 2139 4156 vel
2172 4108 2358 4157 deinde
2518 4108 2779 4158 scribendi

203 4175 480 4227 facultatem
514 4177 638 4228 libr-2·
736 4173 770 4225 8
805 4185 948 4227 erant
983 4178 1086 4228 CV
1187 4178 1322 4242 quod
1367 4181 1432 4227 ιιὸ
1469 4179 1522 4227 iu
1554 4178 1674 4228 AM
1707 4177 1843 4240 quod
1879 4191 1979 4226 non
2015 4177 2065 4224 in
2102 4177 2145 4226 C
2175 4177 2313 4240 quod
2352 4177 2403 4225 in
2448 4177 2518 4228 V.
2554 4180 2621 4227 ῐιὸ
2654 4179 2781 4227 illud

203 4249 246 4294 ἰιι
279 4256 467 4297 taam·
495 4249 633 4298 venis
669 4261 739 4297 ea:
761 4249 1003 4313 margine.
1107 4251 1242 4297 iuter
1277 4248 1692 4311 praenominibus
1724 4253 1773 4296 et
1810 4246 2013 4312 legibus
2048 4247 2361 4296 inserendum
2396 4256 2459 4307 et,
2495 4248 2595 4297 nisi
2619 4251 2781 4309 plura

207 4319 494 4366 addet-une
635 4315 670 4365 9
706 4317 830 4365 uiris
861 4317 922 4366 M
1064 4317 1302 4366 ciuilibus
1333 4317 1494 4368 ΛΟΜ
1525 4317 1692 4367 ciuilis
1737 4317 1795 4366 V
1822 4318 1913 4366 alii
2051 4317 2116 4366 10
2152 4325 2202 4364 et
2236 4317 2583 4366 studiosorum
2632 4319 2685 4367 V

209 4385 428 4438 uoluntas
458 4395 510 4437 et
531 4385 694 4436 ΛΟΜ
723 4388 958 4437 uoluntas
993 4395 1049 4436 ut
1083 4402 1258 4452 mar-90
1293 4390 1342 4435 Α
1382 4384 1690 4452 (‘c[orrige]
1726 4387 1835 4449 ut’)
1881 4387 1935 4434 V
2032 4386 2141 4435 iure
2171 4387 2321 4435 etiam
2360 4394 2477 4436 ante
2503 4388 2781 4450 unusquis-

207 4473 293 4518 que
319 4459 498 4508 ὑπο-ἰ(
531 4457 698 4508 Gelbes
835 4457 894 4506 11
932 4458 1192 4506 uoluntate
1219 4457 1445 4522 signaret
1477 4471 1606 4522 quas
1642 4455 2071 4520 comprehendere
2107 4455 2547 4521 (conprehendere
2574 4456 2634 4523 0)
2666 4457 2786 4507 libri

304 4525 368 4576 12
403 4543 506 4590 que
541 4525 594 4574 A
698 4525 933 4592 plurimis
971 4525 1092 4576 libri
1119 4525 1252 4586 boni,
1285 4526 1507 4592 publicis
1542 4527 1706 4577 Uellea
1845 4525 1909 4576 13
1938 4525 2278 4591 hystoriarum
2314 4525 2365 4576 A

340 4599 372 4659 S
397 4599 434 4646 2
463 4603 582 4658 post
619 4595 643 4644 1
684 4612 732 4646 1.-
767 4595 958 4646 Lucius
985 4597 1169 4646 inserit
1199 4595 1364 4646 Genea
1501 4597 1534 4646 2
1572 4610 1622 4646 e·
1655 4595 1831 4646 AMV
1866 4612 1912 4646 c·
1954 4595 1995 4645 G
2132 4597 2167 4646 4
2198 4611 2287 4647 en·
2328 4609 2492 4662 gneus
2528 4593 2649 4646 libri

208 4663 236 4713 ὓ
267 4681 354 4715 iu·
391 4665 515 4717 ubre·
653 4667 920 4715 maeonius
953 4665 1111 4717 AGV
1142 4667 1408 4715 macuuius
1449 4666 1515 4714 M
1545 4666 1751 4716 Mar-uo.
1924 4673 2047 4728 post
2076 4666 2109 4716 8
2144 4681 2193 4715 τ·
2232 4665 2376 4714 Titus
2410 4667 2588 4716 inserit
2624 4667 2786 4717 Geltes

205 4749 300 4783 eun
325 4737 577 4786 Auem-sio
613 4735 1024 4800 Peutinyeroque
1231 4735 1282 4787 9.
1324 4735 1390 4786 10
1428 4735 1580 4786 habet
1612 4735 1664 4784 Ε
1878 4737 1941 4787 12
1976 4733 2125 4785 habet
2150 4735 2226 4792 Ε,
2264 4749 2357 4785 om.
2386 4735 2453 4785 M
2484 4737 2647 4787 Celtes

211 4801 266 4854 14
295 4805 446 4856 habet
477 4805 530 4854 Ε
669 4813 877 4856 exactor
907 4804 960 4855 Ε
1101 4803 1165 4856 16
1195 4807 1314 4856 inde
1348 4819 1515 4864 ino-a-
1553 4805 1878 4871 populusque
1906 4819 2145 4856 romanus
2178 4805 2228 4854 Ε
