3434 5442
656 312 780 374 470
1828 309 2070 372 SERvn

704 415 790 467 ιΐ.
819 415 909 456 36⁴⁵.
939 415 987 456 37
1015 415 1110 455 cod.
1139 415 1235 456 Par.
1329 453 1334 458 .

659 513 823 557 mum
869 494 1110 557 Tanaim
1167 497 1218 556 si
1260 495 1488 558 biberis
1542 497 1731 578 Lyce,
1782 496 2073 560 Inclusam
2118 498 2355 562 Danaen
2399 501 2583 562 turris
2625 519 2837 572 aenea,
2894 501 3051 564 Divis
3088 511 3195 566 orte

659 597 832 659 bonis
875 603 1115 676 optume
1145 598 1481 679 Romyleae,
1525 599 1647 662 Iam
1687 601 1846 661 veris
1889 603 2133 664 comites
2171 619 2321 682 quae
2364 620 2525 664 mare
2566 611 2923 684 temperant.

827 699 1088 779 Septima
1146 700 1258 761 ode
1315 700 1538 763 dicolos
1592 708 1684 764 est
1738 701 2033 766 distrosos.
2123 723 2259 767 nam
2316 706 2483 785 prior
2532 723 2735 768 versus
2790 707 3065 770 heroicus
3110 717 3199 773 est,

661 802 762 882 qui
804 819 906 863 sex
953 801 1228 882 pedibus,
1274 802 1506 884 dactylo
1549 803 1775 866 scilicet
1817 813 1877 866 et
1916 806 2165 884 spondio
2206 807 2611 869 indifferenter
2662 810 2893 887 positis,
2947 811 3198 870 termina-

609 912 636 953 5
661 911 785 975 tur,
831 903 1126 966 secundus
1171 924 1308 968 vero
1351 913 1694 968 tetrametro
1726 905 1949 970 acefalo
1978 910 2105 970 eius
2136 909 2414 979 efficitur:
2458 927 2713 990 ususque
2750 907 2761 992 Ι
2798 918 2891 970 est
2916 908 3027 970 hac
3050 915 3205 971 metn‘

663 1008 1090 1086 compositione
1131 1006 1322 1069 trihus
1367 1015 1594 1070 tantum
1638 1009 1933 1082 cantibus,
1980 1027 2233 1088 quorum
2275 1012 2499 1091 primos
2528 1029 2733 1074 versus
2761 1011 3030 1092 adposui,
3072 1012 3205 1073 Lau·

669 1107 896 1170 dabunt
936 1108 1036 1171 alii
1079 1108 1298 1172 claram
1345 1110 1595 1172 Rhodon
1639 1119 1743 1173 aut
1783 1111 2130 1193 Mitylenen,
2174 1113 2259 1174 Te
2302 1115 2483 1175 maris
2524 1122 2585 1173 et
2624 1121 2820 1176 terrae
2864 1131 3207 1194 numeroque

665 1213 924 1273 carentis
965 1212 1250 1284 harenae,
1305 1211 1460 1286 Quid
1505 1211 1609 1274 tibi
1653 1215 1739 1275 vis
1782 1213 1995 1276 mulier
2040 1217 2225 1294 nigris
2267 1216 2605 1295 dignissima
2648 1214 2860 1276 barris.

837 1313 1052 1376 Octava
1097 1314 1210 1376 ode
1253 1314 1476 1377 dicolos
1507 1322 1596 1376 est
1623 1314 1922 1378 distrol'oS.
1988 1319 2153 1397 prior
2193 1319 2351 1379 enim
2380 1335 2585 1379 versus
2612 1317 2863 1379 efficitur
2892 1316 3209 1379 choriambo

589 1433 642 1476 ao
669 1424 729 1477 et
768 1415 1209 1496 palinbacchio;
1271 1417 1565 1480 secundus
1619 1433 1759 1478 vero
1820 1426 2049 1482 constat
2093 1437 2163 1481 ex
2208 1420 2443 1499 epitrito
2486 1418 2775 1490 secundo,
2821 1419 3047 1482 duobus
3086 1421 3211 1482 cbo·

667 1516 912 1580 riambis
965 1525 1028 1579 et
1080 1508 1520 1599 palinbacchio;
1579 1537 1838 1600 ususque
1880 1533 1967 1582 est
2006 1523 2121 1584 hac
2162 1523 2337 1582 metri
2382 1523 2803 1603 compositione
2846 1540 2965 1583 uno
3008 1530 3211 1584 tantum

677 1629 856 1682 cantu
874 1664 890 1690 ,
939 1621 1106 1682 cuius
1147 1624 1374 1703 primus
1416 1639 1622 1684 versus
1667 1622 1997 1702 adscriptus
2040 1631 2153 1694 est,
2199 1623 2377 1704 Lydia
2422 1624 2517 1686 dic
2558 1642 2669 1704 per
2708 1642 2933 1686 omnes.

837 1722 1008 1784 Nona
1051 1723 1164 1786 ode
1206 1723 1449 1786 tricolos
1489 1733 1582 1786 est
1619 1725 2008 1788 tetrastrofos.
2097 1741 2230 1787 nam
2286 1727 2465 1805 primi
2506 1725 2623 1787 duo
2665 1743 2867 1788 versus
2912 1727 3214 1807 penthemi-

673 1826 823 1886 meri
865 1823 1114 1886 iambica
1159 1834 1220 1886 et
1263 1825 1492 1888 duobus
1536 1824 1779 1906 dactylis
1820 1827 2103 1889 finiuntur
2121 1873 2135 1898 ,
2184 1830 2391 1890 tertius
2430 1846 2569 1889 vero
2612 1828 2860 1889 dimeter
2904 1836 2995 1889 est
3032 1828 3215 1890 iambi·

599 1941 649 1984 ιε
675 1945 780 1989 cus
835 1926 1372 2007 hypercatalectus,
1439 1936 1684 2009 quartus
1740 1938 1933 1991 autem
1990 1929 2233 2011 dactylis
2288 1929 2516 1991 duobus
2569 1939 2627 1992 et
2680 1929 2908 1991 duobus
2950 1931 3219 1992 trochaeis

677 2031 1058 2100 terminatur;
1115 2047 1374 2111 ususque
1431 2039 1520 2093 est
1571 2030 1686 2093 hac
1740 2033 1915 2093 metri
1960 2033 2384 2114 compositione
2426 2050 2527 2093 sex
2573 2039 2633 2093 et
2673 2033 2913 2111 triginta
2958 2031 3220 2101 cantibus,

675 2149 930 2212 quorum
973 2133 1302 2214 primordia
1347 2132 1686 2207 subnotavi,
1743 2132 1919 2196 Vides
1971 2144 2037 2197 ut
2091 2133 2205 2196 alta
2248 2141 2363 2196 stet
2405 2137 2537 2196 nive
2578 2134 2919 2204 candidum,
2968 2133 3016 2195 Ο
3056 2143 3221 2196 matre

673 2233 925 2315 pulchra
979 2235 1096 2298 filia
1151 2234 1460 2318 pulchrior
1476 2282 1491 2305 ,
1550 2233 1731 2296 Velox
1790 2253 2103 2298 amoenum
2158 2254 2335 2315 saepe
2376 2237 2727 2299 Lucretilem
2743 2284 2759 2309 ‚
2804 2237 2987 2298 Musis
3026 2237 3225 2298 amicus

675 2337 972 2398 tristitiam
1030 2348 1089 2401 et
1146 2346 1366 2409 metm,
1424 2336 1588 2400 Natis
1630 2339 1693 2400 in
1738 2355 1878 2400 usus
1921 2339 2175 2400 laetitiae
2220 2339 2416 2419 scyfis,
2470 2339 2589 2400 lcci
2630 2339 2819 2401 beatis
2862 2357 2983 2399 non
3025 2338 3225 2399 invides

585 2451 664 2494 ·²⁰
688 2438 948 2501 Arabum
979 2441 1164 2518 gazis,
1211 2438 1363 2511 Quid
1411 2440 1743 2502 dedicatum
1788 2443 1985 2521 poscis
2028 2439 2384 2520 Apollinem,
2430 2443 2651 2502 Parcus
2694 2439 2939 2503 deorum
2972 2439 3153 2502 cultor
3178 2449 3227 2501 et

675 2541 1051 2623 infrequens,
1107 2561 1148 2600 οι
1193 2542 1364 2604 Nunc
1419 2549 1511 2604 est
1565 2541 1889 2604 bibendum
1945 2561 2103 2604 nuuc
2156 2543 2307 2622 pede
2362 2541 2582 2614 libero,
2638 2543 2858 2604 Motum
2904 2561 2977 2604 ex
3022 2541 3227 2604 Metello

679 2641 924 2706 consule
981 2645 1261 2716 civicum,
1320 2646 1582 2726 Aequam
1651 2652 1950 2706 memento
2014 2644 2195 2707 rebus
2254 2647 2315 2705 in
2384 2644 2611 2716 arduiS,
2676 2643 2949 2706 Nondum
3014 2644 3228 2706 subacta

677 2746 838 2809 ferre
882 2748 1084 2826 iugum
1129 2745 1312 2818 valet,
1361 2745 1409 2808 Ο
1457 2765 1632 2828 saepe
1676 2763 1909 2808 mecum
1954 2753 2187 2828 tempus
2240 2749 2305 2808 in
2345 2746 2647 2818 ultimum,
2692 2746 2824 2808 Non
2868 2765 3100 2828 semper
3138 2749 3231 2807 im-

678 2849 819 2911 bres
861 2848 1134 2912 'nubibus
1189 2849 1479 2930 hispidos„
1540 2849 1694 2922 Quid
1738 2848 2055 2910 bellicosus
2100 2849 2391 2912 Cantaber
2434 2856 2495 2910 et
2536 2847 2807 2929 Scythes,
2852 2847 3007 2911 Malo
3050 2857 3107 2910 et
3144 2867 3231 2908 ne·

607 2963 661 3007 ²⁵
685 2953 834 3014 fasto
877 2958 938 3013 te
979 2952 1179 3031 posuit
1221 2953 1345 3025 die,
1391 2935 1556 3014 Eheu
1601 2951 1841 3031 fugaces
1880 2951 2159 3014 Postume
2203 2951 2479 3012 Postume
2527 2950 2699 3032 [et],·
2724 2949 2841 3012 Cur
2886 2969 2983 3013 me
3026 2949 3233 3032 querel-

681 3053 756 3116 lis
800 3055 1102 3116 exanimas
1143 3055 1288 3125 tuiS,
1345 3055 1646 3116 Bacchum
1687 3054 1751 3114 in
1796 3055 2041 3116 remotis
2085 3055 2346 3115 carmina
2389 3052 2663 3134 rupibuS,
2721 3052 2851 3114 Non
2896 3054 3102 3115 usitata
3142 3071 3235 3113 nec

681 3157 847 3219 tenui
905 3155 1091 3230 ferar,
1149 3153 1266 3218 Odi
1322 3156 1634 3237 profanum
1693 3153 1901 3234 vulgus
1956 3163 2015 3216 et
2058 3173 2264 3227 arceo,
2323 3158 2643 3235 Angustam
2688 3156 2879 3216 amice
2920 3157 3235 3234 pauperiem

683 3260 833 3340 pati,
881 3259 1104 3320 Iustum
1151 3267 1212 3320 et
1251 3267 1522 3320 tenacem
1567 3258 1857 3339 propositi
1900 3259 2086 3320 virum
2104 3305 2120 3330 ,
2165 3257 2472 3319 Descende
2516 3255 2679 3318 caelo
2707 3265 2769 3317 et
2810 3255 2907 3317 dic
2950 3275 3059 3336 age
3098 3256 3237 3330 tibia,

687 3360 862 3423 Caelo
905 3369 1208 3423 tonantem
1265 3360 1626 3423 credidimus
1684 3360 1909 3429 lovem,
1972 3359 2192 3422 Delicta
2250 3362 2540 3421 maiorum
2584 3360 2895 3420 inmeritus
2937 3357 3087 3430 lues,
3130 3357 3239 3420 Aeli

607 3473 661 3516 ³⁰
685 3470 916 3526 vetusto
961 3461 1174 3524 nobilis
1219 3464 1292 3525 ab
1337 3465 1552 3536 Lamo,
1599 3463 1650 3524 Ο
1693 3469 1831 3524 nate
1860 3480 2091 3524 mecum
2112 3475 2119 3480 ’
2139 3460 2381 3523 consule
2424 3459 2667 3532 Manlio,
2714 3459 2893 3522 Caelo
2936 3463 3165 3541 supinas
3200 3461 3239 3520 si

681 3564 890 3627 tuleris
932 3583 1172 3636 manus,
1237 3565 1365 3626 Vixi
1408 3565 1618 3646 puellis
1663 3582 1853 3646 nuper
1896 3564 2172 3636 idoneuS,
2220 3563 2483 3643 Tyr-rena
2526 3579 2734 3642 regum
2780 3564 3097 3642 progenies
3132 3561 3239 3630 tibi,

687 3668 936 3740 Qualem
979 3669 1320 3730 ministrum
1365 3667 1626 3729 fulminis
1671 3666 1866 3730 alitem
1883 3715 1898 3738 ,
1945 3665 2033 3728 Ne
2076 3666 2229 3727 forte
2274 3665 2483 3727 credas
2524 3666 2835 3726 interitura
2880 3681 3059 3744 quae,
3102 3664 3240 3736 Quae

689 3787 831 3832 cura
874 3777 1108 3853 patrum
1153 3787 1376 3852 quaeve
1417 3770 1733 3842 Quiritium
1752 3818 1767 3842 ,
1813 3767 2047 3831 Foebus
2090 3766 2381 3829 volentem
2428 3767 2689 3830 carmina
2734 3783 2831 3827 me
2875 3765 3055 3846 loqui.

859 3872 1098 3935 Decima
1142 3872 1256 3933 ode
1300 3870 1642 3934 monocolos
1679 3879 1785 3933 est.
1846 3889 2019 3933 versu
2050 3872 2205 3932 enim
2222 3919 2237 3942 ,
2272 3871 2367 3932 cui
2396 3867 2796 3931 choriambico
2827 3884 3046 3929 nomen
3074 3867 3241 3936 datur,

613 3981 668 4025 ⁸⁸
695 3974 1030 4038 continetur
1059 3983 1120 4036 et
1148 3980 1381 4037 constat
1407 3975 1674 4054 spondio,
1722 3972 1912 4036 tribus
1940 3971 2301 4034 choriambis
2346 3982 2404 4032 et
2446 3971 2780 4052 pyrrichio;
2828 3987 3089 4049 ususque
3130 3972 3241 4047 est!

831 4198 858 4248 1
892 4195 989 4246 sini
1025 4197 1162 4248 ueris
1198 4195 1312 4264 lyce
1417 4209 1604 4246 aeneae
1639 4195 1836 4245 diuisor
1868 4203 1917 4245 te
2056 4197 2089 4244 2
2126 4195 2225 4243 iam
2264 4193 2401 4243 beris
2537 4193 2572 4242 4
2598 4191 2815 4258 spondio
2846 4191 3131 4243 differenter

690 4271 725 4322 8
762 4267 944 4318 mulier
980 4267 1279 4334 nigrissima
1312 4267 1480 4316 barbis
1586 4267 1620 4318 9
1657 4265 1839 4315 octaba
1946 4263 2006 4318 11
2048 4273 2127 4315 est
2165 4279 2257 4316 om.
2366 4261 2430 4316 13
2472 4269 2551 4313 est
2584 4277 2675 4312 om.
2779 4261 3161 4327 penthlmimere

691 4341 758 4390 14
775 4338 923 4388 tertio
947 4351 1072 4389 uero
1145 4337 1208 4389 16
1232 4338 1532 4387 terminatus
1605 4336 1668 4387 17
1702 4350 1732 4386 ο
1758 4343 1919 4386 mater
2000 4332 2063 4383 18
2082 4333 2316 4400 pulchior
2400 4331 2464 4382 19
2482 4333 2697 4382 tristiam
2784 4330 2977 4382 laetitia
2994 4333 3247 4399 scyfl,sicce

690 4409 854 4461 beatis
889 4408 1051 4459 beatis
1193 4406 1260 4458 20
1298 4407 1430 4473 galis
1573 4407 1637 4457 21
1675 4407 1860 4456 lacuna
1896 4420 2041 4470 quam
2074 4404 2297 4455 indicavi
2328 4417 2503 4453 verena
2535 4403 2841 4467 principalis
2874 4406 3107 4455 carmim‘s
3138 4403 3157 4451 1
3191 4400 3247 4451 35

693 4495 722 4530 o
762 4478 880 4528 diva
915 4485 1116 4544 gratum
1155 4491 1285 4541 quae
1313 4477 1454 4543 regis
1493 4477 1698 4525 Antium
1738 4476 1933 4527 excidit
2032 4474 2311 4525 uiuendum
2415 4474 2482 4524 22
2518 4487 2733 4536 aequam
2769 4481 2940 4524 mento
3058 4475 3122 4524 24
3148 4485 3247 4522 can-

694 4559 838 4599 tauer
874 4543 923 4597 et
961 4547 1168 4599 scuthes
1309 4547 1374 4598 25
1420 4561 1620 4597 cannen
1667 4547 1713 4596 11
1756 4547 1836 4608 15,
1873 4547 1971 4595 iam
2011 4559 2173 4610 pauca
2206 4551 2373 4594 aratro
2410 4544 2586 4610 iugera
2620 4543 2825 4607 regiae,
2861 4543 2956 4595 hoc
2988 4545 3095 4595 loco
3122 4543 3247 4594 onde-

693 4635 798 4670 aum
829 4631 936 4668 cum
975 4619 1314 4682 praecedente
1345 4620 1585 4680 carmine,
1631 4615 1761 4666 eheu
1799 4617 2009 4683 fugaces
2042 4615 2278 4666 Postume
2312 4613 2549 4664 Postume
2570 4649 2587 4674 ,
2624 4615 2959 4664 continuatam·
2994 4615 3163 4680 leffl'ue
3190 4612 3247 4662 vi-

695 4689 843 4739 detur
875 4692 1230 4751 ormnmaticue
1401 4687 1468 4736 27
1509 4686 1650 4752 repar
1822 4687 1891 4736 28
1926 4685 2052 4735 tinia
2224 4685 2293 4736 29
2332 4681 2465 4748 lues]
2505 4683 2647 4735 locus
2788 4681 2858 4735 30
2890 4683 2955 4734 ab
2990 4683 3117 4734 almo

695 4757 906 4808 manilio
1047 4757 1113 4810 32
1149 4757 1412 4808 interitura
1457 4773 1606 4821 queq‚
1643 4771 1764 4807 cura
1911 4754 1981 4807 34
2016 4763 2094 4805 est
2127 4769 2222 4809 om.
2367 4753 2452 4804 cui
2490 4752 2767 4804 choriambi
2806 4767 3083 4822 cognomen
3120 4753 3245 4802 datur

699 4836 749 4879 et
785 4835 982 4878 constat
1010 4827 1232 4893 spondio
1259 4827 1421 4877 tribus
1458 4825 1710 4877 trochaeis
1748 4835 1798 4877 et
1835 4825 2095 4892 pyrrichio
2132 4825 2417 4876 continetur
2452 4837 2683 4888 ususque
