3434 5442
637 319 764 383 268
1825 316 2052 379 PROBI

644 528 766 569 cum
819 517 1197 572 monumenta,
1257 510 1446 566 edictis
1487 510 1768 582 perpetuis
1811 509 1948 564 iuris
1991 508 2163 565 civilis
2205 508 2351 564 libri.
2439 510 2607 579 Quam
2654 509 2725 566 ob
2770 527 2883 566 rem
2928 528 3055 567 cum
3098 527 3254 568 com-

643 596 993 653 mentationis
1052 605 1287 651 extrema
1339 612 1467 668 pars
1519 593 1882 655 interciderit,
1942 601 2119 650 tamen
2180 610 2290 651 non
2344 604 2477 668 puto
2527 595 2718 652 deesse
2770 597 2875 651 nisi
2929 595 3251 652 edictalium

643 683 985 737 notationum
1038 689 1284 753 partem;
1346 695 1521 753 neque
1573 677 1757 734 obstat
1806 679 2149 735 coniecturae
2198 695 2391 736 eorum
2444 698 2583 754 quae
2634 697 2699 736 ex
2750 689 2909 754 parte
2958 680 3253 754 deperdita

645 772 856 822 servata
887 773 1015 821 sunt
1044 765 1476 837 fragmentorum
1507 771 1717 820 natura.
1779 762 2033 819 Labentis
2062 766 2255 820 aetatis
2288 765 2741 822 iurisconsultum
2772 765 3011 839 aliquem
3047 773 3251 822 tracta·

643 859 758 907 tum
789 851 934 907 hunc
975 866 1038 904 ex
1067 848 1230 904 Probi
1271 847 1529 922 operibus
1580 850 1919 922 excerpsisse
1971 848 2254 924 probabile
2305 857 2417 914 est;
2470 867 2580 906 non
2624 851 2801 906 solum
2855 851 3007 924 quod
3060 851 3251 906 infima

643 943 818 992 aetate
871 932 1231 990 iureconsulti
1273 934 1446 1006 magis
1493 951 1654 1007 quam
1697 934 2032 1006 grammatici
2078 934 2426 991 attendebant
2468 935 2531 991 ad
2573 935 2785 992 litteras
2830 935 3147 1009 singulares
3190 937 3247 992 in

640 1020 778 1078 iuris
808 1019 962 1075 libris
993 1013 1517 1092 frequentissimas*
1560 1033 1722 1091 quam
1774 1027 2002 1092 propter
2030 1021 2442 1093 inscriptionem
2486 1037 2650 1093 supra
2700 1020 2923 1078 relatam
2972 1021 3249 1077 noviciam

643 1114 697 1160 et
725 1113 957 1180 propter
987 1106 1104 1177 ipsa
1136 1102 1296 1158 verba
1326 1103 1474 1158 iuris
1501 1103 1684 1158 civilis
1713 1102 1751 1173 S
1783 1108 1815 1156 2
1844 1111 1981 1158 extr.
2012 1102 2153 1160 male
2182 1106 2407 1159 inserta.
3184 1117 3192 1122 ·

809 1190 1096 1263 Reperisse
1145 1188 1358 1244 videtur
1398 1185 1559 1242 Probi
1613 1187 1680 1242 de
1726 1189 1873 1244 notis
1924 1188 2429 1245 commentariolum
2472 1188 2721 1245 Kiriacus
2762 1189 3145 1246 Anconitanus
3192 1192 3249 1244 in

641 1277 836 1331 itinere
881 1290 972 1335 eo,
1015 1273 1164 1346 quod
1204 1290 1252 1328 a.
1285 1275 1435 1327 1442.
1480 1274 1612 1328 1443
1653 1289 1752 1346 per
1792 1273 2041 1331 Tusciam
2082 1273 2463 1348 Liguriamque
2506 1274 2749 1330 instituit
2798 1274 2863 1330 ad
2906 1274 3249 1347 indagandas

641 1376 830 1416 eorum
875 1359 1122 1415 locorum
1169 1357 1552 1430 antiquitates:
1607 1365 1755 1413 certe
1797 1366 1923 1414 ante
1955 1358 2006 1413 id
2042 1366 2256 1431 tempus
2306 1373 2463 1414 nemo
2508 1359 2654 1432 quod
2696 1359 2861 1416 sciam
2908 1363 3247 1414 mentionem

641 1447 758 1500 eius
789 1444 918 1502 fecit
947 1451 1003 1499 et
1033 1442 1108 1499 ita
1137 1449 1446 1516 comparata
1478 1448 1608 1496 sunt
1638 1441 1880 1516 exempla
1924 1459 2062 1517 quae
2092 1453 2389 1517 supersunt
2418 1443 2625 1506 omnia,
2658 1451 2719 1500 ut
2748 1453 2803 1499 et
2833 1451 3069 1518 propter
3098 1452 3249 1499 aeta-

642 1538 750 1586 tem
781 1537 836 1585 et
863 1534 1094 1603 propter
1122 1527 1390 1600 originem
1423 1533 1478 1581 et
1507 1534 1756 1583 naturam
1787 1526 1945 1583 facile
1975 1527 2123 1584 credi
2153 1530 2369 1602 possint
2392 1527 2663 1603 descripta
2696 1545 2757 1584 ex
2788 1529 3053 1603 primario
3070 1528 3248 1584 Kiria—

781 1735 812 1769 *
850 1739 905 1787 ln
937 1734 1084 1784 libris
1113 1733 1431 1799 grammatici
1471 1734 1753 1798 argumenti
1788 1741 2020 1784 notarum
2048 1735 2277 1785 laterculi
2306 1736 2441 1799 quod
2479 1736 2633 1786 sciam
2666 1745 2843 1786 extant
2872 1737 3000 1786 nulli
3030 1745 3247 1800 excepto

641 1810 738 1859 hoc
775 1806 1080 1857 brevissimo
1124 1819 1188 1852 ex
1224 1803 1400 1852 codice
1447 1804 1568 1852 olim
1605 1803 1847 1855 Bobiensi
1886 1819 2021 1854 nunc
2058 1806 2444 1856 vindobonensi
2486 1821 2536 1857 n.
2571 1805 2637 1857 16
2673 1805 2711 1859 f.
2736 1807 2801 1857 47
2844 1807 2985 1856 edito
3031 1808 3081 1855 in
3122 1822 3245 1855 aua-

643 1879 786 1928 lectis
823 1873 1308 1926 vindobonensibus
1345 1887 1398 1937 p.
1434 1873 1563 1926 212:

952 1945 1038 1996 -c-
1080 1950 1132 1992 el
1167 1943 1341 1991 littera
1379 1949 1428 1991 el
1460 1949 1584 1992 nota
1621 1957 1753 2007 quae
1788 1950 1979 1993 centum
2012 1946 2269 2010 siqnifteat

949 2014 1037 2063 -A-
1081 2013 1193 2062 sola
1223 2010 1408 2062 Aulum
1441 2014 1694 2076 significat

948 2085 1034 2134 ·D·
1073 2083 1190 2132 sola
1223 2083 1716 2147 Decium=siqnifleat
1752 2089 1803 2131 et
1840 2085 2137 2147 quingentos

949 2155 1038 2203 ·F·
1080 2153 1196 2202 sola
1227 2151 1454 2202 Flavum

949 2225 1040 2274 ·G·
1085 2221 1266 2270 Gaium

948 2291 1014 2340 ·I·
1079 2300 1199 2343 nola
1236 2292 1440 2352 numeri,
1473 2305 1580 2339 cum
1618 2305 1763 2338 unum
1798 2297 2025 2340 notamus

946 2363 1030 2411 ·P·
1085 2359 1313 2410 Publium

947 2432 1035 2480 ·L·
1081 2437 1132 2480 et
1157 2442 1466 2494 praenomen
1506 2427 1710 2477 Lucium
1743 2435 1795 2476 et
1828 2433 1950 2478 uota
1987 2431 2179 2478 numeri
2212 2429 2575 2494 quinquaqinta

945 2499 1044 2547 -M-
1085 2514 1394 2562 praenomen
1431 2497 1666 2546 Marcum

947 2569 1026 2631 -Q·
1079 2569 1309 2631 Quintum
1344 2574 1394 2616 et
1425 2567 1648 2629 Quirites

948 2641 1036 2689 ·X·
1091 2646 1214 2687 nota
1251 2639 1458 2692 numeri,
1495 2653 1602 2686 cum
1637 2636 1805 2686 decem
1829 2637 2163 2702 significamus

947 2709 1029 2757 ·P-
1078 2708 1307 2758 Publium
1350 2709 1632 2772 siynificat,
1685 2713 1738 2756 et
1780 2721 1887 2756 cum
1929 2707 2009 2757 ·R·
2058 2708 2289 2770 populum
2332 2705 2629 2764 Romanum,
2680 2711 2731 2752 el
2770 2720 2878 2752 eum
2931 2705 3015 2754 ·C·
3062 2713 3255 2768 patres

1174 2779 1504 2840 conscriptos,
1541 2785 1594 2826 et
1629 2778 1919 2838 anteposita
1952 2773 2034 2824 -R-
2075 2791 2178 2825 rem
2204 2775 2470 2838 publicam.

638 2849 798 2909 Quem
844 2849 1024 2897 aetatis
1062 2845 1270 2895 intimae
1317 2861 1432 2896 esse
1486 2846 1716 2896 indicant
1761 2846 1894 2896 duae
1940 2853 2091 2896 notae
2134 2845 2245 2895 Gaii
2284 2843 2373 2906 G.‚
2432 2859 2531 2894 nou
2574 2841 2627 2894 C.
2670 2851 2719 2891 et
2759 2841 2924 2891 Flavii
2964 2843 3058 2904 R,
3118 2857 3253 2904 quas

637 2921 690 2968 iu
751 2918 1009 2984 lapidibus
1068 2931 1170 2966 non
1219 2917 1446 2981 reperies
1509 2925 1625 2965 ante
1682 2916 1950 2966 saeculum
1994 2917 2211 2966 tertium.
2250 2941 2320 2951 -—
2354 2915 2541 2965 Maiore
2593 2928 2709 2962 cum
2766 2911 3139 2976 probabilitate
3186 2928 3251 2960 ex

634 2989 799 3038 Probo
838 2998 1071 3052 repetaS,
1125 3001 1258 3048 quae
1289 3001 1354 3036 ex
1389 2987 1500 3036 eius
1535 2986 1742 3051 generis
1790 2985 2035 3036 laterculo
2077 2986 2127 3034 in
2166 2985 2458 3052 originibus
2500 2983 2573 3048 (l,
2608 2981 2703 3044 23)
2756 2982 2974 3045 protulit
3014 2981 3252 3030 Isidorus

637 3059 733 3110 sub
767 3059 913 3107 titulo
949 3059 1014 3107 de
1049 3057 1180 3105 notis
1215 3057 1463 3116 iuridicis,
1502 3069 1734 3118 quaeque
1770 3055 2093 3106 commodum
2132 3057 2228 3105 erit
2264 3055 2360 3104 hoc
2398 3055 2507 3105 loco
2544 3052 2841 3102 exhibuisse
2876 3064 3029 3117 prout
3062 3051 3253 3116 legun-

635 3139 718 3180 tur
755 3129 806 3176 in
845 3127 1202 3190 antiquissimo
1245 3126 1374 3175 libro
1410 3123 1806 3188 Guelferbytano
1847 3126 2262 3192 (weissenburg.
2301 3125 2367 3175 6³
2402 3139 2537 3173 saec.
2576 3123 2746 3184 Vlll):
2783 3121 3045 3183 Quaedam
3080 3131 3253 3170 aulem

633 3201 838 3247 litterae
875 3199 924 3246 in
948 3197 1092 3245 libris
1117 3197 1248 3245 iuris
1281 3195 1430 3261 [iuris
1462 3209 1618 3259 supra
1645 3192 1870 3260 versum]
1910 3196 2176 3246 verborum
2210 3211 2411 3247 suorum
2446 3202 2599 3244 notae
2634 3199 2765 3249 sime,
2804 3192 2942 3256 quod
2976 3194 3253 3254 inser-iptio

635 3269 820 3317 celeris
851 3268 1116 3331 brevisque
1147 3267 1260 3320 fiat.
1334 3264 1668 3315 Scribebatur
1703 3272 1868 3314 autem
1902 3266 2047 3317 verbi
2075 3267 2250 3331 ,qratia

1044 3351 1145 3399 pez·
1187 3335 1237 3385 B
1270 3342 1322 3384 et
1354 3335 1407 3383 F
1469 3333 1646 3383 bonum
1675 3335 1867 3398 factum

1051 3420 1154 3468 per
1193 3406 1236 3455 S
1271 3411 1320 3454 et
1355 3404 1397 3454 C
1463 3410 1673 3453 senalus
1709 3407 1983 3456 consultum

1048 3489 1154 3540 per
1189 3474 1234 3524 R
1275 3481 1326 3523 et
1359 3474 1409 3521 P
1475 3487 1564 3523 res
1596 3475 1805 3535 puplica

1048 3558 1152 3606 per·
1190 3543 1236 3591 P
1269 3551 1320 3592 el
1352 3543 1397 3593 R
1465 3545 1682 3606 populus
1716 3543 1973 3595 Romanus

1051 3628 1152 3675 per
1193 3615 1236 3661 D
1272 3620 1322 3662 et
1363 3611 1411 3661 T
1475 3613 1590 3662 dum
1625 3621 1781 3662 taxat

1049 3698 1153 3746 per
1187 3685 1416 3744 supinam
1451 3681 1519 3731 M
1545 3683 1768 3733 litteram
1792 3685 1859 3734 W
1930 3684 2106 3733 mulier

1047 3766 1151 3816 per
1189 3752 1236 3799 P
1263 3753 1531 3802 secundum
1569 3761 1803 3802 naturam
1832 3755 2059 3816 pupillus

1052 3835 1152 3882 per
1183 3821 1226 3870 h
1269 3837 1449 3874 averso
1484 3823 1651 3884 eapite
1715 3824 1915 3886 pupilla

1051 3906 1152 3955 per
1189 3906 1333 3939 unum
1364 3891 1418 3940 K
1486 3901 1639 3956 capul

1051 3975 1153 4023 per
1187 3961 1285 4009 duo
1317 3961 1373 4010 K
1405 3959 1463 4009 K
1528 3962 1803 4011 calomniae
1836 3959 2001 4010 kausa

1049 4045 1152 4092 per
1185 4029 1220 4079 I
1245 4039 1296 4080 el
1328 4032 1378 4081 E
1447 4032 1606 4080 iudex
1639 4037 1745 4080 esto

1049 4115 1148 4163 per
1186 4101 1233 4150 D
1271 4109 1320 4152 el
1355 4101 1422 4149 M
1487 4101 1651 4150 dolum
1684 4101 1877 4149 malum.

636 4165 788 4216 Cuius
827 4167 1036 4230 ,qeneris
1070 4174 1320 4233 plurimas
1364 4172 1641 4223 consimiles
1686 4178 1833 4220 notas
1877 4171 1927 4218 in
1964 4166 2107 4216 libris
2142 4168 2363 4232 antiquis
2408 4169 2702 4218 invenimus.
2756 4167 2874 4216 Has
2924 4167 3057 4216 iuris
3094 4176 3255 4218 notas

635 4237 804 4286 novitii
839 4239 1174 4298 imperatores
1208 4257 1241 4290 a
1279 4241 1536 4290 codicibus
1568 4243 1727 4306 legum
1758 4239 2036 4290 abolendas
2072 4244 2375 4293 sanxerunt,
2406 4237 2525 4302 quia
2553 4239 2729 4286 multos
2760 4253 2858 4299 per
2888 4237 2987 4288 has
3021 4239 3256 4289 callidae

631 4306 826 4370 ingenio
860 4307 1155 4370 ignorantes
1192 4311 1524 4373 decipiebant,
1564 4319 1714 4376 atque
1748 4311 1822 4360 ila
1860 4313 2115 4359 iusserunt
2144 4307 2445 4356 scribendas
2479 4308 2529 4355 in
2559 4307 2751 4372 legibus
2779 4307 3007 4367 litteras,
3043 4316 3097 4356 ut
3134 4311 3253 4357 nul-

651 4393 710 4428 os
743 4376 952 4426 e'rrores
966 4415 979 4438 ‚
1035 4381 1204 4430 nullas
1249 4380 1484 4445 ambayes
1519 4381 1791 4444 adferant,
1846 4379 1943 4430 aed
1971 4379 2230 4442 sequenda
2266 4385 2318 4426 et
2348 4377 2557 4427 vitanda
2602 4385 2781 4442 aperte
2816 4379 3253 4428 demonstrarent.

638 4446 712 4494 Ex
749 4445 832 4496 his
864 4461 957 4512 pro
995 4449 1348 4515 exemplorum
1381 4450 1638 4514 paucitate
1673 4452 1800 4500 satis
1826 4448 1984 4499 multa
2011 4449 2223 4498 redeunt
2258 4448 2393 4511 apud
2421 4447 2673 4505 Probum3
2708 4448 2799 4498 sed
2837 4446 2942 4497 alia
2978 4448 3253 4510 differunt,

635 4525 690 4564 ut
724 4519 1002 4568 calumniae
1037 4535 1198 4570 causa
1237 4519 1374 4584 apud
1415 4521 1668 4570 Isidorum
1705 4528 1909 4569 notatur
1944 4517 1997 4566 K
2014 4518 2121 4577 ·K‚
2172 4518 2309 4582 apud
2345 4518 2566 4568 Probum
2599 4518 2653 4567 K
2669 4518 2763 4580 ·G,
2816 4534 2985 4582 neque
3022 4519 3253 4570 Probum

635 4585 937 4635 crediderim
977 4588 1216 4640 docuisse
1256 4589 1306 4639 in
1351 4590 1482 4639 notis
1521 4589 1588 4640 ad
1621 4589 1925 4640 femininum
1964 4603 2127 4653 genus
2162 4587 2559 4654 significandum
2598 4589 2793 4639 litteras
2826 4591 3129 4655 singulares
3174 4591 3252 4638 iu-

637 4655 795 4716 veni,
846 4665 898 4704 ut
937 4656 1256 4708 invertuntur
1291 4661 1340 4710 w
1390 4667 1439 4707 et
1473 4659 1513 4708 b
1559 4660 1698 4724 apud
1750 4659 2017 4710 Isidorum.
2091 4657 2215 4706 Nam
2261 4658 2467 4707 meliore
2515 4667 2679 4709 aetate
2726 4659 2791 4709 ad
2842 4659 3253 4726 distinguendas

634 4723 854 4773 feminas
889 4730 1204 4792 usurpabant
1253 4729 1448 4778 litteras
1487 4743 1587 4778 non
1635 4730 1893 4790 inversas,
1948 4727 2039 4778 sed
2076 4741 2353 4780 conversas
2390 4729 2740 4791 dextrorsum,
2800 4737 2854 4778 ut
2884 4739 3006 4780 sunt
3042 4731 3081 4780 ἱ)
3120 4729 3254 4780 Gaia

637 4794 714 4842 vel
751 4795 924 4860 potius
954 4798 1154 4864 mulier,
1193 4803 1234 4853 (Ι
1271 4798 1488 4865 pupilla,
1526 4799 1566 4849 Γ»Ι
1601 4798 1728 4853 filia.
