3434 5442
644 287 722 349 16
1541 338 1551 349 .
1815 286 2041 349 PROBl

741 417 784 459 ῃ.
816 404 1018 447 κιο-58
1044 402 1090 445 r.
2796 416 2843 457 p.
2874 403 2965 445 ιω.
2985 404 3037 445 ιο
3060 402 3113 443 ι..

639 475 914 537 Lucanus
968 479 988 509 ‘
1007 474 1335 555 degener
1389 493 1424 535 o
1477 493 1514 554 p
1533 475 1840 554 opulus’
1898 474 1987 557 [et
2025 474 2182 537 aliud
2226 492 2409 537 unum
2456 491 2641 551 gener
2694 474 2989 537 secundae
3032 473 3212 537 deeli-

621 579 908 649 ,nationis‚
953 594 1138 654 gener
1181 575 1434 657 generi}
1514 594 1624 637 nor
1663 577 1871 639 tertiae
1902 583 2038 639 sunt
2076 576 2497 645 declinationis,
2542 580 2631 639 ris
2666 576 2890 639 faciunt
2920 577 3207 655 genetivo,

637 698 674 739 o
703 682 764 741 in
795 680 1150 741 nominativo
1193 696 1429 757 semper
1473 684 1767 757 correpta,
1814 681 1874 739 in
1918 682 2187 756 genetivo
2228 696 2366 739 vero
2406 680 2469 741 in
2500 678 3209 759 appellativis-producta,

635 789 701 843 ut
749 781 846 843 hic
895 781 1088 843 honor
1151 781 1324 842 buius
1377 778 1648 849 honoris,
1709 781 1903 841 minor
1955 781 2231 848 minoris;
2300 788 2359 841 et
2412 780 2633 851 honos,
2692 780 2850 842 ‘hic
2900 781 3211 859 pietatis

583 906 610 947 ι
635 884 925 944 honos’.
1011 884 1252 962 propria
1281 892 1288 897 ’
1321 882 1650 961 corripiunt
1711 899 1747 941 o
1814 882 1987 943 etiam
2050 884 2111 943 in
2170 882 2475 960 genetivo,
2546 884 2807 943 Antenor
2872 883 3205 951 Antenoris,

633 988 866 1065 Agenor
911 986 1214 1064 Agenoris,
1261 983 1518 1045 Helenor
1555 982 1885 1046 Helenoris.

803 1088 919 1149 Par
963 1089 1166 1151 tertiae
1211 1093 1349 1149 sunt
1389 1084 1811 1154 declinationis,
1854 1088 1939 1149 ris
1982 1085 2205 1147 faciunt
2244 1087 2532 1163 genetivo,
2580 1085 2678 1149 hic
2708 1094 2766 1147 et
2806 1086 2954 1149 haec
2994 1092 3055 1147 et
3096 1085 3209 1145 hoc

632 1207 742 1269 par
786 1189 878 1251 vel
921 1190 1120 1269 inpar,
1179 1188 1340 1269 paris
1397 1186 1484 1249 vel
1532 1188 1789 1266 inparis,
1848 1188 2047 1265 dispar
2090 1188 2367 1267 disparis,
2412 1206 2655 1266 compar
2698 1190 3009 1267 comparis.
3100 1206 3209 1267 per

632 1293 942 1353 terminata
989 1292 1393 1368 corripiuntur
1425 1296 1487 1351 et
1533 1298 1670 1351 sunt
1703 1289 2029 1351 secundae:
2078 1307 2211 1350 nam
2249 1291 2341 1367 pri
2383 1290 2605 1353 faciunt
2630 1292 2981 1368 genetivum.
3028 1308 3209 1369 caper

563 1416 610 1457 ιο
633 1396 828 1473 capri,
873 1410 1018 1473 aper
1057 1393 1216 1471 apri,
1273 1398 1516 1471 excepto
1559 1409 1676 1453 uno
1730 1392 1965 1471 generis
2008 1394 2199 1453 omnis
2246 1391 2652 1453 declinationis
2704 1394 2941 1463 tertiae,
2995 1410 3029 1453 e
3074 1410 3207 1451 cor-

630 1502 860 1575 reptam
897 1496 956 1555 in
1001 1496 1269 1572 genetivo
1303 1502 1440 1555 ante
1479 1494 1562 1553 ris
1599 1492 1872 1565 habente,
1918 1494 2013 1555 hic
2058 1511 2283 1573 pauper
2328 1496 2625 1573 pauperis.
2666 1500 2675 1569 Ι
2714 1493 2860 1555 haec
2902 1511 3149 1573 pauper,

934 1614 1144 1676 quam
1181 1595 1499 1657 honeste
1539 1596 1610 1656 in
1647 1597 1891 1673 patria
1928 1597 2497 1675 pauper·vivere

633 1706 692 1760 et
734 1700 1102 1778 ‘paupere
1144 1701 1404 1759 terra’.
1469 1696 1682 1759 dicitur
1727 1704 1785 1758 et
1824 1698 1971 1759 haec
2010 1715 2299 1777 paupera,
2347 1697 2587 1764 Plautus
2627 1700 2987 1777 ‘paupera
3026 1697 3207 1759 haec

631 1818 752 1861 res
795 1803 981 1869 est’;
1051 1805 1108 1861 et
1165 1798 1279 1861 hoc
1318 1817 1574 1878 pauper,
1647 1799 1935 1878 Vergilius
1994 1800 2392 1880 ‘pauperis
2458 1806 2525 1861 et
2588 1802 2899 1876 tuguri’.
2990 1806 3051 1861 et
3090 1798 3209 1859 hoc

557 1925 605 1965 is
631 1904 800 1982 piper
841 1902 1096 1981 piperis:
1156 1902 1392 1963 Persius
1435 1906 1823 1979 ‘rugosum
1870 1903 2139 1981 piper'.
2230 1903 2322 1981 pir
2356 1918 2501 1980 pur:
2563 1900 2654 1961 his
2696 1900 2935 1981 syllabis
2974 1900 3207 1963 nullum

630 2022 842 2065 nomen
884 2004 1250 2065 terminatur.
1339 2022 1450 2083 por
1493 2004 1700 2067 tertiae
1742 2011 1880 2065 sunt
1924 2003 2343 2073 declinationis,
2390 2004 2788 2082 corripiuntur
2830 2006 2893 2065 in
2938 2004 3207 2065 nomina-

626 2109 772 2178 tivo,
833 2108 890 2167 in
949 2105 1216 2184 genetivo
1271 2105 1614 2183 appellativa
1663 2106 2107 2184 producuntur,
2164 2124 2346 2185 vapor
2402 2108 2666 2185 vaporis,
2724 2124 2902 2185 sapor
2950 2108 3205 2185 saporis.

625 2208 744 2286 legi
787 2227 968 2270 unum
1013 2226 1166 2267 novo
1195 2207 1368 2268 modo
1413 2208 1729 2286 figuratum
1763 2209 1918 2288 apud
1948 2206 2301 2278 Sallustium,
2344 2207 2626 2287 Publipor
2655 2206 3022 2287 Publiporis:
3064 2226 3205 2269 nam

626 2310 790 2390 quasi
837 2311 1146 2389 proprium
1191 2316 1298 2371 est.
1649 2377 1657 2383 ,

549 2436 602 2476 2⁰
795 2410 958 2483 Quar
993 2430 1142 2491 quer
1183 2413 1318 2492 quir
1363 2428 1547 2491 quur:
1594 2429 1714 2473 non
1754 2414 2130 2493 reperiuntur
2176 2412 2267 2473 his
2306 2409 2545 2491 syllabis
2588 2412 2825 2473 nomina
2865 2412 3203 2475 terminata.

625 2530 777 2593 quor
824 2514 1132 2573 terminata
1181 2514 1418 2573 nomina
1457 2514 1664 2574 tertiae
1697 2520 1835 2574 sunt
1876 2513 2293 2583 declinationis,
2340 2513 2422 2573 ris
2454 2513 2687 2575 ‘faciunt
2732 2510 3020 2591 g‘enetivo,
3070 2532 3107 2573 o
3142 2516 3203 2575 in

623 2616 892 2694 genetivo
949 2614 1430 2694 appellativorum
1473 2614 1761 2693 producta
1780 2662 1794 2685 ,
1852 2614 1949 2677 hic
1990 2615 2185 2696 liquor
2228 2614 2506 2697 liquoris,
2564 2622 2811 2695 excepto
2863 2633 2981 2677 uno
3036 2623 3099 2677 et
3142 2618 3201 2676 in

623 2720 890 2796 genetivo
935 2724 1240 2795 correpto,
1289 2735 1511 2797 aequor
1549 2718 1852 2797 aequoris,
1908 2720 2061 2779 sicut
2104 2736 2361 2781 marmor
2408 2720 2745 2787 marmoris,
2806 2736 2987 2797 quae,
3044 2719 3205 2779 sicut

622 2820 856 2900 saepius
897 2820 1104 2889 docui,
1150 2819 1222 2881 de
1268 2818 1747 2898 appellativorum
1792 2821 2019 2881 ratione
2074 2826 2313 2899 excepta
2360 2827 2500 2880 sunt
2540 2838 2607 2879 or
2652 2818 2874 2899 syllaba
2916 2821 3202 2881 termina-

545 2944 598 2985 25
626 2930 818 2985 torum
855 2941 892 2984 o
951 2922 1010 2981 in
1063 2923 1330 2999 genetivo
1377 2921 1727 2999 productam
1777 2920 2137 2984 habentium.
2225 2940 2325 2981 rar
2367 2939 2467 2983 rer
2508 2924 2593 2981 rir
2637 2939 2773 2983 rur:
2827 2921 2920 2983 his
2964 2920 3201 3001 syllabis

620 3024 776 3087 nulla
827 3025 1061 3085 nomina
1119 3025 1432 3085 terminata
1481 3026 1739 3086 inveni.·
1784 3042 1887 3084 ror
1928 3025 2137 3085 tertiae
2188 3031 2355 3093 sunt,
2416 3024 2498 3083 ris
2547 3024 2767 3084 faciunt
2810 3024 3109 3101 genetivo,
3164 3042 3199 3084 o

619 3128 906 3209 producta
951 3128 1006 3187 in
1047 3124 1434 3205 appellativis,
1478 3114 1782 3187 maeroris
1804 3127 2052 3187 terroris
2100 3128 2343 3187 sororis,
2434 3142 2529 3185 sar
2572 3125 2779 3186 tertiae
2834 3132 2975 3187 sunt
3018 3125 3199 3187 decli-

619 3232 889 3302 nationis
933 3230 1016 3290 ris
1057 3229 1278 3291 faciunt
1303 3232 1592 3306 genetivo,
1642 3228 1857 3291 Caesar
1888 3228 2169 3298 CaesariS,
2216 3236 2275 3289 et
2314 3228 2477 3307 siqua
2526 3226 2687 3288 talia„
2752 3246 2852 3288 ser
2884 3230 3199 3290 terminata

621 3334 812 3393 omnia
859 3331 1260 3409 corripiuntur
1295 3336 1356 3391 et
1383 3326 1410 3413 ΙΙ
1435 3336 1576 3392 sunt
1611 3334 1819 3393 tertiae
1848 3330 2271 3399 declinationis,
2319 3331 2379 3391 id
2408 3336 2497 3391 est
2528 3330 2611 3389 ris
2647 3328 2869 3391 faciunt
2904 3330 3197 3409 genetivo,

541 3454 594 3495 ao
621 3436 670 3495 si
707 3433 862 3495 aliud
909 3450 1094 3511 genus
1145 3450 1218 3492 ex
1271 3449 1336 3491 se
1389 3450 1506 3493 non
1555 3434 1831 3504 fecerint,
1888 3441 1954 3495 ut
1994 3450 2169 3493 anser
2220 3448 2453 3509 passer,
2510 3432 2735 3492 anseris
2787 3433 3060 3509 passeris.
3147 3434 3199 3492 si

619 3536 866 3597 fecerint
907 3532 1062 3595 aliud
1107 3550 1322 3612 genus,
1367 3536 1662 3597 secundae
1707 3542 1883 3596 erunt
1916 3534 2353 3604 declinationis,
2409 3536 2463 3595 ri
2506 3534 2721 3595 facient
2756 3533 3051 3611 genetivo,
3098 3534 3197 3597 hic

617 3638 796 3697 miser
840 3636 1016 3697 huius
1054 3636 1270 3696 miseri.
1357 3638 1441 3696 sir
1483 3654 1614 3697 sur:
1673 3637 1764 3697 his
1806 3636 2039 3718 syllabis
2096 3635 2254 3699 nulla
2307 3638 2543 3697 nomina
2594 3636 3005 3697 terminantur.
3094 3654 3199 3697 sor

617 3740 826 3799 tertiae
870 3743 1008 3798 sunt
1050 3736 1482 3806 declinationis,
1535 3739 1620 3798 ris
1665 3738 1887 3799 faciunt
1934 3740 2231 3819 genetivo,
2284 3757 2319 3799 o
2364 3738 2650 3817 producta
2709 3738 2769 3799 in
2812 3737 3195 3817 appellativis

619 3858 844 3903 messor
885 3842 1182 3908 messoris,
1231 3840 1421 3901 fossor
1463 3841 1751 3909 fossoris„
1774 3858 1977 3903 caesor
2022 3842 2295 3911 caesoris,
2342 3849 2399 3901 et
2438 3841 2605 3919 siqua
2650 3838 2802 3899 talia.

539 3964 590 4005 as
785 3942 904 4003 Tar
953 3960 1102 4021 pura
1157 3960 1274 4001 non
1329 3943 1526 4003 inveni
1575 3960 1793 4004 nomen
1848 3942 2083 4023 aliquod
2134 3944 2529 4005 terminatum.
2618 3959 2649 4001 s
2690 3940 2879 4003 littera
2938 3941 3029 4004 vel
3084 3941 3195 4004 alia

756 4080 780 4131 1
825 4075 1084 4143 Lucanus]
1119 4078 1358 4128 Pharsal.
1395 4078 1436 4129 ll
1475 4078 1571 4131 116
1669 4080 1861 4129 (ει-*2
1897 4079 2071 4145 generi
2106 4084 2155 4131 in
2192 4094 2349 4144 mar-9.
2389 4079 2509 4129 add.
2546 4078 2595 4129 B
2732 4080 2765 4127 2
2800 4078 2873 4128 ris
2906 4095 2999 4131 om.
3040 4080 3093 4129 B

614 4152 647 4201 4
695 4146 798 4213 hic]
860 4148 1020 4213 Vera.
1057 4146 1191 4199 Aen.
1233 4150 1250 4197 l
1291 4147 1392 4199 253
1563 4150 1596 4202 6
1643 4148 1886 4199 haelenor
1924 4148 2209 4199 haelenoris
2244 4152 2293 4199 B
2356 4149 2573 4213 Elpenor
2612 4148 2883 4213 Elpenoris
2931 4150 3198 4201 flet-sehim

756 4219 818 4271 11
868 4217 950 4268 hic
987 4232 1184 4284 pauper
1217 4218 1454 4285 pauperis
1491 4232 1620 4269 euan
1671 4220 1876 4284 (deletis
1910 4222 2090 4270 litteris
2134 4222 2288 4280 enan)
2326 4218 2454 4267 haec
2487 4218 2538 4269 B
2584 4218 2671 4268 hic
2716 4233 2911 4284 pauper
2950 4222 3197 4287 pauperis

615 4289 836 4339 Evandri
875 4289 1066 4352 (Ver-9.
1110 4291 1240 4342 Aen.
1285 4288 1396 4337 Vlll
1427 4289 1554 4351 360)
1591 4288 1716 4337 haec
1754 4288 2125 4339 Lindemann-1⁸
2158 4288 2243 4338 hic
2270 4288 2471 4339 ethaeo
2506 4296 2557 4339 et
2584 4287 2683 4337 hoc
2718 4302 2913 4354 pauper
2948 4292 3197 4355 pauperis

613 4358 739 4409 lmec
773 4358 1044 4410 Putscln'us
1186 4360 1251 4410 12
1289 4358 1556 4409 Terentius
1584 4373 1733 4423 quam
1774 4372 1806 4414 ς
1834 4374 1845 4407 :
1886 4358 2002 4409 Ter.
2040 4359 2207 4409 Andr.
2239 4360 2327 4408 llll
2362 4360 2413 4418 5,
2442 4358 2475 4409 3
2610 4357 2677 4409 13
2715 4368 2765 4409 et
2799 4372 2997 4425 pauper
3028 4368 3197 4410 eterra

613 4428 682 4487 B,
717 4444 808 4480 om.
847 4442 881 4485 ς
909 4445 922 4479 :
974 4430 1133 4493 Ver-0.
1170 4429 1298 4479 Aen.
1334 4430 1396 4477 vl
1431 4429 1534 4480 812
1701 4428 1907 4477 Plautus
1942 4428 2069 4478 haec
2103 4444 2183 4478 res
2214 4436 2295 4478 est
2326 4442 2552 4495 paupera
2586 4442 2661 4485 sn:
2709 4442 2934 4495 paupera
2959 4438 3085 4495 post
3115 4440 3196 4481 est

611 4502 661 4549 in
698 4513 854 4563 mar-9.
893 4498 1018 4552 add.
1053 4500 1104 4549 B
1133 4515 1147 4549 τ
1193 4499 1398 4547 Plautus
1455 4500 1505 4549 in
1544 4498 1808 4548 Vidularia
1842 4513 2069 4565 paupera
2109 4497 2235 4547 haec
2274 4512 2357 4548 res
2392 4508 2471 4549 est
2528 4499 2821 4549 Priscianus
2862 4514 2917 4562 p.
2948 4500 3051 4550 647

619 4570 678 4619 14
712 4565 996 4633 Vergilius]
1038 4569 1198 4621 bucol.
1245 4570 1286 4632 l,
1315 4567 1384 4617 69
1565 4570 1624 4620 15
1671 4566 1899 4633 Persius]
1941 4576 2043 4619 sat.
2079 4570 2128 4631 5,
2165 4569 2231 4618 55
2411 4567 2476 4619 18
2522 4582 2625 4619 ιιιιο
2670 4569 2820 4619 modo
2858 4584 2993 4619 corr.
3034 4584 3193 4619 unum

615 4652 748 4689 nouo
785 4638 934 4687 modo
966 4638 1019 4687 B
1171 4639 1308 4703 apud
1345 4635 1663 4703 Sallustium]
1705 4638 1755 4686 in
1787 4638 1851 4687 ΙΙΙ
1882 4637 2207 4701 historiarum
2248 4638 2541 4691 maanus
2572 4652 2625 4700 p.
2658 4638 2761 4689 700
2932 4638 3003 4689 20
3040 4638 3191 4706 quer]

613 4722 770 4771 quuaer
803 4708 852 4757 B
989 4705 1140 4773 quur]
1178 4723 1306 4772 quor
1335 4722 1470 4757 corr.
1503 4722 1634 4770 quur
1669 4708 1721 4757 B
1859 4709 1927 4759 26
1964 4710 2204 4775 genetiuo
2236 4710 2285 4759 in
2314 4724 2375 4759 eo
2412 4708 2655 4775 producta
2690 4710 2741 4759 B
2878 4710 2945 4760 27
2984 4712 3193 4761 terroris

612 4778 688 4827 bis
719 4780 956 4841 arreptum
993 4784 1070 4827 est
1103 4781 1153 4827 in
1187 4777 1239 4827 B
1274 4779 1461 4827 erroris
1501 4778 1706 4835 terroris
1744 4792 1777 4833 ς
3056 4800 3063 4805 -
