3434 5442
1144 313 1555 375 CATHOMCA
1602 313 1625 374 l
1662 310 1914 374 48-50
2731 309 2811 371 27

334 442 381 485 p.
413 432 531 472 mi.
551 431 601 471 τι
630 431 679 475 r.
2404 439 2449 481 p.
2479 426 2634 467 128.ae
2661 426 2710 467 L.

224 502 391 581 lupi,
440 520 685 580 campus
724 502 947 581 campi,
991 500 1186 581 lippus
1230 500 1398 581 lippi,
1446 502 1705 582 exceptis
1745 499 2005 569 duobus,
2045 518 2166 563 uno
2205 496 2608 579 monosyllabo
2647 497 2812 561 inde-

225 604 528 674 clinabili,
576 605 691 665 hoc
734 623 867 685 puS,
916 611 974 665 et
1016 622 1135 665 uno
1174 605 1381 667 tertiae
1428 602 1834 667 declinationis
1875 603 1958 663 ris
2005 602 2256 663 faciente
2299 602 2600 681 genetivo,
2645 600 2814 681 lepus

226 706 461 785 leporis
519 726 555 767 o
612 715 915 785 correpta;
990 725 1123 767 nam
1182 708 1482 782 producta
1534 708 1645 767 erit
1710 703 1930 785 leporis
1998 705 2330 781 significans
2384 701 2730 783 elegantiam
2781 724 2814 765 a

220 809 597 871 nominativo
662 808 849 889 lepos.
940 809 1163 871 Graeca
1234 826 1345 887 pus
1405 809 1717 869 terminata
1786 808 1992 869 tertiae
2055 811 2191 867 sunt
2255 804 2658 867 declinationis
2727 807 2816 868 dis

222 912 511 973 facientia
556 912 841 990 genetivo,
888 909 1213 989 Melampus
1254 908 1655 989 Melampodis,
1698 910 1956 989 Oedipus
2001 908 2349 987 Oedipodis;
2419 909 2681 989 quamvis
2719 908 2816 969 hic
2867 932 2892 971 s

222 1012 509 1095 [domus]
568 1012 901 1091 Oedipodes
942 1010 1159 1075 lectum
1204 1019 1310 1073 est.
1396 1031 1503 1093 pys
1547 1013 1771 1075 Graeca
1815 1018 1970 1073 sunt.
2061 1028 2194 1071 nam
2243 1030 2274 1091 y
2317 1008 2572 1072 litteram
2617 1010 2817 1071 Latina

218 1116 473 1177 nomina
520 1133 843 1195 numquam
886 1114 1123 1177 habent.
1214 1122 1349 1175 sunt
1392 1120 1585 1175 autem
1631 1114 1844 1175 tertiae
1885 1112 2288 1175 declinationis
2329 1115 2378 1174 is
2423 1130 2576 1191 pura
2617 1112 2817 1173 termi-

220 1225 363 1279 nata
397 1219 693 1297 genetivo,
738 1216 833 1277 hic
863 1216 1049 1297 Capys
1092 1216 1267 1279 huius
1300 1216 1526 1296 Capyis
1614 1233 1762 1293 pans
1801 1217 2010 1277 tertiae
2046 1213 2452 1277 declinationis
2494 1215 2568 1275 tis
2599 1213 2820 1277 faciunt

190 1320 541 1407 ,genet-ivo,
596 1320 819 1397 stipans
864 1321 1150 1399 stipanti&
1239 1319 1355 1380 hoc
1408 1325 1601 1379 tamen
1646 1324 1981 1387 teneamus,
2029 1317 2184 1397 quod
2228 1320 2422 1379 omnia
2468 1319 2704 1378 nomina
2750 1334 2818 1377 ns

218 1424 549 1483 terminata
608 1424 681 1481 tis
740 1421 967 1482 faciunt
1016 1422 1285 1499 genetivo
1349 1421 1609 1500 exceptis
1662 1419 1925 1483 duobus.
1993 1438 2144 1500 quae
2201 1420 2276 1481 tis
2327 1418 2551 1481 faciunt
2603 1426 2661 1479 et
2707 1418 2815 1489 dis,
2847 1439 2896 1481 ιο

216 1524 403 1585 frons
447 1523 677 1585 frondis
734 1530 791 1585 et
832 1523 999 1584 frons
1042 1524 1277 1593 Frontis,
1339 1521 1465 1585 lens
1504 1522 1694 1595 lendis
1740 1528 1798 1583 et
1840 1520 2030 1583 lentis.
2121 1522 2356 1603 quidam
2411 1526 2621 1601 putant
2673 1520 2820 1582 haec

217 1626 405 1687 lentis
452 1624 677 1687 dehere
721 1625 839 1685 dici
883 1633 941 1686 et
981 1624 1129 1687 haec
1163 1624 1383 1695 lendis;
1451 1625 1555 1687 sed
1599 1630 1828 1693 errant,
1878 1625 2010 1703 quia
2055 1642 2176 1685 non
2213 1623 2407 1685 inveni
2445 1623 2556 1683 hac
2601 1614 2818 1703 syllaba

218 1746 451 1789 nomen
492 1726 727 1806 aliquod
774 1727 1171 1789 terminatum.

401 1830 566 1903 Ques
606 1836 875 1907 correpta
917 1832 993 1890 tis
1036 1830 1258 1889 faciunt
1298 1830 1599 1907 genetivo,
1648 1845 1830 1909 eques
1877 1828 2086 1907 equitis
2129 1830 2292 1906 (nam
2339 1844 2490 1907 quae
2534 1827 2820 1905 producta

220 1952 285 1995 es
332 1932 753 1999 terminantur,
802 1930 875 1993 de
906 1931 1001 1993 his
1028 1940 1161 1995 ante
1194 1931 1475 2013 tractavi),
1522 1938 1581 1991 et
1607 1936 1748 1992 sunt
1789 1931 1994 1991 tertiae
2036 1928 2460 2001 declinationis,
2505 1931 2554 1991 is
2595 1929 2816 1990 faciunt
2845 1951 2892 1993 κ»

216 2036 523 2115 genetivo.
616 2036 751 2111 quis
808 2035 1156 2112 pronomina
1216 2040 1534 2111 reguntur,
1598 2050 1717 2093 non
1769 2034 2024 2093 nomina.
2115 2050 2262 2112 quos
2317 2050 2470 2112 quus
2523 2031 2817 2093 secundae

216 2144 367 2199 sunt
432 2134 870 2205 declinationis,
938 2136 1039 2215 qui
1104 2135 1329 2197 faciunt
1384 2135 1672 2214 genetivo,
1735 2152 1922 2214 equus
1986 2135 2141 2214 equi.
2228 2151 2325 2195 ras
2391 2134 2613 2212 primae
2677 2140 2818 2195 sunt

218 2238 663 2309 declinationis,
710 2256 812 2299 rae
856 2238 1079 2299 sariunt
1121 2238 1406 2316 genetivo,
1450 2236 1546 2297 hic
1576 2238 1786 2299 Hieras
1830 2236 2004 2297 huius
2035 2235 2274 2297 Hierae:
2316 2230 2326 2319 Ι
2365 2234 2572 2297 Cicero
2611 2234 2817 2297 ‘Hie-

216 2360 345 2403 ras
404 2347 480 2401 et
532 2338 1004 2401 Blaesamius
1060 2347 1131 2401 et
1184 2338 1638 2401 Antiochus'
1695 2340 1756 2399 in
1804 2326 2181 2399 Caesarianis
2269 2356 2368 2399 res
2423 2345 2696 2417 correpta
2742 2338 2816 2398 tis

218 2444 455 2505 iaciunt
492 2443 781 2521 genetivo,
824 2449 981 2503 teres
1022 2442 1252 2511 teretiS,
1298 2441 1586 2519 producta
1631 2441 1744 2511 ris,
1793 2439 2045 2502 Antores
2088 2435 2350 2511 AntoriS,
2399 2440 2578 2501 Seres
2621 2440 2812 2501 Sei-is:
2841 2460 2892 2501 πο

216 2546 510 2607 Lucanus
564 2543 729 2605 ‘sub
790 2544 964 2621 iuga
1018 2545 1161 2605 iam
1204 2543 1495 2604 Seres’:
1551 2559 1756 2603 verres
1801 2542 2018 2612 veri-is;
2075 2542 2333 2622 exceptis
2389 2542 2651 2613 duobuS,
2695 2560 2814 2605 uno

216 2646 641 2727 monosyllabo
697 2646 935 2725 quintae
980 2644 1382 2717 declinationis
1432 2664 1465 2705 e
1510 2646 1569 2705 in
1612 2645 1885 2723 genetivo
1929 2653 2232 2724 correpta,
2284 2662 2382 2705 res
2423 2645 2541 2713 rei,
2603 2650 2662 2705 et
2697 2662 2814 2705 uno

218 2746 548 2830 disyllabo,
608 2746 769 2827 quod
808 2750 1075 2827 genetivo
1134 2754 1271 2809 ante
1310 2748 1395 2807 ris
1436 2764 1551 2815 una
1593 2745 1815 2827 syllaba
1858 2754 2128 2828 correpta
2170 2746 2304 2827 plus
2348 2750 2592 2817 crescit,
2639 2746 2817 2809 Ceres

216 2852 497 2921 CereriS,
549 2852 609 2911 in
652 2850 1006 2911 nominativo
1052 2870 1084 2911 e
1128 2849 1317 2911 littera
1354 2848 1673 2929 producta,
1731 2850 1790 2907 in
1836 2850 2100 2927 genetivo
2145 2857 2396 2929 utraque
2443 2868 2476 2910 e
2521 2856 2811 2927 correpta.

218 2970 371 3031 ergo
418 2953 621 3013 omnia
650 2969 749 3013 res
776 2952 1083 3013 terminata
1126 2954 1249 3013 sive
1292 2950 1575 3031 producta
1614 2952 1736 3012 sive
1775 2959 2046 3029 correpta
2087 2952 2294 3013 tertiae
2325 2948 2352 3035 Η
2379 2957 2518 3011 sunt
2558 2950 2812 3012 declina·
2841 2970 2891 3011 25

218 3056 437 3123 tionis,
487 3062 732 3135 excepto
774 3072 893 3115 uno
938 3053 1343 3135 monosyllabo
1390 3054 1625 3134 quintae
1672 3053 2105 3125 declinationiS,
2148 3070 2246 3115 res
2289 3054 2392 3113 rei.
2487 3053 2566 3113 ris
2613 3054 2817 3114 tertiae

214 3165 365 3221 sunt
419 3146 851 3226 declinationis,
908 3158 991 3217 ris
1039 3155 1127 3217 vel
1186 3156 1274 3217 dis
1324 3156 1541 3217 faciunt
1591 3157 1886 3235 genetivo,
1943 3156 2050 3216 Iris
2112 3153 2286 3216 huius
2331 3154 2440 3215 Iris
2493 3154 2582 3215 vel
2625 3154 2814 3223 Iridis,

127 3298 135 3305 -
218 3261 409 3319 Paris
454 3256 633 3319 huius
677 3258 841 3319 Paris
898 3256 989 3319 vel
1042 3258 1286 3321 Paridis.
1378 3276 1561 3319 unum
1614 3259 1695 3319 ris
1749 3256 1938 3319 solum
1993 3257 2162 3326 facit,
2220 3256 2374 3317 Liris
2425 3255 2604 3316 huius
2643 3255 2814 3326 Liris,

218 3378 451 3423 nomen
496 3358 773 3421 fluminis.
862 3348 1203 3421 ros-omnia
1251 3360 1659 3438 producuntur
1714 3365 1773 3421 et
1815 3366 1952 3420 sunt
2005 3360 2213 3419 tertiae
2255 3356 2688 3427 declinationis,
2735 3359 2818 3419 ris

118 3526 130 3533 ,
218 3465 457 3525 faciunt
520 3463 810 3539 genetivo.
902 3460 1373 3557 monosyllabum
1427 3464 1513 3523 ris
1564 3463 1732 3532 facit,
1801 3480 1904 3523 ros
1954 3462 2127 3522 roris.
2216 3461 2441 3523 Graeca
2488 3460 2812 3523 secundum
2839 3480 2892 3521 ³0

218 3567 527 3627 rationem
568 3582 753 3634 suam,
796 3566 846 3626 si
890 3565 1045 3643 apud
1088 3561 1221 3627 illos
1264 3585 1361 3640 ος,
1402 3565 1558 3644 apud
1600 3582 1710 3626 nos
1754 3566 1834 3635 is;
1882 3566 1932 3625 si
1974 3563 2148 3644 apud,
2170 3562 2303 3624 illos
2340 3583 2469 3639 τος,
2511 3563 2666 3643 apud
2707 3580 2816 3625 nos

218 3670 317 3739 tis,
367 3664 585 3745 ἔρωτος
630 3668 827 3728 erotis.
916 3668 1137 3729 Tarros
1182 3684 1401 3729 nomen
1439 3674 1539 3728 est.
1570 3668 1804 3729 numeri
1849 3684 2084 3745 semper
2117 3662 2380 3747 pluralis,
2469 3683 2573 3727 rus
2614 3668 2814 3728 termi-

220 3778 381 3841 nata,
428 3770 481 3830 si
522 3767 681 3833 aliud
719 3788 791 3831 ex
831 3787 895 3830 se
934 3787 1122 3849 genus
1167 3770 1431 3841 fecerint,
1476 3770 1774 3831 secundae
1811 3775 1986 3831 erunt
2030 3768 2456 3841 declinationis,
2504 3769 2554 3831 ri
2595 3768 2818 3831 l'aciunt

362 3964 397 4015 3
438 3964 688 4031 producta
724 3980 813 4018 om.
850 3966 937 4016 B:
970 3980 1085 4015 nam
1126 3964 1373 4030 producta
1407 3964 1659 4031 siguificat
1696 3966 2002 4031 elegantiam
2037 3964 2296 4015 Sacerdos
2313 3980 2371 4027 p.
2397 3965 2462 4014 54
2566 3964 2600 4015 5
2637 3980 2815 4029 quam-

222 4038 301 4085 uis
356 4036 542 4085 domus
590 4033 885 4101 Oedipodae
931 4050 964 4091 ς
1025 4038 1259 4098 quamvis
1308 4036 1391 4085 hic
1436 4034 1717 4103 Oedipodis
1761 4036 1944 4085 lectum
1993 4036 2058 4085 sit
2110 4036 2278 4085 codex
2305 4033 2598 4085 Sacerdotis
2632 4050 2691 4099 p.
2727 4036 2814 4085 54.

223 4108 410 4157 domus
459 4120 533 4156 ex
564 4106 827 4170 adscripto
862 4107 973 4156 olim
1017 4121 1167 4156 versu
1209 4104 1364 4157 Statii
1405 4104 1556 4156 Theb.
1596 4106 1615 4155 I
1657 4106 1717 4157 17
1768 4104 2062 4171 Oedipodae
2105 4102 2320 4155 confusa
2371 4104 2554 4155 domus
2597 4104 2818 4154 relictam

221 4192 337 4227 esse
376 4176 612 4226 videtur:
661 4175 893 4239 quamvis
930 4176 1114 4225 domus
1151 4174 1443 4240 Oedipodae
1495 4185 1542 4224 et
1578 4174 1663 4226 hic
1698 4174 1988 4241 Oedipodes
2022 4176 2206 4225 lectum
2258 4184 2335 4224 est
2380 4174 2591 4225 coniecit
2627 4174 2815 4225 Linde-

222 4262 435 4296 mannus
467 4247 596 4299 conl.
630 4244 766 4296 Stat.
812 4244 963 4297 Theb.
1007 4246 1028 4295 1
1068 4244 1131 4295 17
1168 4252 1217 4295 ee
1251 4246 1320 4297 48
1487 4248 1516 4295 7
1556 4260 1617 4312 ys
1650 4261 1780 4313 pura
1809 4245 1858 4295 B
1997 4244 2030 4296 8
2062 4244 2151 4311 ‚hic
2188 4260 2347 4311 capys
2384 4241 2536 4293 huius
2571 4258 2729 4309 capys
2769 4244 2817 4297 B

370 4317 432 4367 14
470 4330 658 4379 aeques
695 4316 979 4380 sequestris
1006 4330 1143 4365 corr.
1185 4329 1341 4379 eques
1378 4316 1563 4380 equitis
1598 4316 1649 4366 B
1822 4329 1938 4365 nam
1976 4330 2074 4379 que
2108 4314 2356 4381 producto
2393 4330 2450 4365 es
2486 4313 2818 4365 terminantur

223 4388 285 4437 de
322 4384 407 4436 his
448 4384 501 4436 B
558 4400 676 4435 nam
726 4387 871 4451 quies
906 4396 954 4435 et
984 4386 1183 4449 inquies
1220 4402 1276 4437 es
1320 4389 1656 4437 terminantur
1700 4400 1799 4437 nou
1842 4400 1995 4451 ques:
2044 4392 2092 4434 et
2127 4384 2190 4435 de
2225 4384 2306 4435 his
2343 4397 2377 4440 ς
2435 4398 2550 4433 nam
2589 4384 2734 4448 quies
2770 4394 2818 4437 et

222 4456 426 4519 inquies
459 4456 706 4522 producto
745 4472 799 4507 es
837 4456 1196 4505 terminantur:
1254 4457 1317 4507 de
1351 4456 1432 4506 his
1471 4458 1842 4507 Lindemannus
1902 4470 2015 4505 nam
2053 4456 2198 4517 quies
2235 4461 2284 4503 et
2315 4452 2514 4517 inquies
2551 4470 2606 4503 es
2643 4454 2816 4513 termi-

223 4536 437 4588 nantur,
494 4540 593 4575 non
632 4526 781 4589 quies
827 4527 993 4577 codex
1027 4524 1326 4577 Sacerdotis
1350 4542 1404 4590 p.
1449 4528 1533 4579 55.
1592 4528 1791 4591 inquies
1826 4534 2061 4588 correpta
2096 4541 2152 4576 es
2187 4524 2446 4576 dicendum
2493 4539 2602 4575 esse
2647 4525 2818 4575 docuit

227 4596 427 4647 Probus
458 4612 518 4661 p.
566 4594 700 4649 1460
804 4596 869 4648 18
904 4594 1080 4647 Cicero
1120 4596 1171 4645 iu
1210 4594 1543 4649 Caesarianis,
1583 4596 1762 4646 Hieras
1799 4610 1833 4653 ς
1862 4614 1876 4646 :
1904 4610 1958 4659 p.
1981 4595 2144 4645 Deiot.
2176 4596 2257 4657 15,
2281 4596 2343 4647 41
2455 4596 2516 4646 21
2553 4592 2814 4661 Lucanus]

224 4666 468 4717 Phar-sal.
504 4667 521 4716 1
570 4665 632 4717 19
772 4668 839 4719 22
890 4675 1224 4732 correptet-es,
1265 4684 1345 4720 res
1383 4675 1431 4715 et
1459 4668 1511 4718 B
1648 4666 1715 4717 24
1764 4681 1795 4716 a
1827 4666 1990 4717 littera
2026 4664 2078 4715 B
2217 4665 2285 4717 28
2329 4664 2472 4714 Paris
2501 4666 2675 4727 priore
2709 4668 2816 4717 loeo

226 4752 314 4788 on.
351 4736 403 4787 B
523 4736 587 4789 31
628 4736 769 4802 apud
804 4751 897 4786 nos
934 4737 979 4786 is
1011 4734 1223 4802 pulcher
1257 4738 1301 4786 si
1338 4744 1461 4803 aput
1495 4736 1547 4787 B
1583 4744 1705 4802 aput
1745 4751 1837 4787 nos
1871 4738 1932 4798 is,
1969 4724 2124 4801 ἥρως
2155 4720 2344 4797 ἥρωος
2380 4734 2568 4801 herois,
2609 4736 2653 4785 si
2691 4743 2816 4803 aput

229 4808 481 4858 Sacerdos
510 4822 566 4872 p.
596 4806 665 4857 55
804 4806 869 4859 32
908 4805 1128 4855 Tharros
1165 4820 1197 4863 ς
1232 4805 1489 4857 Sacerdos
1514 4822 1570 4870 p.
1600 4808 1665 4858 δῦ
1700 4808 1916 4857 tartaros
1946 4806 2021 4857 B:
2059 4806 2128 4871 es.
2153 4818 2206 4868 p.
2241 4804 2375 4858 1465
