3434 5442
988 349 1406 413 EXPLANAT.
1455 349 1532 412 ΙΝ
1575 347 1937 412 DONATVM
1979 347 2121 410 LIB.
2165 348 2220 410 Π
2734 352 2859 416 549

389 459 422 504 r.
438 460 490 503 ss
513 460 609 503 eod.
636 459 737 501 ιον.

276 557 392 602 >usu
437 557 558 604 nou
603 539 830 620 species
873 537 978 600 sed
1023 538 1232 600 modos
1274 536 1544 600 dicimus,
1625 545 1773 598 sunt·
1805 536 1965 599 modi
2010 553 2153 616 ergo
2195 536 2482 618 quinque,
2523 534 2553 621 ΙΙ
2592 553 2857 616 pronun-

279 643 542 713 tiativus,
589 641 690 723 qui
727 648 787 703 et
828 640 1205 712 indicativus,
1239 647 1322 704 ut.
1341 642 1500 716 leae,
1533 639 1943 720 imperativus,
1988 647 2057 700 ut
2096 638 2253 716 lege,
2302 639 2591 720 optativus
2633 641 2855 702 utinam

275 743 558 823 legerem,
605 744 1010 806 coniunctims
1053 759 1186 804 cum
1234 740 1516 821 legerem.
1562 741 1857 810 infinitus,
1901 757 2075 821 quem
2122 748 2182 801 et
2222 747 2573 820 perpetuum
2617 742 2853 823 quidam

276 854 516 918 vocant,
564 863 874 908 numerum
921 851 981 906 et
1021 861 1338 924 personam
1385 860 1505 905 non
1549 843 1841 921 designat.
1896 843 2121 905 addunt
2161 842 2397 923 quidam
2442 845 2854 924 promissivum

275 947 549 1018 modum,
596 965 770 1029 quem
815 964 928 1027 pro
971 945 1170 1006 futuro
1212 945 1509 1006 indicativi
1565 963 1674 1006 uos
1715 945 2057 1024 accipimus,
2146 945 2521 1026 inpersonale
2564 953 2654 1008 est
2676 945 2853 1025 quod
2880 963 2905 1004 s

275 1052 530 1130 primam
573 1066 888 1131 personam
933 1065 1054 1112 non
1099 1046 1276 1109 babet
1319 1064 1432 1108 nec
1475 1047 1813 1118 secundam,
1861 1054 1927 1109 ut
1968 1045 2150 1128 pudet
2190 1046 2389 1108 taedet
2430 1046 2601 1108 licet:
2659 1046 2851 1129 pudeo

272 1150 466 1233 pudes
509 1167 628 1213 non
675 1151 931 1214 dicimus
965 1167 1078 1212 nec
1121 1147 1330 1210 taedeo
1371 1148 1574 1210 taedes
1619 1166 1729 1210 nec
1772 1146 1939 1210 liceo.
1965 1148 2125 1210 lices.
2214 1148 2373 1230 quod
2419 1151 2669 1228 primam
2712 1167 2849 1229 per-

271 1271 480 1318 sonam
527 1271 644 1316 non
687 1251 894 1323 habet,
949 1250 1086 1313 ideo
1128 1249 1502 1330 inpersonale
1555 1252 1768 1328 posuit.
1856 1248 2069 1330 legitur
2126 1252 2351 1321 evenit,
2410 1258 2471 1314 et
2532 1270 2653 1313 non
2710 1250 2855 1314 dici·

272 1373 409 1420 mus
453 1357 676 1427 evenio,
723 1353 830 1418 sed
872 1355 1064 1416 evenit
1106 1354 1270 1416 mihi.

443 1458 512 1520 ln
569 1455 938 1537 temporibus
990 1456 1098 1518 has
1151 1455 1591 1518 observationes
1644 1453 1842 1516 habet.
1928 1453 1989 1515 id
2044 1455 2199 1536 quod
2256 1455 2485 1517 videtur
2526 1456 2855 1536 praesentis
2872 1471 2925 1515 to

269 1561 562 1642 temporis
619 1559 880 1638 speciem
941 1557 1246 1638 praeferre
1301 1554 1610 1618 confusum
1667 1564 1783 1628 est,
1841 1555 2039 1637 legere
2095 1555 2311 1628 debeo,
2385 1556 2583 1637 legere
2643 1556 2851 1628 debui;

271 1662 662 1743 praeteritum
707 1669 902 1722 autem
949 1669 1010 1722 et
1053 1658 1312 1722 futurum
1360 1665 1591 1739 tempus
1635 1657 1935 1720 definitam
1980 1666 2145 1720 tenet
2184 1660 2460 1738 speciem.

443 1762 690 1836 Quidam
749 1763 1160 1845 promissivum
1217 1760 1486 1822 modum:
1544 1777 1721 1840 quem
1777 1759 1999 1823 faciunt
2040 1760 2378 1824 auferentes
2418 1768 2655 1842 tempus
2697 1760 2852 1822 futu·

269 1883 438 1936 rum,
485 1872 546 1926 et
587 1865 724 1927 huic
777 1865 891 1944 ipsi
943 1881 1120 1945 quem
1175 1863 1586 1942 promissivum
1628 1871 1845 1924 vocant
1885 1861 2110 1924 nullum
2154 1864 2270 1924 nisi
2312 1863 2575 1925 futurum
2620 1871 2853 1942 tempus

269 1968 600 2046 adsignant.
647 1965 804 2046 quod
833 1983 956 2028 non
985 1963 1162 2026 modo
1207 1978 1326 2025 non
1371 1964 1804 2036 necessarium,
1832 1965 1937 2026 sed
1968 1965 2145 2026 etiam
2189 1962 2509 2026 absurdum
2556 1972 2663 2026 est.
2712 1981 2847 2026 nam
2874 1983 2926 2026 ts

267 2087 408 2132 cum
453 2068 526 2130 de
570 2068 760 2130 forma
816 2067 1144 2147 praesentis
1199 2065 1484 2146 temporis
1539 2065 1791 2128 formam
1834 2085 2071 2148 semper
2113 2066 2378 2128 futurum
2420 2073 2653 2146 tempus
2696 2067 2851 2127 acci-

267 2173 424 2252 piat,
469 2171 646 2232 etiam
674 2171 739 2230 in
768 2170 862 2232 his
895 2166 1109 2238 verbis,
1155 2185 1306 2249 quae
1349 2169 1674 2247 praeterito
1716 2169 1983 2248 perfecto
2028 2176 2089 2230 et
2128 2167 2707 2249 plusquamperfecto
2750 2167 2851 2229 de-

269 2273 648 2335 clinationem
696 2270 1014 2334 admittunt
1040 2268 1132 2331 vel
1161 2269 1419 2350 speciem
1467 2269 1592 2331 eius
1636 2268 1862 2341 ferunt,
1908 2272 2010 2351 qui
2050 2271 2180 2332 fleri
2207 2275 2404 2350 potest
2430 2277 2496 2331 ut
2536 2275 2637 2330 aut
2677 2287 2848 2349 prae-

267 2393 414 2437 sens
467 2381 700 2455 tempus
753 2373 952 2435 futuro
1007 2379 1206 2434 careat
1259 2379 1361 2434 aut
1412 2370 1672 2440 futurum
1730 2373 1895 2453 quasi
1951 2391 2021 2434 ex
2078 2391 2143 2434 se
2196 2372 2325 2453 ipso
2370 2377 2565 2434 ortum
2614 2389 2730 2435 non
2776 2390 2847 2434 ex

267 2477 596 2558 praesentis
637 2475 866 2536 ratione
911 2473 1196 2537 ducatur?
1253 2479 1562 2553 praeterea
1607 2475 1993 2552 pronuntiare
2035 2473 2127 2536 vel
2168 2475 2433 2537 iudicare
2474 2481 2593 2535 tam
2639 2491 2845 2555 possu·
2874 2493 2927 2536 πο

267 2595 402 2640 mus
458 2576 614 2639 bona
667 2594 842 2657 quam
898 2575 1050 2640 mala
1105 2574 1344 2636 scilicet.
1433 2593 1608 2656 quem
1665 2574 1741 2636 ad
1795 2575 2035 2637 modum
2094 2587 2287 2638 autem
2342 2577 2473 2639 sine
2516 2575 2845 2656 acyrologia

267 2681 534 2743 dicemus
575 2679 872 2760 promitti,
919 2695 1051 2740 cum
1097 2674 1522 2740 declinabimus
1561 2676 1907 2740 trucidabo?

408 2972 442 3021 2
477 2976 534 3020 ut
562 2967 677 3036 lego
711 2984 804 3022 om,
841 2969 890 3018 L
1028 2968 1062 3020 5
1094 2963 1270 3033 quem]
1307 2965 1446 3032 quod
1489 2965 1532 3016 L
1673 2965 1741 3018 10
1772 2965 2057 3021 observatio
2090 2969 2157 3020 de
2186 2969 2374 3032 ὑψηίω
2410 2969 2555 3022 modo
2590 2983 2687 3034 quo
2724 2983 2846 3032 per-

265 3045 444 3099 tineat.
481 3048 603 3090 nota
631 3047 681 3091 et
709 3049 823 3104 post
861 3038 1100 3104 designat
1127 3055 1175 3088 e.
1203 3039 1238 3087 4
1274 3044 1326 3087 et
1356 3043 1472 3087 ante
1509 3037 1562 3087 In
1596 3037 1909 3104 temporibus
1940 3039 2179 3102 adposita
2208 3039 2475 3088 indicatum
2506 3047 2584 3089 en
2611 3041 2665 3088 t‘n
2689 3038 2755 3088 L.
2778 3041 2850 3089 st·-

263 3113 396 3163 m'tt‘s
429 3119 550 3161 nota
585 3117 666 3162 est
695 3109 835 3164 υ.13
868 3118 984 3160 ante
1018 3106 1232 3167 Quidam
1271 3099 1288 3116 ’
1342 3107 1407 3158 14
1437 3115 1490 3158 et
1525 3103 1662 3174 huic]
1707 3114 1762 3156 ut
1784 3105 1865 3156 bic
1892 3106 1941 3155 L
2081 3109 2144 3160 15
2176 3108 2308 3172 quod
2346 3121 2445 3158 non
2476 3105 2653 3176 modo]
2732 3123 2845 3159 uem

267 3197 368 3232 nou
405 3180 614 3231 modum
641 3177 692 3226 L
866 3177 934 3230 18
970 3179 1205 3228 amittunt
1243 3177 1292 3226 L
1465 3174 1534 3226 20
1569 3176 1785 3227 ducatur
1814 3174 1825 3242 Ι
1856 3177 1929 3226 De
1960 3176 2299 3228 declinatione
2332 3177 2477 3228 uerbi
2514 3179 2681 3228 neutri
2752 3177 2847 3230 Odi

265 3253 481 3302 uerbum
515 3257 745 3299 neutrum
782 3247 1096 3298 defectiuum
1123 3247 1398 3296 indicatluo
1434 3245 1586 3296 modo
1621 3245 1812 3296 dictum
1846 3249 2131 3312 praesentis
2159 3247 2404 3315 temporis
2436 3249 2634 3298 numeri
2668 3249 2845 3316 singu-

265 3323 392 3372 laris
427 3319 624 3387 figurae
661 3317 912 3384 simplicis
957 3316 1330 3384 coniugatiouis
1365 3316 1581 3378 nullius,
1623 3314 1760 3380 quod
1795 3314 1944 3367 decli.
1982 3319 2087 3376 sic,
2124 3316 2403 3367 indicatiuo
2436 3318 2589 3368 modo
2614 3325 2845 3384 tempore

265 3390 523 3460 praesenti
569 3388 653 3439 odi
701 3388 856 3438 odisti
894 3387 1002 3438 odit
1043 3395 1092 3436 et
1125 3385 1391 3453 pluraliter
1435 3384 1638 3436 odimus
1685 3384 1867 3436 odistis
1906 3386 2123 3438 oderunt
2160 3386 2241 3437 uel
2276 3387 2451 3449 odere,
2479 3387 2657 3438 eodem
2691 3387 2844 3438 modo

268 3472 500 3528 tempore
540 3459 810 3525 praeterito
842 3454 1346 3522 plusquamperfecto
1381 3469 1501 3505 osus
1537 3469 1674 3506 eram
1711 3470 1826 3504 eras
1861 3464 1967 3506 erat
2004 3463 2053 3506 et
2084 3455 2349 3522 pluraliter
2380 3459 2457 3508 osi
2496 3471 2695 3509 eramus
2734 3471 2844 3507 era-

262 3533 332 3583 tis
380 3538 525 3582 erant
560 3535 610 3578 et
646 3525 718 3594 pl.
761 3541 882 3577 osus
919 3525 1116 3577 fueram
1153 3525 1326 3576 hierus
1371 3524 1536 3576 fuerat
1585 3534 1634 3576 et
1677 3525 1747 3590 pl.
1785 3527 1861 3576 osi
1892 3523 2151 3575 fueramus
2186 3523 2400 3578 fueratis
2430 3526 2657 3586 fueraut;
2692 3527 2845 3578 modo

264 3600 572 3668 imperatiuo
591 3606 818 3664 tempore
840 3597 1097 3662 praesenti
1126 3595 1194 3646 ad
1228 3596 1506 3646 secundam
1540 3602 1590 3646 et
1625 3595 1825 3646 tertiam
1862 3610 2133 3662 personam
2170 3595 2251 3646 fac
2284 3593 2454 3650 oderis
2492 3595 2657 3650 tucius
2684 3596 2847 3650 oderit

265 3680 317 3722 et
353 3669 619 3738 pluraliter
651 3667 717 3718 ad
755 3682 929 3718 omnes
967 3666 1118 3717 simul
1154 3679 1402 3731 personas
1436 3664 1683 3716 faciamus
1721 3666 1977 3716 oderimus
2014 3663 2219 3718 facitote
2255 3667 2465 3718 oderitis
2504 3667 2693 3717 faciant
2723 3667 2845 3718 ode·

265 3743 388 3800 rint,
423 3739 602 3790 eodem
632 3737 784 3787 modo
822 3745 1050 3802 tempore
1072 3735 1242 3786 futuro
1271 3735 1424 3786 facito
1455 3734 1625 3786 oderis
1660 3734 1880 3785 faciauto
1911 3734 2121 3785 oderitis
2155 3745 2205 3786 et
2232 3733 2492 3802 pluraliter
2520 3735 2603 3786 fac
2634 3735 2845 3788 oderitis

265 3811 350 3864 fac
386 3809 612 3864 oderint:
641 3808 797 3857 modo
832 3807 1060 3871 optatiuo
1099 3813 1327 3870 tempore
1350 3805 1608 3871 praesenti
1643 3805 1835 3856 utinam
1868 3803 2061 3856 oderim
2098 3804 2267 3856 oderis
2298 3805 2463 3858 oderit
2494 3812 2545 3856 et
2582 3806 2846 3872 pluraliter

269 3881 466 3934 utinam
503 3878 762 3929 oderimus
810 3875 1018 3926 oderitis
1061 3876 1288 3938 oderint,
1330 3874 1508 3926 eodem
1555 3875 1706 3925 modo
1744 3883 1971 3940 tempore
2017 3877 2287 3941 praeterito
2331 3874 2613 3943 inperfecto
2649 3878 2843 3927 utinam

267 3952 492 4003 odissem
527 3948 724 3999 odisem
761 3947 926 3996 odiset
960 3955 1010 3996 et
1044 3944 1308 4012 pluraliter
1353 3945 1543 3993 utinam
1591 3945 1877 3994 odissemus
1915 3945 2150 3996 edissetis
2188 3947 2443 4008 odissent,
2480 3945 2659 3996 eodem
2692 3947 2843 3997 modo

265 4033 498 4086 tempore
533 4016 808 4084 praeterito
849 4013 1346 4082 plusquamperfecto
1377 4015 1570 4063 utinam
1594 4026 1716 4064 osus
1749 4029 1885 4064 esem
1922 4029 2035 4064 eses
2062 4022 2201 4066 esset
2238 4015 2501 4081 pluraliter
2536 4015 2727 4066 utinam
2762 4017 2841 4067 osi

268 4104 474 4143 esemus
503 4086 684 4139 essetis
714 4095 883 4136 esseut
917 4093 967 4135 et
1003 4087 1072 4135 ul.
1107 4084 1300 4134 utinam
1335 4097 1456 4133 osus
1487 4083 1700 4134 fuissem
1728 4083 1916 4135 fuisses
1952 4083 2138 4134 fuisset
2161 4091 2211 4133 et
2244 4083 2507 4152 pluraliter
2538 4087 2730 4135 utinam
2765 4086 2843 4136 osi

270 4161 563 4212 inessemus
599 4155 830 4206 fuissetis
871 4154 1105 4215 fuissent,
1139 4154 1291 4204 modo
1325 4155 1559 4207 coniunc.
1585 4160 1813 4219 tempore
1841 4154 2098 4220 praesenti
2122 4169 2235 4205 cum
2272 4155 2355 4204 odi
2394 4154 2546 4206 odisti
2583 4156 2690 4205 odit
2724 4155 2841 4223 plu-

267 4229 450 4283 raliter
487 4242 602 4278 eum
643 4225 844 4276 odimus
881 4225 1062 4276 odistis
1099 4223 1315 4276 oderunt
1348 4223 1430 4272 uel
1467 4224 1640 4284 odere,
1677 4225 1795 4274 item
1835 4223 1981 4274 aliter
2007 4239 2085 4290 ps.
2111 4239 2225 4274 cum
2250 4224 2445 4276 oderim
2476 4224 2645 4274 oderis
2680 4224 2844 4275 oderit

267 4310 318 4352 et
353 4298 617 4366 pluraliter
643 4309 758 4345 cum
795 4294 1055 4345 oderimus
1083 4293 1292 4344 oderitis
1327 4292 1553 4354 oderiut;
1593 4293 1771 4344 eodem
1808 4293 1961 4344 modo
1994 4301 2221 4358 tempore
2257 4295 2526 4360 praeterito
2554 4292 2683 4360 inps,
2725 4308 2840 4344 cum

268 4371 495 4423 odissem
541 4366 742 4417 odisses
791 4365 956 4415 odiset
1001 4373 1051 4414 et
1099 4363 1364 4431 pluraliter
1407 4377 1524 4414 cum
1559 4363 1845 4414 odissemus
1880 4363 2119 4414 edissetis
2164 4364 2420 4426 odissent3
2472 4364 2652 4415 eodem
2689 4363 2841 4414 modo

265 4451 502 4506 tempore
542 4435 812 4503 praeterito
839 4432 1338 4500 plusquamperfecto
1374 4447 1488 4482 cum
1525 4447 1646 4483 osus
1681 4449 1848 4484 essem
1886 4447 2027 4484 esses
2064 4442 2200 4484 esset
2234 4442 2284 4484 et
2315 4432 2579 4500 pluraliter
2610 4449 2726 4484 cum
2762 4434 2840 4485 osi

267 4523 501 4562 essemus
548 4506 728 4556 essetis
765 4514 960 4564 essent,
1011 4515 1061 4555 et
1095 4503 1332 4554 ulteriore
1369 4517 1488 4553 cum
1513 4516 1634 4552 osus
1661 4503 1875 4554 fuissem
1917 4503 2103 4556 fuisses
2138 4503 2319 4554 fuisset
2348 4510 2398 4553 et
2424 4501 2691 4569 pluraliter
2726 4519 2841 4554 cum

267 4581 346 4632 osi
379 4578 672 4629 inessemus
709 4573 946 4624 fuessetis
983 4572 1228 4627 fuissent:
1265 4572 1444 4623 eodem
1485 4573 1635 4624 modo
1665 4579 1891 4640 tempore
1922 4574 2093 4624 futuro
2125 4589 2241 4623 cum
2276 4572 2429 4624 odero
2467 4573 2637 4624 oderis
2675 4573 2841 4624 oderit
2911 4605 2921 4614 -

267 4661 319 4701 et
350 4647 614 4716 pluraliter
644 4659 759 4696 cum
797 4643 1052 4695 oderimus
1090 4642 1299 4694 oderitis
1336 4640 1551 4706 oderint,
1585 4644 1706 4693 item
1744 4644 1843 4694 alio
1876 4642 2051 4695 futuro
2081 4657 2193 4693 cum
2232 4658 2354 4694 osus
2392 4657 2477 4694 ero
2516 4645 2619 4693 eris
2659 4644 2752 4694 erit
2790 4651 2839 4694 et

266 4717 535 4788 pluraliter
567 4729 679 4764 cum
716 4715 796 4766 osi
831 4714 1020 4764 erimus
1053 4713 1195 4763 eritis
1233 4721 1376 4762 eruut
1417 4710 1578 4778 (corr.
1619 4712 1810 4778 erint);
1848 4714 2025 4765 eodem
2056 4713 2211 4764 modo
2244 4713 2497 4763 infinitiuo
2528 4713 2754 4764 numeris
2790 4721 2839 4764 et

265 4787 504 4858 personis
535 4794 764 4851 tempore
799 4784 1054 4852 praesenti
1089 4783 1260 4833 odisse
1289 4797 1432 4832 osum
1469 4797 1600 4844 esse,
1639 4783 1810 4834 tuturo
1836 4798 1980 4834 osum
2014 4785 2103 4838 ire.
2142 4791 2406 4851 praeterea
2438 4785 2765 4850 pronuntiare
2790 4783 2840 4833 L

404 4866 622 4926 possunt
658 4855 708 4905 L
843 4856 914 4906 22
941 4853 1307 4904 deelinauimus
1331 4852 1594 4903 trucidatio
1640 4853 1683 4905 L
