3434 5442
653 342 775 403 492
1784 336 2087 418 [senen]

2794 457 2837 497 p.
2864 444 3041 485 439—91
3076 443 3127 483 1..

651 525 802 593 sior:
852 526 1062 585 iterum
1108 524 1262 604 quod
1296 543 1326 584 a
1361 524 1594 586 fortuna
1638 527 1823 596 venit,
1869 533 1936 586 ut
1977 525 2137 586 dives
2182 525 2357 586 ditior
2390 524 2475 586 vel
2508 526 2772 597 divitior,
2816 543 3001 604 egens
3046 543 3231 605 egen-

650 629 794 696 ti0r;
842 646 874 688 a
921 645 1223 699 mensura,
1271 635 1335 689 ut
1381 627 1589 706 longus
1633 626 1889 707 longior,
1934 626 2087 689 latus
2131 627 2330 701 latior,
2390 627 2539 690 altus
2582 628 2787 699 altior,
2846 629 3045 690 brevis
3088 628 3230 690 bre-

650 731 793 790 vior.
880 731 988 790 ista
1034 738 1172 791 sunt
1214 748 1362 809 quae
1419 731 1714 810 recipiunt
1757 732 2264 810 conparationem,
2322 749 2473 812 quae
2514 732 2575 791 in
2620 731 2897 810 qualitate
2943 739 3087 794 sunt
3130 741 3231 793 aut

649 834 988 911 quantitate.
1077 833 1235 893 unde
1290 833 1622 912 quaeritur,
1682 851 1757 892 an
1815 831 2078 894 dicamus
2120 832 2398 896 Latinior.
2488 833 2538 894 si
2591 832 2889 894 hominem
2936 833 3011 893 de
3056 833 3229 894 Latio

572 950 596 988 5
650 933 902 996 volueris
959 934 1185 1005 dicere,
1245 937 1521 1015 quoniam
1580 936 1773 1013 gentis
1818 943 1931 1006 est,
1977 953 2151 1015 quem
2197 933 2271 995 ad
2313 935 2553 997 modum
2600 935 2745 996 dicis
2788 936 3127 1016 Campanus
3170 945 3231 998 et

649 1055 766 1097 non
825 1037 970 1098 dicis
1015 1037 1395 1116 Campanior,
1453 1038 1538 1098 sic
1581 1055 1714 1098 cum
1763 1038 1908 1098 dicis
1951 1037 2226 1107 Latinus,
2273 1055 2391 1098 non
2438 1036 2583 1097 dicis
2624 1037 2905 1099 Latinior.
2994 1037 3227 1119 quodjsi

650 1156 769 1200 non
814 1141 891 1199 sit
931 1141 1151 1217 gentiS‚
1209 1139 1314 1201 sed
1358 1138 1735 1211 elocutionis,
1794 1145 1987 1220 potest
2031 1141 2298 1220 recipere
2344 1140 2854 1218 conparationem,
2901 1148 2997 1211 ut,
3042 1159 3225 1221 quem

649 1240 719 1300 ad
766 1241 1004 1302 modum
1064 1242 1208 1303 dicis
1267 1241 1518 1304 disertus
1563 1241 1874 1313 disertior,
1920 1242 2001 1304 ita
2045 1243 2205 1304 dicas
2248 1242 2489 1303 Latinus
2534 1241 2827 1312 Latinior;
2888 1249 2947 1304 et
2992 1244 3109 1304 erit
3154 1263 3223 1304 ex

649 1341 742 1402 his
795 1361 944 1422 quae
1003 1343 1077 1404 ab
1123 1345 1319 1406 animo
1364 1346 1623 1405 veniunt.
1716 1346 2125 1422 conparativus
2168 1345 2385 1423 gradus
2430 1342 2620 1406 tribus
2664 1343 2896 1406 casibus
2937 1347 3223 1425 iungitur,

571 1459 621 1498 10
649 1443 928 1516 ablativo,
993 1447 1137 1508 item
1201 1449 1452 1526 septimo
1518 1454 1577 1507 et
1639 1447 1997 1507 nominativo
2062 1446 2286 1509 adiecta
2339 1445 2625 1526 particula
2684 1464 2879 1527 quam.
2970 1445 3223 1507 dicimus

649 1548 806 1609 enim
853 1549 1099 1610 ‘fortior
1143 1547 1216 1608 ab
1263 1547 1396 1610 illo’
1445 1557 1503 1609 et
1547 1548 1796 1609 ‘fortior
1840 1548 1997 1608 illo’.
2086 1547 2187 1609 sed
2234 1547 2375 1610 illud
2420 1549 2683 1628 quamvis
2726 1557 2785 1610 et
2826 1551 3122 1610 rationem
3168 1557 3219 1610 et

649 1651 1053 1712 auctoritatem
1097 1649 1337 1722 haheat,
1382 1652 1446 1710 in
1491 1669 1599 1712 usu
1641 1659 1839 1712 tamen
1885 1668 2003 1712 non
2050 1657 2163 1723 est,
2209 1659 2275 1711 ut
2318 1649 2581 1711 dicamus
2635 1650 2883 1714 ‘fortior
2927 1650 3001 1712 ab
3044 1649 3221 1720 illo';

648 1753 752 1814 sed
796 1752 1046 1815 dicimus
1093 1753 1338 1814 ‘sortior
1381 1751 1480 1814 illo
1499 1758 1537 1826 '‚
1587 1753 1925 1833 ‘pulchrior
1967 1750 2135 1814 illo’:
2182 1752 2468 1814 Iuvenalis

2340 1854 2734 1935 pulchrior
2777 1852 2917 1916 ille

572 1983 620 2022 15
951 1957 1116 2028 hoc,
1164 1964 1386 2038 atque
1429 1956 1563 2019 ille
1608 1956 1786 2028 alio,
1846 1956 2079 2018 multo
2123 1958 2243 2019 hic
2284 1957 2673 2020 robustior
2716 1956 2869 2018 illo.

647 2061 803 2120 inter
869 2058 1180 2122 ablativum
1241 2067 1437 2121 autem
1500 2067 1558 2121 et
1627 2061 1784 2122 inter
1840 2061 2153 2140 septimum
2210 2061 2563 2140 praepositio
2618 2058 2741 2121 sola
2798 2059 3218 2121 discretionem

646 2163 804 2224 facit.
895 2180 1037 2242 ergo
1085 2163 1198 2225 hoc
1243 2164 1522 2244 septimo,
1569 2171 1636 2224 ut
1678 2163 1943 2224 dicamus
1990 2162 2233 2224 ‘fortior
2276 2161 2445 2232 illo';
2492 2167 2551 2222 et
2590 2163 2748 2223 hunc
2792 2162 2999 2223 dicunt
3038 2163 3219 2242 septi-

645 2282 806 2326 mum
873 2283 1092 2326 casum.
1181 2266 1476 2344 iungimus
1541 2266 1713 2326 etiam
1781 2265 2137 2326 nominativo
2205 2265 2465 2344 adposita
2529 2263 2817 2344 particula
2882 2282 3091 2345 quam,
3160 2271 3221 2324 ut

649 2367 895 2428 ‘fortior
949 2384 1124 2446 quam
1181 2364 1333 2428 ille’.
1422 2385 1535 2428 nec
1589 2365 1779 2428 solum
1835 2384 2083 2428 numero
2140 2365 2422 2445 singulari
2486 2367 2578 2428 his
2642 2365 2875 2430 casibus
2940 2365 3219 2426 cohaeret

567 2495 618 2535 20
647 2471 1084 2551 conparativus,
1149 2468 1254 2529 sed
1297 2469 1471 2532 etiam
1516 2467 1759 2549 plurali,
1818 2469 2027 2530 sortior
2076 2467 2205 2540 illo,
2264 2468 2473 2530 fortior
2538 2467 2683 2541 illis,
2759 2469 2973 2530 fortior
3040 2485 3216 2548 quam

643 2571 774 2643 ille,
833 2570 1044 2633 fortior
1099 2590 1274 2652 quam
1331 2570 1432 2632 illi.
1521 2573 1784 2651 praefert
1839 2589 1945 2632 nos
1989 2568 2089 2631 ille
2134 2572 2542 2650 conparativus
2585 2570 2803 2650 gradus
2846 2578 2907 2631 et
2934 2579 3213 2632 extraneo

645 2681 704 2735 et
747 2683 951 2734 nostro
996 2674 1220 2752 generi.
1310 2674 1727 2752 grammaticus
1771 2675 1926 2734 inter
1970 2675 2384 2752 grammaticos
2437 2675 2530 2735 sui
2572 2674 2837 2752 generiS,
2882 2672 3039 2734 inter
3083 2689 3211 2733 ora-

647 2786 805 2838 tores
851 2779 1117 2839 extranei
1160 2777 1396 2856 generis
1441 2783 1546 2836 est.
1606 2792 1845 2855 possum
1878 2782 2071 2836 tamen
2106 2774 2305 2836 dicere
2352 2776 2493 2836 ‘iste
2538 2776 2957 2855 grammaticus
2988 2773 3213 2835 doctior

645 2888 734 2940 est
791 2879 1189 2958 grammaticis
1244 2876 1586 2948 omnibus'‚
1645 2885 1702 2938 et
1747 2879 1885 2937 item
1932 2877 2062 2938 dico
2108 2876 2379 2939 ‘doctior
2423 2876 2816 2939 oratoribus'.
2905 2878 2967 2937 in
3010 2893 3211 2956 super·

567 2981 816 3047 251ativo
872 2988 1058 3043 totum
1116 2981 1476 3042 contrarium
1534 2987 1648 3041 est:
1706 2997 1823 3039 non
1869 2981 2130 3058 iungitur
2174 2981 2559 3050 nominativo,
2607 2996 2725 3040 non
2771 2977 3049 3050 ablativo,
3092 2997 3211 3039 non

643 3085 892 3165 septimo
937 3081 1352 3162 superlatum,
1399 3082 1502 3144 sed
1546 3089 1771 3144 tantum
1805 3083 2091 3158 genitivo,
2138 3090 2197 3142 et
2240 3084 2293 3141 ei
2339 3099 2455 3143 non
2501 3099 2610 3162 per
2652 3088 2969 3161 utrumque
3010 3099 3209 3142 nume-

643 3204 810 3256 rum,
857 3184 960 3246 sed
1008 3191 1232 3245 tantum
1278 3204 1385 3265 per
1430 3183 1735 3264 pluralem.
1795 3201 1917 3244 non
1947 3201 2056 3246 nos
2100 3183 2362 3264 praefert
2405 3191 2607 3244 nostro
2652 3185 2861 3263 generi
2904 3190 2963 3244 et
3002 3181 3205 3250 alieno,

642 3288 747 3350 sed
803 3293 1029 3349 tantum
1089 3295 1294 3348 nostro
1351 3293 1664 3366 conparat,
1725 3285 1783 3346 id
1829 3292 1917 3346 est
1958 3285 2211 3346 similem
2257 3285 2423 3355 facit,
2469 3294 2537 3347 ut
2580 3291 2652 3345 ‘o
2695 3285 3010 3347 Danaum
3052 3284 3204 3346 for-

644 3391 934 3450 tissime
978 3389 1223 3468 gentis
1268 3388 1601 3467 Tydide'.
1691 3387 1795 3448 sed
1850 3388 1911 3448 in
1956 3387 2244 3468 aliquibus
2290 3373 2625 3449 nominibus
2666 3393 2862 3467 potest
2906 3385 3202 3468 superlati-

564 3515 616 3556 30
642 3511 746 3554 vus
804 3491 1057 3571 genitivo
1115 3489 1400 3569 singulari
1453 3492 1636 3570 iungi.
1728 3510 1861 3552 nam
1924 3497 2063 3552 sunt
2104 3490 2389 3571 quaedam
2436 3489 2693 3572 nolmina
2738 3491 3201 3568 pronuntiatione

642 3592 991 3673 singularia,
1037 3591 1338 3653 intellectu
1382 3591 1660 3673 pluralia,
1717 3601 1783 3654 ut
1826 3592 1993 3670 plebs
2047 3590 2301 3672 populus
2354 3610 2501 3670 gens
2557 3591 2746 3652 turba.
2835 3593 2901 3652 in
2944 3591 3034 3652 his
3074 3589 3199 3652 lic-et

643 3695 788 3758 mihi
842 3693 1256 3775 superlativum
1306 3696 1558 3774 genitivo
1603 3712 1851 3756 numero
1909 3693 2187 3772 singulari
2244 3695 2632 3772 coniungere,
2700 3695 3051 3756 iustissimus
3100 3713 3195 3773 po-

641 3796 793 3876 puli,
867 3797 1220 3858 fortissimus
1289 3798 1508 3875 gentiS,
1577 3797 1866 3858 maximus
1929 3795 2135 3877 plebis.
2240 3813 2355 3857 non
2432 3797 2618 3866 enim,
2692 3795 2830 3857 licet
2900 3792 3195 3874 singularis

643 3917 924 3961 numerus
967 3901 1070 3969 sit,
1117 3899 1350 3976 penitus
1393 3917 1424 3959 a
1470 3897 1803 3978 pluralitate
1848 3901 2228 3960 recessimus:
2274 3897 2371 3960 hic
2415 3899 2573 3959 enim
2618 3896 2807 3960 facilis
2852 3915 3057 3960 sensus
3088 3903 3191 3964 est,

563 4027 613 4068 35
640 4003 919 4083 quoniam
964 4002 1090 4080 ipsa
1135 4001 1401 4073 nomina,
1449 3999 1587 4062 licet
1629 4003 2109 4081 pronuntiatione
2136 3999 2455 4080 singularia
2486 4002 2634 4072 sint,
2680 3998 2985 4061 intellectu
3012 4007 3189 4060 tamen

637 4103 884 4184 pluralia
929 4111 1082 4165 sunt.

807 4206 977 4267 Nunc
1032 4206 1106 4267 de
1159 4205 1478 4285 generibus
1533 4206 1813 4268 dicamuS.
1900 4204 2085 4269 Varro
2132 4205 2271 4268 dicit
2313 4224 2533 4285 genera
2576 4205 2731 4266 dicta
2774 4223 2809 4265 a
2854 4201 3189 4284 generando.

777 4428 810 4477 4
845 4429 889 4477 si
922 4444 1014 4477 om.
1058 4428 1124 4494 L,
1159 4428 1279 4478 add.
1319 4427 1406 4480 FS
1547 4427 1610 4478 10
1644 4443 1795 4491 quam
1826 4428 1915 4480 FS
1946 4428 2009 4478 ab
2044 4428 2093 4478 L
2235 4427 2298 4480 13
2336 4429 2427 4479 sed
2464 4429 2682 4478 dicimus
2708 4452 2779 4464 -—
2810 4426 2875 4478 18
2911 4441 3079 4477 00011111
3108 4439 3191 4475 om.

639 4500 689 4548 F
731 4498 823 4549 sed
873 4497 1089 4549 dicimus
1121 4523 1192 4536 —-
1231 4498 1295 4551 15
1329 4498 1414 4548 illo
1444 4513 1536 4554 om.
1578 4499 1621 4550 S
1758 4496 2031 4564 Iuvenalis]
2077 4507 2177 4551 sat.
2227 4497 2321 4563 10,
2363 4497 2463 4548 196
2603 4498 2673 4550 28
2720 4512 2749 4547 ο
2798 4496 3017 4556 danaum
3048 4495 3127 4547 FS
3161 4510 3187 4544 o

640 4569 898 4619 donauum
929 4568 1012 4618 L:
1058 4569 1218 4636 Ver-9.
1259 4569 1386 4619 Aen.
1423 4568 1540 4620 196
1693 4567 1762 4620 30
1800 4569 2047 4635 quaedam
2085 4570 2178 4622 FS
2214 4586 2297 4633 q:-
2336 4569 2437 4620 iam
2487 4571 2533 4620 L
2711 4567 2780 4619 37
2816 4583 2883 4617 1111
2915 4579 3183 4618 cantamus.

639 4640 802 4688 Varro
827 4639 908 4690 F.-
942 4639 1014 4701 cf'.
1053 4641 1277 4702 Pompei.
1311 4655 1364 4702 p.
1405 4637 1502 4690 1113
1535 4641 1789 4692 Priscian.
1824 4655 1880 4703 p.
1915 4638 2017 4691 639
2046 4640 2273 4692 Con-sent.
2304 4655 2361 4702 p.
2397 4637 2551 4692 2023.
2592 4635 2831 4690 similiter·
2854 4639 2918 4688 de
2946 4635 3187 4702 queritans

638 4711 876 4758 nominum
921 4709 1193 4772 disputavit
1245 4709 1474 4760 Iulianus
1520 4709 1791 4760 Toletanus
1838 4713 1889 4760 in
1938 4710 2119 4764 Donat.
2169 4724 2223 4773 p.
2262 4709 2350 4759 LX
2360 4711 2445 4770 Vl,
2489 4712 2576 4776 qm·
2604 4710 2831 4760 Varroni
2864 4707 3034 4759 tribuit
3060 4705 3183 4764 haec,

639 4778 846 4841 scripsit
880 4777 1042 4827 Varro
1091 4779 1154 4828 ad
1208 4779 1501 4829 Ciceronem
1545 4782 1848 4844 ‘potestatis
1898 4789 2097 4830 nostrae
2146 4787 2221 4831 est
2270 4780 2372 4829 illis
2418 4780 2568 4830 rebus
2610 4779 2734 4830 dare
2764 4793 2981 4845 genera,
3014 4790 3129 4839 quae
3154 4789 3181 4822 0

639 4855 820 4896 natura
850 4863 1014 4912 genus
1047 4861 1142 4896 non
1183 4847 1401 4897 habent’
