3434 5442
903 320 1300 384 ms'rrrvn
1336 321 1618 384 An‘nvu
1664 319 2001 386 sne-320
2247 397 2258 406 ¹
2659 322 2739 383 97

297 441 417 483 mi,
438 440 489 482 12
516 441 569 484 11.
1092 459 1116 466 —
2356 470 2366 480 .
2396 438 2560 482 291113
2581 439 2639 480 v.

182 454 478 590 hicpsupra
520 511 717 574 dictus
760 531 938 574 casus
973 510 1257 574 ablativus
1299 513 1318 572 i
1356 511 1549 573 littera
1592 511 1972 581 terminetur,
2021 511 2255 589 quando
2300 452 2374 572 alb
2417 511 2508 572 his
2549 513 2740 572 nomi-

183 615 333 676 nibus
368 615 569 676 venire
624 617 959 693 reperitur,
1016 631 1169 692 quae
1211 615 1568 675 nominativo
1612 632 1754 674 casu
1807 614 2044 674 numeri
2085 613 2396 690 singularis
2438 614 2488 673 is
2533 611 2744 673 litteris

180 717 519 778 definiuntur
571 724 633 776 et
686 717 987 796 genetivus
1042 733 1215 778 casus
1274 717 1537 778 eiusdem
1586 717 1825 779 numeri
1879 714 2195 793 singularis
2249 715 2466 777 similes
2520 713 2744 776 habere

178 819 573 898 reperiuntur,
630 827 701 880 ut
740 825 883 898 puta
939 819 1037 880 hic
1080 818 1269 898 qualis
1317 818 1493 880 huius
1537 817 1726 898 qualis
1768 817 1845 880 ab⁴
1885 817 2000 879 hoc
2045 816 2204 896 quali
2257 819 2452 880 facere
2511 816 2742 880 debeat.

178 921 269 980 sed
307 905 423 980 hoc
466 937 813 992 monemus,
870 921 1029 1002 quod
1068 921 1185 983 hoc
1228 930 1611 1001 praeceptum
1666 938 1786 981 non
1831 927 1994 982 recte
2035 923 2306 982 statuisse
2348 921 2741 1000 reperiantur,
2797 943 2823 980 t,

176 1023 394 1102 quando
438 1025 561 1082 sint
600 1021 711 1084 alia
756 1025 1014 1095 nomina,
1039 1042 1211 1103 .quae
1252 1024 1613 1084 nominativo
1652 1041 1796 1083 casu
1835 1023 2066 1084 numeri
2112 1021 2425 1100 singularis
2460 1024 2510 1083 is
2538 1021 2746 1082 litteris

176 1125 519 1186 deliniantur
578 1133 639 1186 et
690 1127 993 1202 genetivos
1050 1143 1222 1187 casus
1280 1125 1545 1186 eiusdem
1596 1128 1832 1188 numeri
1884 1125 2198 1203 singularis
2249 1124 2468 1186 similes
2523 1123 2746 1186 habere

174 1228 573 1304 reperiantur,
630 1245 743 1288 nec
771 1209 984 1288 ‘tamen
1028 1227 1281 1289 ablativo
1322 1245 1461 1290 casu
1518 1229 1752 1290 numeri
1805 1226 2121 1306 singularis
2160 1229 2185 1288 i
2224 1225 2417 1288 littera
2463 1226 2746 1288 definian-

176 1341 292 1396 tur,
337 1337 405 1392 ut
448 1337 595 1408 puta
638 1329 737 1390 bic
780 1331 1005 1392 iuvenis
1042 1331 1213 1408 panis
1254 1330 1387 1392 finis
1428 1321 1636 1400 crini8‚
1680 1317 1874 1391 'huius
1911 1331 2138 1392 iuvenis
2178 1331 2350 1410 panis
2394 1329 2526 1390 finis
2569 1329 2748 1389 crinis

176 1439 227 1492 et
258 1439 461 1494 cetera
517 1430 673 1492 talia.
764 1431 1183 1512 numquidnam
1218 1428 1245 1516 ΙΙ
1273 1430 1347 1494 ab
1395 1432 1512 1493 hoc
1554 1433 1747 1494 iuveni
1798 1435 1936 1512 pani
1991 1433 2092 1492 nni
2133 1433 2282 1494 crini
2336 1447 2550 1492 sonare
2603 1447 2744 1508 pro·
2777 1451 2824 1492 m

173 1533 417 1594 bantur?
456 1533 563 1594 sed
610 1532 683 1594 ab
726 1533 841 1594 hoc
884 1535 1093 1596 iuvene
1134 1551 1286 1613 pane
1328 1535 1445 1596 fine
1489 1536 1655 1597 crine
1700 1536 1896 1597 facere
1940 1535 2440 1610 demonstra-ntur.
2489 1540 2574 1594 0et
2616 1531 2750 1594 ideo

175 1655 300 1705 nos,
350 1656 507 1716 quae
548 1637 785 1698 nomina
832 1644 891 1698 et
933 1655 1045 1716 qua
1088 1636 1164 1697 de
1202 1655 1378 1699 causa
1432 1638 1491 1698 in
1540 1635 1750 1698 eodem
1793 1634 2044 1698 ablativo
2085 1655 2226 1699 casu
2271 1635 2506 1698 numeri
2551 1637 2750 1712 singu·

174 1737 303 1798 laris
368 1757 445 1798 ex
504 1746 763 1816 utroque
814 1755 963 1799 sono
1004 1741 1313 1819 permissa
1376 1741 1495 1802 sint
1554 1739 1952 1818 pronuntiari,
2007 1740 2078 1798 in
2141 1740 2302 1802 sonis
2365 1744 2750 1818 conpetenter

175 1839 575 1902 tractabimus.

333 1942 483 2006 Item
528 1944 589 2004 in
634 1961 814 2022 supra
845 1942 1015 2010 dictis
1056 1943 1373 2022 generibus
1416 1951 1554 2006 sunt
1590 1942 1780 2023 aliqua
1817 1943 2072 2012 nomina,
2115 1960 2272 2021 quae
2311 1938 2750 2021 genetivo'casu
2779 1959 2829 2000 ¹5

174 2046 399 2106 numeri
444 2043 691 2124 pluralis
732 2045 852 2107 ium
893 2044 1102 2106 litteris
1144 2044 1601 2122 concludantur,
1660 2050 1720 2104 et
1743 2051 1902 2106 -sunt
1943 2044 2165 2122 aliqua,
2231 2063 2384 2125 quae
2440 2046 2496 2104 in
2539 2043 2748 2105 eodem

170 2149 442 2221 genetivo
488 2165 629 2207 casu
676 2148 909 2210 numeri
950 2146 1193 2225 pluralis
1230 2167 1329 2209 um
1365 2145 1576 2208 litteris
1624 2156 1762 2225 post
1799 2154 2220 2208 consonantem
2265 2146 2638 2215 definiantur,
2689 2152 2753 2206 ut

171 2257 303 2327 puta
359 2249 577 2310 barum
630 2249 837 2310 sedum
892 2255 951 2311 et
1000 2250 1209 2310 harum
1266 2247 1516 2314 aedium.
1605 2267 1789 2329 quare
1851 2249 1966 2310 hoc
2021 2267 2360 2319 monemus,
2420 2247 2581 2327 quod
2637 2247 2754 2307 sint
2805 2299 2811 2310 .

171 2351 377 2430 aliqui,
433 2353 538 2429 qui
580 2350 755 2429 vulgo
800 2351 937 2413 huic
980 2353 1143 2412 casui
1188 2351 1302 2412 lioc
1343 2357 1730 2431 praeceptum
1775 2357 2036 2414 statuere
2081 2353 2587 2421 existimaverunt,
2634 2349 2752 2410 hoc

172 2461 253 2512 est
294 2463 371 2514 ut
410 2471 823 2533 quaecumque
889 2455 1127 2517 nomina
1174 2452 1424 2515 ablativo
1466 2473 1607 2515 casu
1662 2455 1897 2515 numeri
1940 2453 2252 2532 singularis
2297 2471 2330 2514 e
2378 2452 2572 2514 littera
2615 2469 2750 2512 cor·
2776 2471 2832 2512 πο

170 2563 333 2635 repta
390 2557 815 2625 terminantur,
881 2543 1029 2617 haec
1082 2575 1155 2616 ex
1210 2557 1421 2618 eodem
1474 2575 1659 2636 supra
1712 2556 1868 2618 dicto
1921 2572 2061 2618 casu
2115 2555 2363 2617 eandem
2415 2573 2448 2615 e
2499 2554 2751 2616 litteram

172 2659 443 2718 omittant
486 2657 575 2718 vel
620 2659 677 2717 in
722 2659 741 2718 i
785 2665 1127 2718 convertant
1172 2665 1229 2719 et
1266 2677 1365 2719 um
1403 2657 1683 2738 syllabam
1729 2659 2035 2736 accipiant,
2073 2667 2140 2718 ut
2179 2659 2510 2735 genetivum
2551 2673 2752 2718 casum

172 2761 409 2820 numeri
448 2759 696 2838 pluralis
740 2759 1009 2830 efficiant,
1063 2765 1131 2822 ut
1173 2766 1315 2838 puta
1355 2759 1429 2821 ab
1464 2760 1578 2822 hoc
1618 2759 1824 2840 lepore
1871 2760 2084 2822 horum
2129 2759 2403 2840 leporum
2441 2767 2500 2818 et
2539 2757 2613 2818 ab
2641 2758 2756 2819 hac

171 2871 329 2922 turre
382 2861 593 2923 barum
636 2863 911 2924 turrium.
1000 2862 1103 2923 sed
1149 2863 1385 2942 quando
1426 2862 1580 2924 idem
1624 2861 1910 2924 ablativus
1953 2880 2124 2923 casus
2169 2862 2403 2923 numeri
2443 2858 2756 2938 singularis

170 2981 199 3022 e
237 2962 505 3025 litteram
551 2965 779 3024 omittat
816 2970 875 3024 et
916 2963 1153 3042 quando
1200 2964 1446 3026 eandem
1490 2984 1523 3026 e
1564 2963 1838 3046 litlteram
1881 2967 1942 3026 in
1979 2967 2000 3026 i
2031 2970 2352 3034 convertat,
2396 2963 2513 3024 hoc
2555 2961 2754 3024 dicere
2778 2981 2830 3021 25

170 3065 514 3133 noluerunt,
554 3072 617 3126 et
656 3065 809 3135 ideo,
854 3075 923 3126 ut
964 3083 1143 3146 supra
1182 3066 1453 3137 diximuS,
1496 3085 1711 3130 vanum
1755 3074 2138 3147 praeceptum
2182 3081 2364 3145 supra
2395 3065 2552 3126 dicto
2595 3065 2756 3125 casui

168 3168 493 3228 instituisse
532 3185 656 3227 non
696 3166 1127 3229 intellexerunt.
1218 3187 1402 3246 quare
1442 3170 1557 3231 hoc
1597 3187 1926 3240 monemuS,
1972 3169 2130 3246 quod
2177 3169 2514 3245 genetivum
2555 3184 2755 3228 casum

172 3271 409 3330 numeri
451 3267 680 3330 scilicet
722 3269 995 3348 1111113113,
1050 3273 1149 3349 qui
1192 3270 1266 3332 ab
1310 3272 1559 3347 ablativo
1604 3289 1748 3333 casu
1787 3271 2020 3332 numeri
2063 3268 2406 3348 singulariS,
2451 3271 2552 3348 qui
2589 3287 2622 3330 e
2663 3267 2758 3329 lit-

172 3379 285 3432 tera
336 3379 622 3448 correpta
664 3373 1033 3442 terminetur,
1078 3374 1281 3434 venire
1316 3361 1648 3453 reperitur,
1696 3372 1936 3453 quando
1979 3391 2080 3434 um
2121 3371 2334 3434 litteris
2370 3377 2507 3450 post
2547 3389 2756 3432 conso·

173 3483 413 3534 nantem
465 3481 523 3534 et
568 3474 805 3551 quando
854 3475 977 3535 ium
1016 3473 1229 3536 litteris
1284 3475 1699 3546 concludatur,
1753 3478 1815 3537 in
1858 3477 2017 3538 sonis
2060 3481 2445 3553 conpetenter
2499 3479 2756 3534 tractare
2783 3487 2836 3530 3⁰

72 3611 85 3626 ·
172 3575 517 3636 debeamus,

334 3679 491 3739 Item
536 3679 595 3738 in
624 3696 804 3759 supra
835 3679 1005 3741 dictis
1041 3667 1359 3757 generibus
1402 3681 1517 3742 hoc
1554 3699 1884 3750 monemus,
1929 3680 2086 3759 quod
2117 3681 2235 3739 sint
2277 3677 2471 3757 aliqua
2499 3679 2758 3745 nomina,

176 3798 317 3858 quae
380 3783 718 3841 accusativo
762 3800 903 3842 casu
958 3783 1188 3843 numeri
1239 3781 1551 3860 singularis
1606 3784 1665 3843 in
1710 3801 1832 3844 uno
1887 3781 2174 3844 vocabulo
2219 3798 2328 3842 suo
2383 3779 2615 3840 duobus
2667 3779 2761 3841 bis

178 3887 327 3945 sonis
374 3883 757 3962 reperiantur
798 3882 1051 3950 deliniri,¹
1088 3885 1145 3945 id
1191 3891 1279 3946 est
1318 3903 1411 3946 em
1460 3893 1519 3947 et
1560 3886 1670 3954 im,
1716 3893 1786 3945 ut
1826 3891 1966 3964 puta
2011 3885 2166 3945 hauc
2201 3899 2462 3962 puppem
2505 3889 2564 3944 et
2605 3882 2761 3944 hanc

182 3989 441 4066 puppim.
500 3985 605 4046 sed
651 3993 711 4047 et
744 3985 891 4048 haec
933 3989 1171 4048 nomina
1218 3991 1333 4065 qiia
1372 3988 1449 4050 de
1486 4006 1663 4049 causa
1704 3989 1764 4047 in
1805 4004 1983 4065 supra
2014 3983 2170 4047 dicto
2213 4003 2352 4046 casu
2399 4004 2470 4046 ex
2501 3992 2756 4063 utraque
2782 3994 2835 4036 ³⁵

186 4089 359 4150 [orma
410 4090 701 4167 permissa
741 4091 857 4150 sint
900 4088 1203 4160 declinari,
1244 4091 1305 4150 111
1350 4091 1513 4151 sonis
1556 4096 1944 4168 conpetenter
1983 4086 2390 4148 tractabimus

338 4191 431 4251 De
485 4189 739 4272 ablativo
792 4209 962 4260 casu,
1022 4193 1123 4270 qui
1178 4211 1213 4252 e
1254 4190 1448 4253 littera
1508 4199 1780 4271 correpta
1835 4193 2216 4259 terminatur,
2273 4195 2557 4267 quantum
2609 4186 2758 4247 ratio

190 4291 475 4367 poscebat,
522 4293 921 4352 tractavimus

336 4394 433 4455 De
472 4395 512 4453 1.
604 4395 624 4454 1
662 4393 860 4455 littera
913 4401 1139 4456 tantum
1195 4393 1477 4457 ablativus
1534 4413 1705 4458 casus
1760 4395 1996 4456 numeri
2047 4391 2358 4472 singularis
2409 4391 2758 4452 terminatus

309 4599 347 4652 3
384 4602 649 4664 genetiuos
681 4615 833 4651 casus
870 4599 921 4648 B
956 4601 1220 4666 genetiuos
1258 4614 1443 4650 casuue
1478 4601 1524 4651 R
1698 4603 1734 4650 4
1777 4598 1932 4648 huius
1968 4596 2136 4662 qualis
2169 4612 2262 4648 om.
2285 4565 2374 4659 -R’
2412 4597 2534 4647 add.
2574 4596 2623 4646 B

184 4669 217 4718 8
246 4669 551 4720 definiantur
586 4671 639 4720 B
672 4669 920 4720 finiantur
948 4669 994 4719 R
1101 4670 1165 4720 14
1198 4670 1525 4721 tractabimus
1560 4669 1601 4720 R
1636 4670 1962 4719 tractauimus
1992 4669 2044 4719 B
2150 4668 2218 4721 19
2257 4668 2408 4734 uulgo
2445 4668 2495 4717 B
2529 4667 2685 4733 uolgo
2713 4665 2760 4716 R

314 4739 387 4790 28
416 4742 481 4790 ab
514 4755 609 4792 om.
652 4741 717 4795 R,
756 4739 882 4790 add.
920 4739 973 4788 B
1108 4741 1197 4802 qui
1232 4747 1349 4790 ante
1385 4755 1413 4790 e
1447 4737 1612 4789 littera
1640 4755 1734 4792 om.
1776 4738 1851 4804 R,
1886 4739 2009 4793 add.
2045 4739 2096 4790 B
2266 4739 2335 4791 36
2370 4737 2697 4788 tractabimus
2733 4751 2766 4786 r

186 4813 507 4860 tractauitnus
532 4809 581 4860 R

287 4915 607 4960 eumn-r.
639 4917 785 4960 LA‘r.
820 4915 941 4958 1111.
2149 4961 2164 4966 ,
2317 4897 2354 4956 7
