3434 5442
815 360 912 421 DE
955 357 1653 465 VLTIMIS‘SYLLARIS
1695 357 1769 420 Vl
1801 356 2027 419 3-vl1
2064 360 2083 417 1
2623 358 2749 420 235

295 504 307 515 .
443 502 456 515 .
565 503 578 515 .
2394 500 2406 513 .
2490 472 2573 514 ,ω
2635 498 2647 511 .

149 474 654 625 τεοῗρίιῑῖωυέιξιτο
697 544 887 606 tribus
931 544 1164 605 casibus
1203 545 1602 624 pyrrichium;
1661 545 1967 621 genetivus
2010 472 2523 624 θωρὴὼτεοῖιγῖι,
2570 472 2751 605 οζῐοτί

153 666 304 708 vero
355 663 528 708 casus
571 645 854 707 iambum.

327 749 478 809 Item
522 748 874 827 pronomina
917 747 1080 807 finita
1123 753 1300 826 atque
1344 747 1801 808 demonstrativa
1849 747 1947 808 hic
1990 747 2136 807 haec
2193 747 2337 808 hoc:
2393 748 2751 809 nominativo

149 848 446 927 singulari
487 848 818 911 masculino
859 851 980 911 sive
1021 857 1237 911 neutro
1277 866 1499 926 genere
1535 848 1745 909 eadem
1786 839 2028 927 syllaba'
2050 846 2247 909 brevis
2288 855 2406 919 est,
2468 848 2749 909 feminino

151 951 356 1029 longa.
448 952 754 1029 genetivus
797 968 970 1012 casus
1009 952 1272 1011 omnium
1317 949 1660 1011 trochaeum
1711 951 1922 1029 recipit
1980 968 2099 1010 non
2148 957 2267 1011 tam
2312 957 2521 1011 natura
2572 968 2747 1029 quam
2800 976 2825 1013 s

151 1054 474 1133 positione,
523 1053 681 1130 quod
721 1054 742 1113 i
777 1052 974 1114 littera
1014 1051 1228 1130 duplex
1269 1052 1363 1122 sit,
1409 1059 1474 1112 ut

466 1154 688 1215 huius
730 1153 1046 1215 odorato
1089 1154 1392 1215 radices
1433 1154 1789 1230 incoque;
1828 1131 1843 1150 ’

150 1258 388 1333 dativus
429 1255 828 1335 pyrrichium,
871 1255 1042 1316 huic:
1098 1255 1202 1316 sed
1259 1260 1506 1333 possunt
1558 1254 1769 1315 ambae
1823 1254 2079 1335 syllabae
2134 1256 2193 1316 in
2244 1254 2607 1335 synalipbam
2650 1272 2748 1315 ca-

149 1358 318 1427 dere,
357 1365 425 1419 ut
2114 1350 2122 1357 ’

467 1466 690 1538 atque
730 1458 904 1520 huic
945 1462 1394 1537 responsum
1438 1460 1704 1537 paucis
1748 1460 1853 1518 ita
1896 1456 2255 1518 reddidit.
2777 1478 2825 1519 ιο

152 1562 528 1643 accusativus
582 1568 642 1622 et
685 1558 970 1622 ablativus
1027 1560 1270 1621 brevem
1313 1559 1596 1639 syllabam
1652 1560 1945 1638 recipiunt
1998 1565 2241 1629 natura,
2300 1560 2407 1622 sed
2458 1560 2750 1639 positione

153 1663 418 1741 longam.
507 1664 652 1723 item
707 1660 1014 1741 pluraliter
1069 1661 1130 1723 hi
1181 1669 1242 1723 et
1293 1663 1406 1723 hae
1461 1668 1520 1721 et
1577 1661 1725 1723 haec
1778 1662 2171 1721 nominativus
2224 1660 2463 1740 longam
2518 1662 2752 1740 recipit,

154 1766 466 1843 genetivus
525 1782 596 1825 ex
650 1762 826 1843 longa
883 1770 942 1824 et
991 1762 1156 1825 brevi
1218 1769 1473 1833 constat,
1533 1764 1714 1825 ceteri
1772 1780 1977 1824 omnes
2021 1761 2303 1843 syllabam
2370 1762 2607 1840 longam
2652 1781 2749 1824 re-

155 1868 402 1945 cipiunt.
1515 1940 1520 1945 ⁸

327 1968 478 2029 Item
521 1967 874 2046 pronomina
915 1968 1246 2047 possessiva
1289 1972 1350 2027 et
1389 1965 1466 2027 ad
1509 1964 1730 2045 aliquid
1772 1965 2093 2027 referentia
2132 1984 2301 2028 meus
2344 1984 2475 2028 mea
2516 1985 2745 2029 meum:
2781 1990 2825 2028 ιε

157 2072 559 2132 nominativus
601 2068 920 2148 singularis
972 2070 1094 2131 sive
1137 2069 1504 2130 accusativus
1563 2074 1622 2130 et
1664 2069 1963 2129 vocativus
2020 2067 2385 2147 pyrrichium
2432 2070 2746 2147 recipiunt,

155 2172 467 2249 genetivus
523 2172 644 2232 sive
697 2169 980 2233 ablativus
1035 2169 1318 2232 iambum.
1407 2169 1652 2249 pluralis
1702 2170 2095 2231 nominativus
2152 2178 2213 2231 et
2267 2172 2630 2231 accusativus
2690 2179 2751 2232 et

157 2274 461 2335 vocativus
515 2273 840 2335 masculino
881 2279 938 2334 et
981 2272 1264 2334 feminino
1306 2289 1528 2350 genere
1583 2290 1656 2333 ex
1699 2270 1866 2333 brevi
1908 2278 1970 2333 et
2008 2269 2181 2349 longa
2227 2278 2483 2342 constat,
2534 2280 2747 2333 neutro

157 2394 230 2437 ex
273 2374 507 2436 duabus
541 2374 856 2445 brevibus3
898 2375 1206 2453 genetivus
1249 2375 1516 2435 omnium
1559 2392 1634 2435 ex
1662 2372 1829 2435 brevi
1874 2380 1933 2435 et
1968 2373 2145 2450 longa
2183 2380 2241 2435 et
2278 2372 2475 2443 brevi:
2523 2375 2749 2436 dativus

157 2486 218 2538 et
259 2476 550 2537 ablativus
587 2495 659 2539 ex
701 2475 870 2539 brevi
913 2483 972 2538 et
1011 2476 1205 2555 longa,
1251 2483 1317 2536 ut
2773 2496 2827 2535 20

467 2580 624 2639 sive
665 2596 898 2641 meum
942 2596 1226 2657 corpus
1265 2576 1662 2655 spoliatum
1705 2576 1995 2639 lumine
2038 2579 2297 2649 mavis,

469 2680 692 2741 redde
737 2698 794 2741 m
811 2681 934 2742 eis.

161 2786 300 2844 item
362 2783 716 2859 pronomina
779 2789 1034 2860 quantus
1080 2788 1278 2843 tantus
1333 2780 1692 2842 nominativo
1741 2798 1883 2843 casu
1948 2780 2233 2859 singulari
2294 2790 2355 2845 et
2418 2785 2749 2844 accusativo

165 2884 426 2945 ultimam
471 2882 714 2945 brevem
757 2884 1081 2964 recipiunt,
1139 2890 1206 2944 ut
1266 2882 1632 2960 ‘quantus
1689 2882 1780 2943 ab
1824 2889 2152 2954 occasu’,
2219 2883 2506 2945 ‘tantus
2546 2902 2751 2944 amor

163 2989 474 3046 terrae’.
563 2984 846 3045 feminino
889 2992 949 3046 et
989 2990 1204 3046 neutro
1249 3000 1470 3062 genere
1525 3000 1705 3063 supra
1754 2983 1923 3044 dictis
1978 2984 2213 3046 casibus
2264 2986 2471 3047 eadem
2528 2985 2751 3065 syllaba
2775 3004 2825 3043 τε

165 3086 362 3147 brevis
405 3094 522 3156 est,
565 3087 836 3163 genetivo
879 3104 1118 3167 quoque
1164 3085 1417 3167 [brevis]
1449 3082 1478 3168 ss
1507 3085 1700 3145 dativo
1762 3092 1820 3145 et
1861 3083 2113 3146 ablativo
2156 3085 2348 3166 longa.
2436 3089 2577 3149 item
2617 3088 2748 3169 plu-

164 3188 306 3249 ralis
367 3188 758 3249 nominativus
815 3188 1180 3250 accusativus
1239 3193 1299 3249 et
1345 3187 1638 3249 vocativus
1703 3185 2013 3249 masculini
2072 3195 2132 3249 et
2187 3190 2449 3249 feminini
2515 3192 2753 3267 generis

163 3290 400 3367 longam
441 3288 665 3351 habent
701 3288 1046 3352 naturaliter
1087 3288 1386 3351 ultimam:
1433 3307 1569 3351 nam
1614 3291 1807 3368 prima
1850 3290 2139 3368 positione
2188 3290 2254 3351 tit
2282 3289 2475 3369 longa.
2534 3300 2749 3354 neutro

163 3410 302 3452 vero
347 3409 568 3469 genere
607 3392 702 3452 his
743 3390 976 3453 casibus
1020 3391 1214 3453 brevis
1269 3393 1382 3453 erit
1423 3390 1646 3453 ultima.
1736 3392 2040 3469 genetivus
2084 3392 2349 3455 omnium
2406 3412 2477 3455 ex
2521 3393 2751 3455 duabus

165 3493 358 3571 longis
401 3500 458 3555 et
499 3492 668 3554 brevi
706 3500 950 3563 constat,
999 3501 1062 3555 ut
1106 3495 1508 3555 ‘miserere
1548 3491 1887 3555 laborum
1930 3500 2370 3555 tantorum'.
2412 3496 2421 3573 Ι
2459 3496 2652 3559 dativo
2688 3504 2749 3557 et
2774 3512 2827 3553 ³0

165 3594 414 3656 ablativo
454 3602 718 3657 extrema
759 3594 936 3673 longa
982 3604 1086 3656 est.

331 3696 464 3757 Non
531 3698 805 3758 inmerito
879 3696 1164 3777 pleraque
1236 3698 1589 3775 pronomina
1655 3698 2110 3775 comprehendi,
2184 3707 2249 3760 ut
2324 3698 2749 3778 aliquantulum

166 3805 494 3876 patesceret
547 3798 906 3861 naturalium
961 3800 1110 3860 ratio
1165 3797 1542 3879 syllabarum.
1629 3806 1827 3860 cetera
1882 3808 2081 3863 autem
2138 3821 2209 3863 ex
2266 3802 2359 3864 his
2402 3802 2573 3865 facile
2628 3802 2750 3864 col-

165 3898 443 3977 figuntur.

1295 4084 1366 4125 nr:
1397 4082 1604 4124 vnum.
2776 4088 2827 4129 35

333 4205 418 4268 De
457 4205 680 4266 ultimis
733 4204 970 4285 syllabis
1029 4206 1222 4268 dicam
1268 4223 1460 4285 paene
1505 4204 1847 4285 ultimisque
1896 4207 2231 4268 verborum.
2324 4209 2503 4272 verba
2555 4212 2749 4272 omnia

174 4308 388 4367 cunctis
435 4306 964 4385 significationibus
1021 4308 1649 4388 coniugationibusque
1717 4308 1911 4370 modis
1966 4310 2333 4389 temporibus
2390 4317 2566 4392 atque
2613 4330 2749 4389 per-

304 4554 332 4602 7
367 4550 544 4617 buius]
589 4554 748 4619 Ver-9.
784 4568 964 4619 year-9.
1005 4556 1096 4605 llll
1135 4554 1240 4606 279
1415 4554 1614 4605 radices
1649 4555 1871 4618 inqoque
1904 4554 1955 4605 B
1992 4556 2141 4606 radix
2177 4564 2255 4606 est
2290 4571 2326 4613 ς
2498 4557 2531 4609 8
2579 4560 2750 4623 pyrri-

177 4619 354 4685 chium]
393 4623 621 4674 iambum
659 4624 925 4674 Putet-Idus
1095 4623 1161 4675 10
1197 4623 1370 4688 atque]
1418 4628 1574 4690 Ver-9.
1614 4626 1745 4675 Aen.
1790 4626 1853 4673 Vl
1892 4626 1994 4676 (172
2135 4626 2199 4676 21
2240 4626 2372 4693 sive]
2418 4628 2575 4695 Ver-9.
2618 4630 2749 4680 Aen.

179 4688 266 4738 xli
297 4690 394 4741 935
533 4696 604 4743 24
639 4702 860 4757 quantus
895 4694 960 4743 ab
997 4710 1180 4746 occaso
1223 4694 1304 4744 B:
1348 4696 1506 4760 νει-9.
1545 4695 1674 4745 Aen.
1715 4694 1857 4744 Villi
1895 4696 1999 4747 668
2138 4693 2327 4759 tantus]
2376 4698 2533 4765 Ver-9.
2566 4714 2744 4765 μεθῇς.

178 4758 216 4807 ll
251 4758 338 4811 301
489 4762 560 4813 29
592 4778 658 4811 ex
694 4763 894 4815 duabus
930 4763 1100 4831 longis
1133 4774 1182 4814 et
1217 4764 1362 4814 breui
1398 4778 1433 4821 ς
1471 4780 1537 4815 ex
1575 4764 1777 4815 duabus
1812 4765 2055 4817 breuibus
2090 4772 2141 4814 et
2172 4765 2327 4835 longo.
2355 4767 2408 4817 B
2546 4768 2617 4819 30
2654 4772 2747 4819 mi-

178 4827 357 4897 serere]
400 4832 558 4897 γει-9.
596 4831 730 4883 Aen.
773 4834 816 4882 11
860 4833 958 4885 143
