3434 5442
649 311 774 380 530
1351 333 1358 338 -
1776 305 2083 392 [senon]

753 415 785 460 s.
814 417 910 460 57*-
939 417 993 460 58
1018 417 1114 460 eoa.
1143 415 1248 460 ω.
2792 433 2835 474 p.
2862 421 2959 462 5³1.
2985 419 3035 462 ει
3063 418 3119 464 v.

647 497 812 578 quod
855 517 926 560 ea
962 499 1046 560 sit
1084 499 1444 580 principium
1489 495 1779 569 aliarum,
1814 505 1880 560 ut
1918 495 2085 578 μέση
2128 501 2193 560 in
2238 498 2458 561 musica
2503 508 2595 562 est
2634 500 2871 562 initium
2914 501 3210 572 cantionis,

648 605 708 660 et
759 601 1024 664 omnium
1075 616 1282 664 rerum
1335 599 1500 662 initia
1557 617 1795 680 semper
1854 598 2107 664 obscura
2158 601 2306 670 sint;
2364 601 2501 666 dein
2544 601 2703 682 quod
2746 620 2927 664 omne
2967 602 3213 666 medium

645 701 708 764 in
753 703 1018 781 augustis
1062 720 1182 764 non
1229 700 1523 778 videatur,
1567 708 1634 762 ut
1675 709 1961 782 punctum
2004 703 2067 762 iu
2098 703 2359 782 quamvis
2401 719 2617 781 magno
2661 703 2839 774 orbe,
2870 701 2899 786 ss
2926 704 3087 784 quod
3126 723 3213 764 vo·

647 810 782 865 cant
825 799 1129 885 κέντρον.
1219 802 1446 866 nullum
1499 821 1627 866 esse
1671 821 1920 883 corpus,
1978 801 2076 865 ubi
2122 822 2241 867 non
2286 805 2363 864 sit
2402 802 2694 872 medium,
2742 813 2803 866 et
2842 823 3083 868 omnem
3126 826 3212 868 vo-

569 919 595 959 5
647 923 778 968 cem
835 923 1054 987 corpus
1111 923 1272 974 esse;
1329 923 1567 968 omnem
1612 907 1792 984 igitur
1836 923 2040 968 vocem
2084 904 2345 968 medium
2387 905 2625 967 hahere.
2713 907 2869 986 quod
2914 909 3077 968 enim
3118 909 3215 970 fuit

645 1007 924 1070 deorsum
978 1009 1146 1088 prius
1186 1009 1250 1069 in
1293 1008 1552 1074 medium
1601 1007 1949 1078 succedere,
2008 1027 2185 1088 quam
2228 1007 2419 1070 evolet
2470 1027 2701 1070 sursum
2718 1057 2735 1078 ,
2792 1017 2850 1070 et
2892 1008 3055 1089 quod
3095 1029 3212 1072 sur·

643 1128 778 1173 sum
834 1117 924 1176 est
977 1119 1114 1172 ante
1169 1109 1380 1173 eodem
1433 1110 1636 1172 venire
1689 1127 1869 1190 quam
1925 1108 2229 1181 deorsum,
2270 1127 2482 1190 ‚quare
2536 1111 2843 1190 utriusque
2898 1112 3211 1190 compitum

643 1211 903 1278 medium
959 1227 1109 1274 esse.
1197 1219 1259 1274 et
1309 1211 1494 1274 multa
1549 1218 1859 1292 praeterea
1914 1210 2084 1274 latius
2136 1213 2200 1272 in
2252 1229 2383 1274 eam
2438 1230 2567 1274 rem
2623 1212 2919 1292 disputata
2966 1213 3211 1293 profert,

644 1331 796 1394 quae
855 1332 1015 1376 nunc
1070 1312 1243 1376 nohis
1295 1314 1537 1392 longum
1597 1321 1688 1374 est
1740 1314 1977 1376 iterare.
2066 1315 2220 1376 scire
2277 1315 2433 1376 enim
2480 1321 2716 1391 oportet
2758 1315 3007 1376 rationis
3052 1314 3213 1377 huius

569 1428 617 1468 10
643 1433 856 1480 recens
899 1433 1017 1478 non
1075 1434 1208 1480 esse
1249 1422 1682 1486 commentum,
1741 1415 1845 1476 sed
1892 1416 2152 1480 omnium
2198 1417 2301 1495 qui
2345 1423 2481 1476 ante
2523 1415 2848 1478 Varronem
2893 1426 2952 1478 et
2996 1416 3210 1494 Tyran-

642 1520 883 1580 nionem
938 1517 1014 1580 de
1069 1517 1346 1597 prosodia
1401 1515 1620 1597 aliquid
1681 1516 2051 1598 reliquerunt
2104 1517 2390 1598 plurimos
2446 1525 2505 1578 et
2558 1517 2917 1580 clarissimos
2956 1537 3214 1598 quosque

642 1619 874 1684 mediae
915 1618 1090 1682 huius
1135 1618 1344 1682 fecisse
1387 1620 1783 1688 mentionem,
1841 1637 2003 1699 quos
2034 1638 2241 1682 omnes
2284 1619 2395 1682 sihi
2438 1619 2617 1681 fuisse
2661 1628 2933 1682 auctores
2978 1618 3162 1682 Varro
3204 1621 3211 1700 Ι

641 1723 1096 1791 commemorat,
1141 1722 1561 1800 grammaticos
1590 1720 1875 1783 Glaucum
1908 1721 2173 1784 Samium
2218 1729 2277 1784 et
2320 1722 2745 1784 Hermocraten
2789 1722 3039 1790 Iasium;
3080 1723 3213 1782 item

638 1822 1058 1904 philosophum
1101 1822 1580 1907 Theophrastum
1623 1824 2107 1903 peripateticum,
2156 1825 2251 1888 cui
2294 1824 2489 1886 divina
2534 1823 2805 1906 facundia
2850 1841 3076 1884 nomen
3116 1823 3211 1884 ad·

566 1937 610 1978 ¹⁵
637 1925 834 1995 scivit,
881 1941 995 1986 nec
1038 1942 1157 1986 non
1203 1923 1466 1986 eiusdem
1513 1932 1710 1986 sectae
1754 1925 2219 1997 Athenodorum,
2254 1929 2469 1988 summi
2515 1927 2805 1988 acuminis
2848 1928 3042 1986 virum
3062 1973 3078 1996 ,
3122 1926 3213 2006 qui

635 2027 928 2108 quandam
975 2025 1314 2106 prosodiam
1341 2019 1718 2106 μονότονον
1746 2025 2027 2108 appellat,
2074 2045 2226 2108 quae
2272 2027 2501 2088 videtur
2545 2046 2664 2088 non
2710 2026 2823 2088 alia
2867 2044 3001 2088 esse
3048 2044 3211 2105 quam

636 2129 860 2201 media,
889 2127 1044 2200 ‚licet
1086 2128 1317 2189 diverso
1361 2127 1666 2192 vocabulo.
1727 2147 1839 2190 nec
1883 2128 2095 2192 desunt
2138 2131 2239 2210 qui
2282 2128 2589 2208 prosodias
2634 2127 2835 2209 plures
2879 2147 3013 2191 esse
3046 2146 3211 2207 quam

633 2240 910 2313 quattuor
963 2231 1324 2311 putaverint,
1381 2238 1450 2291 ut
1502 2228 1759 2294 Glaucus
1812 2231 2073 2302 Samius,
2132 2250 2166 2292 a
2222 2251 2339 2313 quo
2396 2249 2498 2292 sex
2553 2230 2865 2311 prosodiae
2916 2239 3063 2292 sunt
3112 2229 3212 2292 suh

633 2333 798 2398 hisce
840 2332 1198 2403 nominihuS,
1244 2326 1559 2414 ἀνειμένη
1601 2330 1769 2413 μέση
1816 2327 2247 2413 ἐπιτεταμένη
2276 2329 2692 2413 κεκλασμένη
2723 2325 3215 2408 ἆντανακλαζο-

557 2447 609 2488 ²⁰
633 2433 800 2518 μένη
847 2454 904 2498 o.
977 2433 1082 2496 sed
1127 2433 1226 2494 hic
1267 2451 1501 2514 quoque
1555 2451 1677 2496 non
1730 2435 2001 2498 dissentit
2043 2454 2076 2496 a
2120 2433 2313 2498 nobis.
2401 2453 2537 2499 nam
2582 2436 2765 2496 cuivis
2808 2453 2883 2495 ex
2922 2435 3070 2514 ipsis
3110 2453 3211 2496 no-

635 2536 892 2605 minibus
955 2534 1264 2599 intellectu
1326 2534 1584 2615 proclive
1646 2547 1735 2598 est
1788 2545 1912 2599 tres
1964 2540 2185 2617 primas
2238 2555 2369 2598 esse
2424 2536 2723 2616 simplices
2780 2544 2839 2596 et
2898 2553 3019 2596 non
3077 2534 3213 2596 alias

631 2657 806 2720 quam
864 2637 1150 2720 βαρεῖαν
1205 2632 1417 2718 μέσην
1472 2629 1727 2712 ὀξεῖαν,
1784 2645 2114 2719 postremas
2169 2647 2364 2701 autem
2421 2647 2543 2699 tres
2597 2637 2863 2718 duplices
2928 2647 2991 2698 et
3052 2639 3214 2718 quasi

629 2741 861 2821 species
926 2741 1100 2803 unius
1163 2737 1384 2808 flexae,
1445 2757 1598 2819 quae
1655 2747 1747 2806 est
1802 2757 2023 2819 genere
2077 2759 2211 2802 una.
2299 2740 2455 2801 hanc
2510 2740 2669 2800 euim
2726 2739 2886 2802 flecti
2929 2758 3056 2800 non
3100 2757 3214 2802 uno

629 2842 808 2906 modo
863 2858 1072 2904 omnes
1125 2847 1512 2920 putaverunt:
1567 2841 1992 2906 Eratosthenes
2046 2861 2119 2905 ex
2172 2849 2343 2922 parte
2397 2842 2599 2922 priore
2652 2849 2825 2907 acuta
2868 2843 2932 2902 in
2974 2859 3213 2921 gravem

555 2961 606 3002 τε
629 2945 1052 3025 posteriorem,
1119 2941 1472 3005 Theodorus
1533 2951 1731 3006 autem
1798 2943 2111 3024 aliquando
2172 2945 2347 3006 etiam
2414 2961 2487 3004 ex
2552 2944 2719 3022 gravi
2768 2943 2831 3002 in
2886 2944 3212 3007 acutiorem

629 3046 980 3116 escendere,
1007 3085 1012 3090 -
1037 3051 1302 3108 ceterum
1348 3045 1534 3107 Varro
1592 3044 1652 3106 in
1707 3053 2021 3127 utramque
2075 3053 2304 3126 partem
2350 3045 2576 3106 moveri
2618 3043 2974 3132 arbitratur,
3024 3063 3212 3126 neque

629 3147 745 3210 hoc
795 3146 968 3212 facile
1022 3147 1154 3208 fieri
1209 3147 1336 3208 sine
1379 3145 1606 3218 media,
1663 3165 1915 3228 eamque
1955 3157 2187 3210 acutam
2229 3145 2581 3227 plerumque
2624 3163 2754 3208 esse
2796 3147 2999 3226 potius
3040 3165 3211 3228 quam

629 3265 870 3328 gravem
927 3247 1116 3331 [quod
1173 3266 1242 3310 ea
1295 3249 1540 3329 propior
1594 3256 1907 3330 utramque
1964 3257 2081 3320 est,
2140 3268 2316 3330 quam
2372 3247 2471 3310 illa
2524 3250 2795 3329 superior
2848 3256 2911 3309 et
2966 3249 3211 3311 inferior

773 3488 799 3540 1
839 3503 980 3538 mese
1014 3488 1067 3538 iu
1102 3487 1328 3538 musicae
1353 3483 1568 3538 ‘initium
1603 3486 1696 3538 LO
1836 3488 1870 3538 2
1904 3503 2075 3540 rerum
2112 3502 2205 3540 om.
2236 3485 2279 3536 Ο
2417 3487 2601 3538 deiude
2639 3486 2680 3537 0
2818 3485 2852 3538 3
2888 3487 2943 3536 in
2976 3487 3209 3554 augustis

631 3557 674 3609 O
711 3559 743 3608 ιῑ
777 3557 1014 3624 angustis
1045 3557 1096 3606 L
1269 3572 1420 3620 quem
1455 3568 1640 3608 uocant
1677 3565 1883 3608 centron
1921 3557 2013 3608 LO
2185 3557 2218 3608 5
2258 3557 2352 3608 fuit
2384 3558 2681 3610 Gor-scenam
2714 3557 2779 3608 de
2809 3560 3210 3620 pronuntiatione

627 3631 749 3693 lino.
783 3629 906 3680 Lat.
937 3628 980 3680 11
1011 3642 1062 3691 p.
1099 3628 1198 3680 241
1239 3627 1350 3677 fluit
1385 3625 1479 3676 LO
1645 3627 1678 3678 6
1722 3628 1993 3679 succedere
2037 3628 2247 3679 Wasius
2282 3627 2589 3678 succendere
2626 3625 2719 3676 LO
2752 3627 3063 3680 succendere
3096 3643 3209 3678 ωιι-

627 3699 747 3750 {ede
792 3697 1010 3750 Weilt'us
1149 3711 1301 3762 quam
1333 3697 1472 3748 uolet
1511 3696 1552 3747 O
1691 3701 1720 3748 7
1756 3698 1939 3748 eodem
1978 3699 2146 3748 venire
2189 3698 2403 3749 Weiluas
2437 3713 2497 3747 eo
2535 3697 2777 3748 deuenire
2813 3697 2910 3748 Lo
3050 3699 3210 3747 utrius

629 3769 908 3834 compitum
950 3765 992 3818 0
1163 3765 1198 3818 8
1234 3766 1546 3834 disputatum
1582 3763 1674 3816 LO
1848 3767 1881 3816 9
1917 3767 2129 3835 longum
2166 3775 2242 3818 est
2278 3766 2320 3817 0
2356 3768 2524 3818 locum
2556 3775 2633 3818 est
2669 3767 2717 3816 L
2754 3767 2899 3820 locus
2936 3781 3037 3818 nou
3072 3777 3151 3818 eet
3180 3783 3209 3816 o

772 3837 836 3890 10
873 3852 1003 3901 quae
1032 3843 1148 3888 unte
1178 3833 1220 3888 0
1360 3836 1627 3888 barronem
1667 3834 1710 3886 O
1749 3851 1886 3892 corr.
1926 3853 2193 3888 unt-renem
2232 3837 2279 3887 L
2418 3837 2789 3902 tyr-reunionem
2836 3839 2887 3888 L
3033 3835 3095 3888 11
3131 3853 3210 3887 re-

629 3908 920 3972 linquerunt
955 3905 1049 3958 LO
1188 3921 1416 3972 quosque
1463 3908 1674 3958 Wasius
1709 3921 1911 3972 quoque
1948 3907 2041 3958 LO
2182 3908 2244 3960 12
2273 3908 2419 3958 barro
2452 3923 2589 3960 cor-r.
2623 3921 2773 3957 uarro
2804 3908 2851 3957 L
2996 3905 3061 3958 13
3092 3905 3207 3956 her-

627 3986 902 4030 mocratem
939 3976 981 4029 0
1117 3975 1305 4028 Iasium
1352 3977 1564 4028 Wast'us
1590 3979 1787 4029 ioseum
1825 3976 1919 4028 LO
2062 3979 2124 4028 14
2151 3976 2494 4043 theoprastum
2536 3978 2580 4028 L
2722 3977 2786 4029 15
2822 3975 3207 4026 Athenodorum

639 4049 851 4101 Waa‘uae
875 4045 1268 4098 athenothorum
1307 4046 1348 4097 0
1383 4058 1440 4097 nt
1479 4044 1538 4112 (a
1570 4047 1614 4110 l)
1643 4045 1979 4098 henothorum
2018 4048 2067 4097 L
2239 4046 2305 4098 16
2338 4057 2646 4100 monotonon
2683 4047 2735 4098 L
2774 4058 3101 4096 monotomou
3146 4045 3208 4096 10

773 4117 836 4170 17
879 4118 970 4182 qui
997 4117 1270 4184 prosodias
1310 4115 1353 4167 0
1389 4115 1713 4180 quiuodosios
1741 4131 1877 4168 eor-r.
1910 4119 1998 4182 qui
2028 4117 2361 4182 prosodosias
2386 4117 2437 4167 L
2546 4116 2610 4168 19
2644 4115 2786 4167 hisce
2819 4115 2951 4182 (hiis
2986 4130 3119 4181 quae
3142 4113 3209 4179 0)

623 4187 916 4242 nominibus
971 4187 1206 4238 ansimen
1255 4185 1556 4306 Ιιίηιοείρῖ
1557 4195 1787 4238 etameue
1822 4187 2162 4308 §pentemene
2206 4185 2277 4249 0)
2326 4201 2589 4238 cecesmen
2636 4197 2887 4237 eutauuca
2922 4184 3207 4237 homenehc

625 4257 930 4324 (homeuech
962 4255 1028 4321 0)
1076 4257 1170 4308 sed
1207 4255 1300 4308 LO
1334 4202 1606 4322 ανειμεΡνη
1535 4251 1785 4322 νημέση
1848 4271 2195 4322 πεπεταμενη
2219 4247 2761 4322 ἅντανακλαζομὲνη
2786 4271 2932 4322 vnto]
2976 4257 3204 4309 Wasius.

625 4323 980 4394 κεκλασμένη
1025 4327 1224 4378 addidit
1271 4325 1435 4380 editor
1473 4325 1887 4378 Vindobonenst's.
1942 4334 2221 4408 praeterea
2262 4328 2521 4382 lacunam.
2562 4341 2662 4390 quo
2700 4333 2901 4378 sexum
2930 4327 3207 4388 prosodiae

625 4412 795 4450 nomeu
823 4398 1034 4460 excidit,
1068 4397 1304 4448 indicavi.
1339 4396 1535 4448 ot'detm·
1563 4404 1727 4447 autem
1751 4389 2238 4462 περικεκλασμὲνη
2262 4396 2578 4448 desiderari:
2618 4391 2713 4462 ἴση
2744 4397 2957 4448 coniecit
2994 4397 3208 4448 Weilius

763 4466 834 4518 20
869 4465 1089 4518 desentit
1125 4465 1216 4517 LO
1389 4479 1506 4517 num
1538 4466 1680 4518 cuius
1715 4479 1808 4514 sex
1845 4465 1973 4530 ipsis
2012 4463 2053 4514 0
2223 4467 2290 4516 22
2327 4481 2477 4530 quam
2518 4465 2697 4514 uarian
2743 4467 3075 4516 mesenoxian
3112 4465 3207 4516 Lo

762 4537 832 4588 24
869 4545 978 4588 erat
1013 4545 1215 4588 catenes
1240 4534 1336 4586 LO
1435 4535 1502 4585 25
1538 4535 1591 4586 in
1622 4537 1899 4586 acutiorem
1931 4532 2188 4599 (acutiore
2206 4532 2269 4599 O)
2307 4533 2589 4586 exceudere
2621 4532 2713 4584 LO
2798 4535 2869 4588 26
2901 4535 2955 4586 in
2992 4544 3205 4599 utraque

626 4613 770 4672 parte
799 4604 894 4656 LO
1033 4609 1101 4659 27
1136 4601 1254 4673 hoc]
1297 4605 1382 4656 hic
1411 4603 1502 4656 Lo
1639 4603 1708 4656 28
1743 4605 1877 4668 quod
1916 4619 1979 4654 ea
2008 4603 2095 4669 (eu
2129 4619 2220 4657 om.
2264 4605 2329 4666 L,
2364 4605 2489 4658 add.
2528 4604 2567 4670 l)
2598 4603 2811 4671 propius
2842 4606 3106 4670 (probi-ius
3128 4603 3203 4668 L)

627 4685 839 4738 utraque
869 4685 947 4726 eet
983 4691 1134 4741 quam
1173 4676 1262 4726 iila
1299 4675 1532 4740 superior
1557 4673 1732 4738 (quam
1772 4675 2020 4740 superiori
2051 4676 2129 4725 vel
2159 4675 2260 4725 -ria
2288 4691 2427 4728 corr.
2466 4689 2613 4740 quam
2652 4674 2740 4723 ina
2775 4675 3009 4741 superior
3041 4675 3118 4737 L)
3154 4685 3203 4724 et

627 4743 843 4796 inferior
879 4747 1011 4796 inter
1046 4759 1101 4794 se
1139 4744 1248 4796 LO.
1285 4745 1440 4795 verba
1476 4743 1540 4794 ab
1572 4743 1664 4796 hoc
1697 4747 1807 4796 loeo
1838 4745 2007 4796 aliena
2030 4745 2103 4794 ad
2135 4746 2363 4796 lacunam
2398 4745 2541 4808 infra
2569 4745 2688 4806 531,
2714 4745 2747 4794 5
2766 4753 2887 4807 pou
2922 4753 3117 4812 oportet
3151 4753 3201 4794 et

626 4813 894 4865 indicatam
919 4815 1175 4878 pertinere
1207 4815 1440 4864 videntur
