3434 5442
1059 361 1064 364 ’
1139 387 1368 448 coum.
1415 387 1490 448 lN
1537 387 1891 468 ῡοΝΑΤνΜ
2682 397 2799 457 441

2362 510 2406 549 p.
2435 499 2549 540 1853.
2575 497 2625 539 54
2653 498 2701 539 P.

225 572 288 633 in
339 591 450 635 usu
497 575 642 642 erit,
701 591 913 635 exosus
955 591 1220 653 perosus.
1310 575 1383 636 ab
1430 593 1499 636 eo
1555 575 1710 655 quod
1756 581 1847 636 est
1888 577 2130 637 memini
2173 578 2313 638 artis
2358 576 2579 639 nullum
2624 580 2803 658 parti-

227 675 456 753 cipium
502 675 826 754 reperitur:
873 675 922 736 si
967 674 1040 736 ad
1085 695 1286 746 usum,
1333 695 1533 738 verum
1569 685 1686 746 est3
1733 677 1786 739 si
1813 677 1883 738 ad
1916 680 2345 750 auctoritatem,
2395 678 2621 741 salsum.
2668 698 2802 742 nani

226 777 564 839 invenimus
619 779 678 838 in
722 775 928 838 Plauto
986 779 1406 839 meminens„
1493 781 1791 840 tunicatus
1847 777 2107 859 galeatus
2152 780 2293 841 dicit
2336 783 2641 861 participia
2686 801 2803 843 non

227 895 392 948 esse,
442 879 547 940 sed
591 879 860 949 nomina,
910 897 980 940 eo
1025 879 1180 960 quod
1227 899 1258 940 a
1305 878 1498 941 verbis
1545 899 1662 942 non
1707 880 2037 943 trabuntur.
2105 883 2207 942 sed
2252 885 2302 944 si
2345 882 2659 963 diligenter
2703 885 2802 945 atl-

231 979 481 1053 tendaS,
527 979 838 1042 advertens
882 999 915 1041 a
961 980 1252 1044 similibus
1295 982 1604 1061 participia
1635 981 2046 1062 conprobabis,
2109 1001 2242 1046 nam
2286 983 2427 1046 licet
2470 1003 2588 1046 non
2634 985 2855 1047 saciat5

228 1085 436 1143 tunice
481 1083 682 1163 galeo,
731 1091 960 1154 tamen,
1007 1085 1284 1164 quoniam
1331 1085 1562 1163 tempus
1604 1083 1848 1155 hahent,
1906 1086 2034 1146 sine
2079 1084 2257 1148 dubio
2302 1088 2605 1167 participia
2650 1096 2805 1150 sunt.

225 1187 453 1247 etenim
515 1191 812 1247 ‘armatus
873 1185 1126 1246 incedit'
1185 1194 1244 1247 et
1299 1188 1574 1248 ‘vestitus
1617 1186 1879 1247 incedit’
1936 1205 2067 1248 cum
2098 1183 2125 1272 Η
2158 1188 2319 1258 dico,
2366 1189 2478 1250 hoc
2522 1189 2804 1269 significo,

227 1288 384 1349 ‘iam
457 1295 744 1359 armatus,
805 1289 920 1351 iam
965 1288 1207 1349 vestitus
1262 1295 1406 1350 est’.
1496 1290 1582 1350 sic
1638 1290 1812 1348 etiam
1869 1288 2116 1349 dicimus
2162 1290 2490 1352 ‘tunicatus
2530 1293 2807 1364 incedit',

222 1387 530 1468 ‘galeatus
573 1390 793 1452 incedit
809 1399 846 1464 ²,
911 1390 971 1452 id
1017 1399 1106 1452 est
1150 1387 1266 1471 [et]
1317 1391 1466 1451 ‘iam
1511 1391 1769 1452 tunicam
1815 1389 2046 1463 habet',
2106 1392 2255 1452 ‘iam
2303 1392 2527 1471 galeam
2571 1393 2803 1456 habet’.

222 1509 379 1571 quae
452 1510 548 1554 res
620 1500 851 1572 tempus
915 1491 1208 1561 ostendit:
1268 1500 1328 1553 ει
1381 1494 1431 1553 si
1487 1499 1718 1572 tempus
1772 1503 1887 1563 est,
1946 1495 2317 1572 participium
2364 1504 2469 1555 εει.
2559 1513 2808 1576 pransus
2838 1513 2884 1552 ιο

222 1601 477 1655 cenatus
523 1602 583 1657 et
622 1593 848 1675 reliqua
895 1601 1123 1655 constat
1167 1612 1294 1656 esse
1339 1595 1673 1674 participia,
1721 1592 1858 1655 licet
1900 1613 1933 1655 a
1980 1594 2157 1656 verbo
2203 1613 2322 1657 non
2366 1599 2619 1658 veniant.
2668 1617 2806 1659 con·

220 1713 464 1758 cessum
511 1703 600 1758 est
641 1697 798 1758 enim
847 1695 1224 1775 regulariter,
1273 1703 1336 1756 ut
1380 1715 1410 1757 a
1458 1695 1822 1758 neutralibus
1851 1695 2046 1758 verbis
2090 1695 2263 1759 liceat
2306 1698 2477 1760 nobis
2520 1717 2809 1780 usurpare

219 1799 547 1876 praeterita
596 1799 919 1879 participia.
981 1798 1085 1879 sed
1130 1799 1408 1879 quoniam
1455 1799 1514 1858 in
1559 1797 1651 1858 his
1693 1816 1791 1859 ars
1835 1797 2061 1870 delicit,
2090 1793 2392 1862 'debemus
2422 1800 2511 1863 vel
2557 1803 2808 1862 auctori·

219 1906 348 1960 tate
394 1899 633 1962 firmare
679 1919 870 1981 neque
915 1899 988 1961 ad
1033 1901 1278 1961 istorum
1323 1897 1764 1961 similitudinem
1813 1899 1922 1962 alia
1968 1901 2223 1980 fingere,
2272 1902 2373 1964 sed
2420 1901 2537 1965 illis
2577 1910 2803 1965 'tantum

215 2003 342 2072 uti,
393 2019 546 2082 quae
590 2001 738 2062 lecta
782 2009 939 2065 sunt.
2835 2021 2883 2061 ιε

399 2103 650 2165 Nomina
696 2103 904 2166 similia
949 2105 1272 2185 participiis
1328 2104 1633 2184 praeteriti
1675 2105 1961 2184 temporis
2003 2114 2246 2186 quartae
2290 2113 2425 2168 sunt
2469 2105 2809 2168 declinatio-

220 2207 352 2276 nis,
400 2207 527 2286 ipsa
573 2213 769 2268 autem
820 2206 1125 2286 participia
1171 2204 1492 2275 secundae,
1561 2213 1627 2266 ut
1677 2205 1775 2266 hic
1818 2207 1973 2268 visus
2016 2207 2189 2268 buius
2245 2208 2398 2271 visus
2443 2227 2656 2271 nomen
2703 2215 2809 2283 est,

217 2309 322 2368 hic
373 2309 530 2370 visus
572 2307 745 2369 huius
791 2309 894 2368 visi
941 2308 1312 2389 participium
1361 2314 1467 2368 est.
1556 2307 1909 2369 furibundus
1953 2317 2011 2369 et
2055 2307 2441 2372 moribundus
2482 2316 2809 2387 quaesitum

216 2417 312 2471 est
359 2411 498 2491 quid
546 2417 768 2478 essent:
831 2417 890 2470 et
936 2411 1172 2472 nomina
1219 2429 1348 2471 esse
1393 2409 1770 2471 manifestum
1817 2416 1933 2481 est,
1999 2411 2153 2490 quod
2202 2410 2495 2474 subtracta
2542 2413 2651 2476 dus
2694 2414 2807 2494 syl·

217 2511 362 2572 laba
409 2517 469 2571 et
512 2511 703 2573 addita
745 2530 776 2572 s
827 2510 1018 2572 littera
1065 2529 1185 2573 non
1227 2512 1480 2574 redeunt
1521 2513 1582 2572 in
1615 2513 1919 2593 participia
1950 2513 2278 2591 praesentis
2322 2516 2618 2592 temporis,
2653 2516 2806 2596 quod
2834 2531 2885 2571 20

217 2613 583 2692 regulariter
627 2613 846 2674 dictum
893 2621 982 2674 est
1025 2632 1170 2675 nova
1215 2617 1462 2676 ratione.
1551 2615 1885 2693 participia.
1931 2625 2081 2694 quae
2126 2621 2355 2676 constat
2398 2635 2527 2678 esse
2571 2620 2809 2696 partici-

217 2719 358 2794 pia,
426 2733 536 2776 nec
590 2717 898 2795 positivum
953 2715 1200 2794 gradum
1246 2725 1490 2797 possunt
1544 2718 1844 2795 recipere,
1902 2716 2179 2797 quoniam
2235 2717 2544 2798 participia
2590 2719 2805 2780 nullam

217 2819 525 2895 recipiunt
580 2819 1077 2897 conparationem.
1168 2827 1363 2880 tamen
1419 2820 1861 2900 conparativum
1918 2818 2163 2898 gradum
2223 2818 2570 2900 plerumque
2625 2823 2809 2883 susci-

219 2921 427 2998 piunt,
497 2920 790 2998 acceptior
865 2927 923 2980 et
977 2919 1311 2991 incensior,
1370 2938 1520 3000 quae
1575 2940 1673 2982 res
1728 2919 1851 2981 sola
1906 2937 2115 2982 sensus
2175 2922 2401 2982 ratione
2460 2925 2809 2984 secernitur.

217 3019 572 3082 adverbium
631 3020 704 3081 de
748 3023 1074 3101 participiis
1121 3022 1281 3082 nasci
1325 3022 1584 3084 Donatus
1629 3021 1878 3093 adserit,
1923 3020 2163 3102 plurimi
2208 3031 2441 3101 negant.
2516 3025 2618 3084 sed
2666 3042 2805 3086 con·
2832 3041 2883 3082 25

217 3131 344 3184 stat
375 3123 531 3204 apud
579 3125 832 3184 maiores
875 3123 1112 3204 quidem
1159 3123 1341 3196 lecta,
1388 3125 1448 3185 in
1495 3142 1604 3187 usu
1633 3131 1831 3185 tamen
1865 3142 1993 3186 esse
2024 3142 2143 3186 non
2173 3131 2447 3204 possunt,
2494 3132 2559 3186 ut
2589 3125 2805 3187 dictum

221 3233 318 3288 est
363 3225 426 3286 in
473 3224 765 3287 adverbio.

1165 3345 1260 3408 DE
1305 3344 1877 3409 CONIVNCTIONE.

398 3481 466 3543 In
522 3481 935 3542 coniunctione
994 3479 1140 3543 nihil
1200 3484 1432 3560 penitus
1477 3483 1608 3543 novi
1654 3484 1875 3562 posuit,
1922 3482 2025 3543 sed
2070 3483 2148 3543 ita
2196 3483 2292 3543 hic
2336 3484 2488 3543 sicut
2529 3485 2588 3543 in
2633 3502 2805 3563 supe-

219 3587 388 3646 riore
434 3591 600 3665 parte
646 3585 929 3647 tractavit.
1018 3582 1162 3645 illud
1217 3583 1389 3664 plane
1449 3585 1690 3654 adiecit,
1748 3583 1904 3665 quod
1956 3583 2095 3644 licet
2150 3584 2320 3645 nobis
2364 3586 2807 3645 coniunctiones
2834 3599 2884 3638 30

219 3707 337 3768 pro
383 3686 513 3748 aliis
557 3686 1068 3750 coniunctionibus
1113 3704 1366 3766 ponere;
1411 3685 1566 3766 quod
1600 3703 1718 3747 non
1752 3689 1969 3749 mirum
2001 3694 2115 3757 est,
2163 3706 2297 3748 cum
2344 3685 2518 3747 liceat
2565 3695 2623 3747 et
2666 3685 2810 3748 alias

219 3797 430 3870 partes
486 3791 768 3852 orationis
823 3806 932 3870 pro
989 3787 1116 3850 aliis
1173 3805 1424 3869 ponere,
1493 3795 1558 3848 ut
1611 3806 1829 3849 nomen
1887 3806 1995 3869 pro
2052 3788 2259 3860 verbo,
2314 3805 2645 3869 pronomen
2700 3808 2811 3868 pro

220 3891 538 3963 adverbio,
587 3899 648 3952 et
687 3890 871 3953 multa
913 3889 1055 3961 alia,
1103 3898 1302 3951 tamen
1347 3890 1773 3968 significatione
1818 3898 2055 3952 mutata.

1132 4059 1229 4122 DE
1274 4057 1888 4120 PRAEPOSITIONE.

397 4197 763 4276 praepositio
825 4203 916 4257 est
978 4215 1116 4276 pars
1170 4196 1453 4257 orationis
1510 4194 1681 4264 dicta,
1742 4194 1900 4274 quod
1957 4195 2015 4254 in
2064 4194 2361 4274 loquendo
2405 4198 2807 4276 praeponitur.
2836 4210 2885 4251 35

221 4311 282 4362 et
343 4298 492 4360 haec
549 4305 638 4358 est
693 4297 818 4359 eius
877 4305 1114 4370 natura,
1174 4305 1310 4377 puta
1359 4303 1530 4358 ‘ante
1577 4295 1924 4375 templum':
1984 4314 2157 4358 nemo
2202 4298 2359 4358 enim
2404 4295 2581 4380 ἀὶΗείι
2626 4303 2807 4360 ‘tem-

365 4453 398 4504 3
431 4452 712 4502 meminens
739 4451 881 4516 apud
912 4451 1150 4502 Laenium
1176 4452 1294 4517 le9i,
1331 4465 1422 4502 osa
1457 4463 1566 4501 sum
1601 4459 1650 4502 et
1687 4465 1883 4503 osorem
1922 4451 2065 4516 apud
2094 4453 2327 4502 Plautum
2360 4451 2483 4502 dicit
2514 4452 2811 4502 Priscianus

215 4541 276 4588 p.
297 4523 422 4576 922.
451 4524 580 4574 haec
611 4523 932 4588 negleyenter
964 4536 1000 4571 α
1033 4523 1210 4575 Servio
1246 4521 1501 4586 descripta
1526 4535 1638 4573 esse
1661 4524 1979 4572 coniecerunt
2002 4518 2235 4571 Osanmes
2270 4523 2410 4570 anal.
2446 4523 2561 4574 crit.
2582 4537 2639 4586 p.
2664 4519 2733 4571 53
2764 4530 2812 4571 ec

235 4593 558 4646 Weccleerm
583 4600 722 4658 poet.
752 4593 874 4643 Lat.
899 4593 994 4642 rel.
1017 4605 1072 4656 p.
1093 4594 1178 4642 44.
1214 4607 1502 4658 quamquam
1537 4593 1747 4644 Servius
1772 4605 1871 4641 non
1898 4593 2214 4642 Precianum
2248 4591 2542 4654 exscripsit,
2572 4589 2669 4640 sed
2688 4607 2809 4641 enn-

223 4666 336 4714 dem
365 4671 574 4729 uterque
608 4671 862 4715 auctorem
897 4669 1098 4714 secutus
1124 4677 1238 4713 esse
1262 4664 1518 4726 putandus
1553 4670 1630 4712 est
1829 4663 1863 4712 4
1898 4662 2129 4712 attendes
2178 4661 2451 4712 aduertens
2478 4674 2511 4718 ς
2562 4661 2809 4711 adtendas

225 4735 502 4784 aduertens
532 4734 585 4783 P
724 4733 783 4785 11
819 4739 1054 4785 constant
1083 4746 1184 4782 uon
1217 4747 1330 4782 ense
1366 4733 1636 4797 participia
1660 4731 1704 4781 si
1733 4745 1763 4780 a
1791 4731 1947 4782 uerbo
1982 4745 2082 4781 non
2122 4731 2333 4780 ueniunt
2356 4745 2391 4788 ς
2529 4732 2739 4780 ueniunt
2761 4734 2814 4783 P

369 4802 436 4854 18
465 4804 749 4865 quaesitum
779 4815 856 4855 εει
889 4819 982 4854 om.
1011 4803 1064 4852 P
1227 4801 1296 4854 20
1324 4801 1495 4850 addita
1533 4801 1714 4850 littera.
1756 4819 1807 4854 κ.
1847 4801 2059 4853 redeunt
2086 4803 2166 4852 P.-
2198 4801 2269 4864 cf.
2306 4801 2573 4865 Pompeius
2623 4817 2675 4866 p.
2706 4799 2805 4853 361

365 4875 434 4924 24
467 4875 720 4938 acceptior
754 4883 804 4924 et
840 4873 1084 4923 incentior
1109 4872 1160 4920 P
1191 4871 1446 4938 acceptior
1482 4879 1528 4920 ει
1562 4871 1819 4938 ingentior
1856 4885 1890 4928 ς
