3434 5442
903 364 1322 475 xINSTITVTA
1365 362 1642 427 ARTWM
1682 362 2019 428 588—605
2646 366 2665 424 l
2682 356 2761 425 37

305 496 346 535 ρ.
371 480 526 524 met
557 480 606 523 a.
2321 492 2367 534 p.
2398 480 2575 522 ass-57
2606 480 2661 522 v.

215 554 454 615 feminini
495 552 727 615 numeri
766 550 1080 629 singularis
1127 559 1326 613 nostra
1363 558 1600 614 nostrae
1641 559 1877 614 nostrae
1921 559 2180 614 nostram
2228 558 2431 614 nostra
2474 572 2507 614 a
2538 558 2757 622 nostra,

214 658 424 717 numeri
449 654 692 735 pluralis
727 662 964 716 nostrae
1000 662 1337 715 nostrarum
1383 656 1600 717 nostris
1632 660 1864 716 nostras
1897 660 2133 715 nostrae
2172 672 2203 713 a
2236 656 2480 724 nostris;
2526 656 2762 731 generis

145 772 154 783 ·
211 759 384 818 neutri
405 760 658 819 numeri
695 756 1010 835 singularis
1055 766 1322 817 nostrum
1366 756 1550 817 nostri
1592 764 1795 817 nostro
1838 762 2106 818 nostrum
2150 762 2417 817 nostrum
2462 776 2495 818 a
2538 764 2757 826 nostro,

212 862 422 921 numeri
469 858 712 939 pluralis
765 866 966 919 nostra
1009 866 1346 921 nostrorum
1389 860 1608 920 nostris
1657 866 1857 920 nostra
1910 865 2109 920 nostra
2166 876 2199 919 a
2242 860 2479 919 nostris.
2566 866 2761 919 vester

209 980 515 1041 pronomen
551 963 944 1041 possessivum
999 964 1233 1039 generis
1271 960 1576 1022 masculini
1619 962 1843 1040 figurae
1888 962 2245 1040 compositae
2290 962 2523 1021 numeri
2560 962 2757 1039 singu·
2810 986 2835 1025 5

209 1063 330 1125 laris
371 1080 542 1126 casus
582 1064 942 1134 nominativi,
987 1072 1048 1123 et
1083 1062 1470 1125 declinabitur
1511 1082 1622 1144 per
1653 1062 1879 1142 singula
1922 1080 2161 1141 genera,
2206 1063 2437 1124 omissis
2464 1064 2757 1132 vocativis,

210 1164 348 1227 salva
389 1167 586 1246 specie
631 1181 734 1227 sua
781 1164 852 1227 ad
901 1164 1232 1244 exemplum
1273 1167 1476 1227 nostri.

355 1270 510 1330 Sane
543 1268 660 1329 hoc
701 1286 1026 1338 monemus,
1073 1268 1251 1349 quod,
1295 1270 1344 1329 si
1380 1286 1495 1347 que
1539 1268 1880 1329 coniunctio
1913 1265 2033 1329 sola
2078 1265 2529 1345 pronominibus
2568 1267 2759 1345 iungi·

207 1380 313 1440 tur,
357 1369 564 1440 sonus,
621 1388 740 1432 non
795 1383 1080 1431 numerus
1125 1372 1542 1450 pronominum
1589 1370 1795 1448 augeri
1848 1370 2291 1448 pronuntiatur;
2360 1375 2420 1428 et
2473 1368 2637 1438 ideo,
2694 1374 2761 1429 ut

205 1490 362 1553 supra
406 1473 918 1555 docuimus,‚sunt
961 1474 1154 1533 omnia
1197 1473 1544 1551 pronomina
1591 1490 1840 1534 numero
1884 1472 2119 1550 triginta
2164 1469 2273 1532 trIa
2320 1478 2564 1533 tantum.
2595 1466 2621 1555 ΙΙ
2786 1494 2835 1536 ιο

353 1575 522 1636 Nunc
561 1576 736 1637 etiam
779 1575 894 1637 boc
934 1590 1275 1644 monemus,
1318 1574 1474 1654 quod
1519 1574 1740 1635 Plinius
1782 1574 2089 1637 Secundus
2134 1575 2481 1655 pronomina
2524 1559 2758 1663 posses·

205 1677 308 1737 siva
350 1683 408 1739 et
457 1695 568 1757 per
607 1677 902 1755 quandam
951 1679 1266 1739 mixturam
1323 1679 1408 1737 sic
1451 1677 1673 1756 putavit
1713 1694 1842 1737 esse
1882 1675 2257 1747 declinanda,
2318 1676 2376 1737 id
2420 1682 2509 1738 est
2548 1676 2759 1736 intrin-

205 1796 354 1839 secus
405 1789 484 1853 et,
521 1780 904 1840 extrinsecus.
993 1780 1096 1840 secl
1151 1779 1266 1840 boc
1323 1796 1686 1857 supervacue
1744 1782 1971 1841 cunctis
2037 1782 2179 1840 artis
2234 1778 2520 1840 latoribus
2570 1779 2757 1840 visum

207 1889 280 1941 est
315 1881 617 1962 disputari,
669 1882 1141 1960 quandoquidem
1179 1882 1386 1943 eadem
1419 1882 1672 1943 mixtura
1715 1899 1834 1943 non
1864 1880 2079 1943 habeat
2113 1882 2422 1951 rationem,
2467 1881 2539 1941 ad
2581 1898 2757 1959 quam

206 2000 414 2044 causam
476 1984 766 2063 proficiat.
853 2002 1012 2046 nunc
1075 1989 1136 2044 et
1197 1983 1458 2045 eiusdem
1534 1986 1823 2045 mixturae
1894 1983 2340 2045 declinationem
2414 1982 2751 2043 subicimus.
2784 2004 2833 2047 ιτ,
2894 2062 2907 2071 ἣ

205 2084 413 2162 generis
453 2084 762 2166 masculini
804 2104 1094 2165 personae
1136 2086 1360 2165 primae
1404 2083 1638 2147 numeri
1669 2085 1985 2165 singularis
2022 2104 2189 2147 meus
2226 2088 2343 2146 mei
2384 2102 2517 2146 meo
2562 2101 2755 2145 meum

204 2204 348 2248 meus
387 2206 420 2249 a
461 2206 619 2257 meo,
661 2190 892 2249 numeri
931 2187 1176 2267 pluralis
1219 2182 1781 2261 nostrinostrorum
1830 2190 2045 2248 nostris
2084 2196 2317 2249 nostros
2358 2190 2542 2247 nostri
2582 2204 2615 2246 a
2650 2204 2756 2246 no-

204 2289 344 2359 stris3
389 2291 628 2368 generis
671 2290 933 2351 seminini
974 2308 1266 2370 personae
1307 2292 1532 2369 prlmae
1577 2291 1807 2351 numeri
1852 2288 2163 2367 singularis
2206 2308 2337 2351 mea
2382 2308 2548 2350 meae
2592 2304 2759 2349 meae

205 2405 371 2451 meam
413 2408 543 2453 mea
588 2410 623 2453 a
670 2410 796 2453 mea
810 2439 830 2462 „
899 2395 1132 2455 numeri
1175 2391 1416 2472 pluralis
1457 2401 1692 2454 nostrae
1733 2399 2068 2453 nostrarum
2114 2393 2333 2453 nostris
2374 2400 2607 2454 nostras
2648 2400 2757 2451 'no-

203 2500 336 2555 strae
376 2514 408 2555 a
449 2496 704 2564 nostris:
779 2498 1016 2574 generis
1059 2497 1252 2557 neutri
1304 2504 1606 2575 personae·
1633 2496 1859 2575 primae
1915 2497 2148 2556 numeri
2191 2493 2501 2572 singularis
2554 2512 2751 2555 meum
2780 2514 2833 2556 20

202 2595 298 2655 mei
333 2614 464 2657 meo
511 2614 712 2658 meum
757 2614 954 2659 meum
1007 2616 1038 2659 a
1082 2614 1244 2667 meo,
1312 2598 1544 2659 numeri
1598 2596 1841 2677 pluralis
1894 2604 2097 2659 nostra
2152 2605 2490 2659 nostrorum
2544 2598 2761 2657 nostris

204 2704 374 2759 nostra
416 2704 622 2761 nostra
677 2718 710 2761 a
753 2700 998 2761 nostris:
1061 2700 1295 2778 generis
1333 2694 1640 2761 masculini
1684 2717 1975 2779 personae
2019 2699 2312 2761 secundae
2370 2700 2601 2761 numeri
2638 2700 2756 2760 sin-

203 2797 398 2877 gularis
437 2806 580 2863 tuus
635 2801 722 2861 tui
767 2808 872 2862 tuo
917 2807 1081 2863 tuum
1136 2808 1274 2863 tuus
1327 2822 1356 2863 a
1403 2810 1534 2873 tuo,
1597 2804 1831 2864 numeri
1886 2802 2129 2882 pluralis
2192 2802 2369 2864 vestri
2424 2808 2755 2863 vestrorum

205 2904 384 2963 vestris
420 2910 652 2965 vestros
695 2905 868 2965 vestri
911 2922 946 2964 a
981 2904 1216 2974 vestris;
1263 2906 1498 2982 generis
1542 2905 1801 2967 feminini
1848 2922 2139 2983 personae
2181 2903 2475 2966 secundae
2521 2904 2756 2963 numeri

202 3002 487 3082 singularis
531 3014 632 3067 tua
677 3012 814 3066 tuae
857 3013 990 3067 tuae
1039 3014 1197 3067 tuam
1241 3015 1339 3069 tua
1385 3026 1418 3068 a
1445 3014 1564 3077 tua,
1611 3008 1843 3083 numeri
1874 3006 2115 3085 pluralis
2157 3016 2384 3068 vestrae
2426 3013 2752 3067 vestrarum
2780 3025 2831 3065 aa

205 3108 381 3169 restris
424 3117 652 3170 vestras
696 3114 925 3169 vestrae
967 3127 998 3169 a
1043 3110 1282 3170 vestris:
1345 3110 1578 3189 generis
1621 3110 1817 3170 neutri
1860 3127 2151 3189 personae
2192 3108 2485 3170 secundae
2526 3108 2755 3169 numeri

203 3207 484 3287 singularis
513 3216 684 3271 tuum
723 3212 808 3271 tui
851 3216 954 3271 tuo
994 3218 1160 3273 tuum
1203 3218 1370 3272 tuum
1417 3228 1450 3271 a
1479 3218 1598 3281 tuo,
1645 3214 1879 3273 numeri
1913 3210 2157 3290 pluralis
2198 3218 2387 3272 restra
2426 3218 2753 3271 vestrorum

203 3314 384 3372 vestris
423 3300 636 3373 vestra
663 3318 858 3373 vestra
903 3330 937 3373 a
981 3315 1216 3383 vestris;
1277 3315 1511 3393 generis
1564 3312 1871 3375 masculini
1927 3330 2217 3393 personae
2258 3314 2465 3374 tertiae
2522 3314 2755 3374 numeri

204 3412 486 3491 singularis
531 3432 676 3475 suus
720 3416 812 3475 sui
853 3432 962 3476 suo
998 3432 1168 3477 suum
1214 3434 1357 3477 suus
1398 3436 1430 3477 a
1473 3434 1610 3486 suo,
1665 3416 1903 3477 numeri
1943 3414 2185 3494 pluralis
2222 3416 2311 3476 sui
2348 3434 2592 3477 suorum
2636 3416 2755 3477 suis

204 3530 318 3573 suos
368 3518 457 3577 sui
511 3536 544 3577 a
591 3517 742 3587 suis:
805 3517 1040 3595 generis
1093 3519 1355 3579 seminini
1413 3537 1700 3598 personae
1746 3520 1951 3579 tertiae
2002 3518 2236 3581 numeri
2278 3518 2589 3598 singularis
2648 3536 2751 3579 sua
2778 3536 2829 3577 so

205 3631 322 3677 suae
357 3636 496 3681 suae
532 3636 702 3680 suam
755 3635 860 3681 sua
907 3637 940 3679 a
982 3638 1105 3690 sua,
1147 3618 1157 3705 Ι
1196 3623 1428 3683 numeri
1484 3621 1727 3701 pluralis
1784 3638 1925 3682 suae
1976 3638 2217 3683 suarum
2264 3622 2385 3683 suis
2432 3638 2569 3683 suas
2612 3638 2753 3682 suae

205 3734 228 3774 a
257 3720 394 3788 suis;
439 3722 676 3797 generis
704 3722 897 3783 neutri
931 3740 1220 3801 personae
1251 3726 1456 3786 tertiae
1495 3726 1726 3785 numeri
1755 3722 2065 3803 singularis
2098 3742 2268 3786 suum
2304 3725 2396 3786 sui
2432 3738 2539 3786 suo
2578 3740 2752 3786 suum

205 3836 348 3881 suum
401 3842 433 3883 a
477 3841 618 3907 suo,
676 3825 911 3887 numeri
966 3824 1208 3903 pluralis
1272 3844 1376 3889 sua
1434 3844 1676 3889 suorum
1734 3828 1855 3887 suis
1909 3845 2015 3887 sua
2060 3844 2164 3887 sua
2216 3846 2247 3888 a
2292 3828 2433 3897 suis,
2522 3828 2757 3906 generis

207 3924 484 3985 masculini
521 3943 814 4005 personae
849 3928 1076 4006 primae
1121 3928 1475 3990 intrinsecus
1514 3924 1829 4011 sinugulare
1876 3938 1933 3990 et
1964 3932 2325 3991 extrinsecus
2368 3928 2596 4008 plurale
2637 3930 2753 3990 mei

207 4040 442 4089 meorum
483 4030 634 4090 meis
677 4046 840 4091 meos
877 4031 992 4091 mei
1031 4050 1060 4091 a
1107 4032 1288 4100 meis,
1361 4032 1594 4108 generis
1637 4032 1898 4092 feminini
1944 4048 2237 4110 personae
2274 4034 2500 4111 primae
2542 4032 2751 4091 intrin-
2780 4046 2828 4087 35

207 4142 348 4187 secus
401 4130 700 4209 singulare
760 4137 820 4193 et
875 4134 1240 4194 extrinsecus
1303 4133 1529 4212 plurale
1595 4152 1763 4195 meae
1822 4152 2089 4195 mearum
2153 4136 2300 4197 meis
2365 4152 2525 4195 meas
2587 4150 2753 4193 meae
2830 4158 2835 4165 ·

208 4244 232 4283 a
263 4231 410 4302 meis,
451 4234 684 4311 generis
721 4235 916 4295 neutri
958 4252 1249 4313 personae
1292 4238 1520 4315 primae
1563 4238 1916 4298 intrinsecus
1952 4236 2248 4315 singulare
2291 4243 2352 4297 et
2390 4236 2753 4297 extrinsecus

209 4325 404 4404 plurale
445 4352 574 4396 mea
617 4354 890 4398 meorum
943 4340 1092 4399 meis
1133 4356 1264 4398 mea
1305 4356 1434 4401 mea
1491 4358 1522 4399 a
1569 4340 1743 4409 meis;
1814 4340 2049 4417 generis
2102 4338 2409 4399 masculini
2461 4352 2751 4417 personae

207 4436 470 4498 secundae
511 4439 865 4501 intrinsecus
903 4438 1202 4517 singulare
1259 4448 1318 4501 et
1360 4442 1726 4503 extrinsecus
1770 4441 1997 4521 plurale
2050 4442 2137 4501 tui
2176 4448 2415 4502 tuorum
2462 4442 2577 4501 tuis
2620 4446 2753 4501 tuos

207 4532 276 4591 tui
311 4554 342 4596 a
379 4539 508 4609 tuis,
553 4544 788 4617 generis
831 4542 1100 4603 feminini
1143 4560 1430 4623 personae
1473 4544 1767 4606 secundae
1810 4544 2164 4605 intrinsecus
2205 4540 2503 4624 singulare
2546 4550 2607 4605 et
2650 4562 2749 4605 ex*
2778 4558 2829 4600 «ιο

325 4714 357 4765 6
393 4715 668 4771 declinatur
692 4720 794 4771 RB
931 4722 967 4773 8
1003 4706 1393 4787 pronominibus
1431 4724 1478 4775 R
1513 4724 1594 4773 his
1631 4724 2015 4789 pronominibus
2044 4723 2095 4774 B
2240 4725 2301 4775 12
2338 4725 2673 4776 instrinsecus
2702 4732 2751 4775 et

212 4783 496 4838 extrinsecus
531 4789 576 4840 R
605 4792 910 4843 intrinsecus
944 4800 994 4841 et
1028 4802 1356 4844 extrensecus
1387 4802 1680 4845 extresecus
1715 4802 1767 4845 et
1802 4796 2119 4847 intrensecus
2148 4794 2201 4845 B
2336 4793 2405 4847 23
2455 4804 2594 4845 tuum
2632 4804 2750 4845 tuus

211 4864 237 4898 n
265 4862 340 4904 tuo
375 4872 428 4907 ru
461 4867 597 4910 tuum
629 4870 770 4912 tuum
799 4878 831 4913 a
865 4872 952 4913 tuo
983 4862 1031 4914 R
