3434 5442
967 343 1065 406 DE
1106 343 1430 406 mrem
1477 344 1584 426 [m
1628 344 2021 427 noNATvn]
2679 355 2803 414 477

329 462 377 502 p.
405 450 520 492 1828.
557 451 608 492 29
634 451 684 493 P.
2368 467 2412 507 p.
2442 456 2535 496 4⁷5.
2568 457 2619 498 76
2649 455 2701 496 V.

223 537 296 591 ut
335 531 403 592 el*
439 530 496 592 el
540 549 635 592 em
679 549 756 592 en
799 549 866 592 er
911 550 976 592 es
1018 533 1098 593 ix.
1189 532 1280 594 his
1323 533 1376 594 si
1418 531 1795 594 detrahamus
1837 531 2098 603 vocales,
2142 532 2364 596 babent
2408 542 2604 596 tamen
2647 534 2806 598 velut

225 633 526 714 quendam
582 633 674 694 sui
727 630 916 694 levem
971 651 1202 696 sonum.
1292 641 1428 696 ante
1483 632 1733 715 liquidas
1790 634 1864 696 de
1908 635 2357 699 semivocalibus
2400 638 2429 698 f
2466 637 2590 699 sola
2633 656 2803 719 prae-

223 737 470 815 ponitur
514 741 573 796 et
617 734 690 795 de
733 737 912 796 mutis
953 734 992 796 b
1038 755 1072 798 c
1117 735 1154 796 d
1198 753 1236 814 g
1279 755 1318 816 p
1361 743 1416 806 t;
1461 742 1526 796 et
1561 738 1897 798 necessario
1926 736 2172 800 sublatis
2201 742 2461 821 quinque
2490 738 2803 811 vocalibus,

222 855 380 918 quae
424 845 560 899 ante
603 835 852 918 liquidas
893 839 971 900 ita
1015 845 1482 919 praeponuntur,
1527 845 1594 900 ut
1621 837 1879 920 liquidae
1908 843 2267 920 postpositae
2296 860 2416 904 non
2447 841 2803 923 liquescant;

221 939 476 1002 sublatis
513 941 691 1002 etiam
734 939 880 1018 ipsis
919 939 1184 1020 liquidis,
1232 959 1382 1020 quae
1425 938 1535 1002 sibi
1579 949 1688 1002 aut
1724 959 2046 1022 numquam
2089 953 2537 1026 praeponuntur
2581 952 2709 1016 aut,
2756 946 2807 1006 si
2830 967 2855 1006 ⁵

221 1042 599 1123 praepositae
629 1042 882 1114 fuerint,
927 1041 1281 1124 liquidarum
1310 1043 1436 1103 iura
1471 1043 1831 1124 deperdunt,
1864 1052 1929 1106 ut
1956 1045 2327 1119 Mnestheum
2372 1047 2603 1110 sublato
2633 1048 2805 1108 etiam

221 1162 284 1214 S,
341 1144 502 1225 quod
558 1143 798 1224 liquidis
849 1161 1173 1225 numquam
1217 1146 1630 1224 praeponitur;
1691 1149 1937 1208 remotis
1983 1149 2158 1210 etiam
2202 1169 2239 1210 x
2282 1149 2321 1210 k
2366 1171 2404 1230 q
2446 1149 2489 1210 h
2529 1170 2564 1230 y
2607 1169 2665 1221 z,
2713 1169 2805 1211 re-

221 1254 473 1308 manent
524 1265 674 1327 quae
733 1249 1065 1309 necessario
1132 1245 1366 1328 liquidis
1419 1255 1867 1326 praeponuntur
1933 1257 2196 1330 septem,
2253 1252 2281 1313 f
2330 1251 2695 1314 semivocalis
2750 1259 2810 1312 et

221 1357 428 1410 mutae
471 1349 545 1410 vl
587 1348 626 1409 b
671 1367 704 1409 c
743 1348 778 1409 d
823 1369 862 1430 p
908 1367 945 1428 g
990 1357 1041 1420 t,
1089 1355 1152 1410 ut
1195 1348 1304 1410 flos
1346 1347 1556 1410 bruma
1602 1351 1845 1460 crimen!
1861 1351 2087 1414 Drusus
2128 1353 2353 1416 Plinius
2396 1353 2583 1432 gloria
2627 1354 2809 1415 trabit

225 1450 420 1529 frigus
461 1450 716 1512 blandus
759 1451 953 1513 clarus
995 1453 1223 1532 primus
1267 1451 1483 1530 gradus
1527 1454 1717 1516 tritus,
1795 1472 1931 1516 nam
1976 1463 2111 1516 ante
2154 1455 2175 1514 l
2219 1475 2539 1538 numquam
2582 1457 2805 1517 inveni·
2834 1479 2884 1522 1⁰

219 1571 362 1614 mus
407 1552 474 1625 d,
513 1550 526 1637 Ι
561 1573 766 1616 verum
808 1554 870 1613 in
913 1556 1113 1636 paucis
1157 1565 1207 1625 t,
1255 1561 1320 1616 ut
1363 1553 1702 1627 exantlavit,
1749 1557 1907 1638 quod
1950 1559 2013 1619 in
2042 1556 2247 1621 Plauto
2275 1558 2496 1620 lectum
2540 1567 2645 1630 est,
2692 1559 2807 1620 hoc

223 1662 321 1716 est
363 1655 720 1726 exhaurivit,
777 1664 836 1717 et
890 1655 1266 1737 Tlepolemus
1326 1659 1510 1738 siquis
1564 1666 1824 1720 vocetur.
1915 1668 2114 1720 mutae
2156 1669 2295 1722 sunt
2338 1679 2487 1742 quae
2532 1680 2564 1722 a
2609 1679 2673 1722 se
2714 1663 2805 1722 in-

221 1758 459 1836 cipiunt
511 1766 570 1818 et
623 1757 898 1819 desinunt
949 1759 1010 1818 in
1069 1760 1317 1820 vocales,
1410 1768 1603 1821 mutae
1660 1768 1857 1821 autem
1916 1762 2105 1824 dictae
2148 1771 2317 1836 sunt,
2362 1762 2517 1844 quod
2563 1762 2806 1825 sublatis

223 1857 531 1921 vocalibus
572 1859 800 1922 nullum
846 1858 1104 1923 habeant
1146 1881 1376 1924 sonum.
1440 1861 1480 1921 k
1525 1881 1663 1923 vero
1709 1871 1769 1924 et
1812 1883 1878 1944 q,
1924 1883 2075 1945 quae
2118 1883 2240 1925 non
2271 1863 2445 1926 nullis
2474 1865 2805 1944 superfluae
2846 1913 2866 1938 ,

217 1962 530 2034 videntur,
579 1963 732 2023 hano
777 1962 996 2025 babent
1038 1966 1358 2034 rationem,
1405 1971 1470 2025 ut
1510 1963 1550 2023 k
1592 1970 1736 2026 tunc
1778 1974 2208 2046 praeponatur,
2255 1967 2488 2048 quando
2532 1986 2567 2028 a
2609 1970 2881 2049 sequi-15

219 2073 343 2126 tur.
435 2064 540 2125 sed
596 2065 707 2126 hoc
761 2067 822 2125 in
878 2068 1080 2146 paucis
1125 2065 1462 2128 nominibus
1506 2065 1881 2139 observatur,
1926 2075 1991 2129 ut
2021 2068 2319 2131 Kalendae
2360 2071 2679 2149 Karthago.
2767 2088 2806 2150 q

217 2187 398 2238 vero,
445 2185 622 2248 quam
667 2168 918 2248 antiqui,
965 2170 1236 2249 quotiens
1265 2164 1292 2251 {l
1324 2188 1358 2229 u
1405 2167 1789 2248 sequebatur,
1833 2171 2310 2251 praeponebant,
2353 2174 2653 2250 praesenti
2696 2191 2801 2234 usu

219 2279 404 2341 tunc,
466 2288 600 2330 cum
655 2277 790 2350 post
844 2288 884 2330 u
941 2269 1130 2351 aliqua
1187 2289 1257 2330 ex
1311 2269 1610 2332 vocalibus
1665 2271 1845 2333 l'uerit
1886 2281 2113 2346 secuta,
2159 2276 2446 2354 praeponi
2493 2274 2695 2346 debet,
2742 2281 2809 2336 ut

225 2371 476 2453 quando
532 2372 830 2452 quendam
887 2374 1022 2452 quia
1067 2373 1375 2462 quoniam,
1437 2381 1496 2434 et
1538 2375 1697 2434 iuxta
1742 2377 2013 2455 antiquos
2070 2395 2242 2456 equs;
2310 2376 2451 2439 alias
2495 2378 2653 2438 enim
2696 2395 2806 2457 per

219 2492 255 2535 c
302 2492 484 2553 quam
543 2493 650 2552 per
711 2494 748 2554 q
807 2471 1184 2536 scribendum
1235 2483 1356 2547 est,
1414 2483 1479 2536 ut
1534 2493 1639 2536 cur
1700 2494 1855 2538 cum.
1944 2477 1983 2536 h
2041 2487 2287 2560 propter
2337 2480 2453 2541 hoc
2496 2498 2613 2541 non
2660 2479 2881 2546 nulli2o

219 2575 654 2638 excludendam
697 2583 934 2656 putant,
980 2576 1136 2656 quod
1180 2578 1368 2655 magis
1410 2596 1521 2657 pro
1566 2579 1735 2656 signo
1780 2579 2191 2658 adspirationis
2234 2600 2409 2662 quam
2454 2601 2566 2662 pro
2608 2581 2802 2644 littera

215 2687 570 2758 poneretur.
630 2696 768 2740 nam
813 2697 988 2758 quem
1033 2677 1106 2739 ad
1151 2678 1391 2740 modum
1438 2680 1648 2742 Graeci
1691 2680 2103 2760 adspirationis
2144 2689 2344 2743 notam
2391 2685 2543 2746 hanc
2588 2684 2807 2747 habent

221 2780 296 2854 Ι-,
333 2800 510 2861 quam
541 2778 820 2842 δασεῖαν
861 2787 1096 2852 vocant,
1143 2780 1216 2841 ad
1261 2782 1434 2842 huius
1479 2782 1919 2844 similitudinem
1966 2795 2025 2844 et
2069 2780 2276 2865 ψιλήν
2316 2784 2387 2857 -Ι,
2421 2805 2529 2847 nos
2574 2788 2665 2848 his
2710 2808 2805 2850 so-

220 2885 396 2944 ciatis
454 2883 865 2962 adspirationis
919 2883 1168 2944 facimus
1224 2890 1422 2944 notam
1468 2885 1550 2956 H,
1607 2886 1774 2945 euius
1828 2888 1879 2947 si
1922 2886 2181 2949 medium
2224 2905 2495 2966 separeS,
2541 2891 2805 2950 invenies

219 2994 397 3048 notas
443 3004 571 3048 esse
602 2987 982 3058 Graecorum,
1030 3003 1181 3064 quae
1227 2993 1432 3046 contra
1477 3003 1542 3046 se
1585 2989 1812 3066 positae
1844 2986 1951 3051 1-···Ι
1986 2996 2185 3050 notam
2242 2989 2411 3052 nobis
2455 2992 2802 3070 adspiratio·
2828 3017 2878 3058 25

221 3090 350 3160 nis,
397 3095 466 3150 ut
511 3087 794 3159 diximuS,
841 3088 1120 3149 efficiunt.
1184 3107 1220 3148 x
1266 3107 1499 3168 quoque
1545 3087 1680 3151 ideo
1727 3088 2065 3152 exclusione
2110 3092 2286 3171 digna
2330 3095 2448 3156 visa
2496 3103 2600 3166 est,
2648 3094 2803 3174 quod

217 3191 392 3271 quasi
450 3209 566 3252 una
624 3209 956 3254 consonans
1010 3196 1240 3253 contra·
1270 3188 1600 3271 litterarum
1654 3190 1849 3270 legem
1896 3193 2146 3254 duarum
2190 3199 2639 3258 consonantium
2686 3199 2801 3258 vim

217 3301 432 3354 tenere
476 3292 791 3355 desiderat.
879 3313 916 3373 y
971 3300 1166 3354 autem
1225 3299 1283 3353 et
1339 3313 1368 3353 z
1422 3292 1556 3354 ideo
1608 3312 1730 3356 non
1776 3305 2161 3358 numerantur
2205 3299 2266 3358 in
2308 3297 2648 3362 Latinarum
2696 3317 2804 3360 nu-

217 3413 394 3456 mero
441 3394 798 3466 litterarum,
845 3377 1004 3475 quod
1057 3413 1230 3456 causa
1277 3397 1638 3458 Graecorum
1683 3399 1989 3460 nominum
2032 3408 2305 3479 repertae
2350 3401 2494 3472 sint,
2554 3420 2801 3481 quarum

365 3653 392 3704 l
435 3667 500 3701 ex
531 3653 698 3702 codex
721 3649 1085 3718 Sangallensis,
1123 3667 1258 3702 corr.
1297 3653 1351 3702 ix
1393 3653 1444 3704 B
1584 3655 1628 3704 si
1662 3654 1921 3704 trahamus
1956 3655 2007 3704 F
2139 3654 2221 3705 uel
2258 3658 2509 3721 quendam
2544 3657 2622 3708 B:
2664 3658 2803 3709 uelut

218 3723 478 3787 quendam
515 3721 598 3772 uel
632 3721 798 3772 leuem
835 3723 914 3772 sui
952 3738 1131 3772 sonum
1164 3723 1331 3773 codex
1365 3725 1714 3788 Sangallensis
1922 3724 1956 3775 6
2005 3725 2114 3774 iura
2164 3726 2449 3792 deperdunt
2484 3728 2803 3794 (dependunt

215 3809 359 3848 eor-r.
403 3793 692 3858 deperdunt
723 3792 801 3856 B)
847 3794 898 3843 B
945 3795 1110 3843 codex
1149 3795 1500 3859 Sangallensia
1540 3807 1576 3850 3
1613 3795 1725 3844 iura
1762 3795 2028 3861 deperiunt
2062 3795 2228 3846 codex
2265 3798 2533 3848 Leidenais
2568 3801 2675 3849 iure
2714 3800 2801 3849 de-

215 3864 430 3929 periunt
463 3863 514 3912 F
542 3863 652 3912 iure
687 3863 967 3928 depereunt
993 3864 1266 3914 Putachius
1437 3872 1692 3914 mnesteus
1733 3865 1786 3914 B
1818 3863 2076 3915 mnesthes
2113 3866 2162 3914 F
2331 3869 2361 3916 7
2408 3879 2668 3920 remanent
2704 3869 2801 3919 hae

217 3942 422 4000 septem
462 3948 594 3997 quae
626 3934 916 3986 necessario
949 3933 1160 3998 liquidis
1193 3933 1442 3996 (liquidae
1477 3933 1536 3994 ς)
1571 3946 1952 4000 praeponuntur
1980 3935 2061 3991 F3
2234 3936 2268 3987 9
2303 3939 2397 3989 llos
2433 3954 2526 3989 om.
2568 3941 2617 3988 F

217 4003 406 4070 plenus
445 4004 614 4070 gloria
657 4002 822 4053 clarus
871 4002 1034 4070 frigus
1070 4003 1288 4054 blandus
1320 4005 1518 4070 primus
1554 4004 1745 4069 gradus
1778 4005 1925 4054 tritus
1962 4007 2015 4056 F
2148 4006 2213 4058 10
2248 4022 2498 4072 nusquam
2534 4009 2585 4058 B
2721 4011 2800 4059 in-

217 4077 461 4125 uenimus
509 4081 528 4123 t
564 4087 742 4123 uerum
789 4071 952 4138 (corr.
994 4075 1282 4123 inuenimus
1333 4074 1366 4123 d
1402 4081 1422 4122 t
1459 4072 1608 4137 uero)
1644 4073 1695 4121 in
1740 4076 1917 4140 paucis
1950 4083 2009 4125 ut
2044 4076 2097 4125 B
2131 4077 2419 4128 inuenimus
2454 4080 2486 4129 d
2524 4089 2543 4128 t
2589 4094 2711 4129 uero
2748 4079 2799 4127 in

216 4147 400 4208 paucis
429 4151 484 4192 ut
519 4144 686 4194 codex
715 4143 982 4195 Leserensis
1020 4157 1053 4200 3
1089 4145 1376 4194 inuenimns
1413 4143 1448 4192 d
1484 4152 1503 4190 t
1537 4144 1636 4192 nisi
1667 4143 1718 4192 in
1756 4146 1931 4210 paucis
1966 4146 2236 4197 Putat-Itius
2410 4149 2467 4199 ll
2510 4150 2561 4199 in
2598 4149 2800 4214 platone

217 4215 301 4266 F.-
337 4215 509 4263 Plane.
549 4215 704 4266 Stich.
747 4214 766 4262 1
801 4213 852 4276 3,
893 4213 994 4265 116
1033 4212 1158 4278 (273
1195 4213 1269 4279 R)
1445 4214 1508 4264 12
1549 4213 1839 4264 exhauriuit
1868 4215 1917 4264 B
1952 4217 2119 4267 codex
2151 4218 2417 4269 herdensis
2454 4232 2487 4275 ς
2520 4219 2719 4269 exaruit
2756 4219 2810 4268 F

215 4283 493 4334 Putseleius
518 4285 722 4334 exausit
753 4282 1298 4350 codex-Sanyallensis
1317 4301 1336 4334 .·
1371 4283 1442 4347 cf.
1483 4285 1617 4336 Non.
1666 4299 1721 4346 p.
1762 4285 1865 4335 292
1889 4287 2091 4340 Placid.
2129 4289 2283 4352 gloss.
2322 4289 2501 4351 (class.
2536 4297 2672 4340 auct.
2715 4290 2795 4344 ed.

217 4353 341 4403 Mai
375 4361 414 4407 t.
457 4354 548 4414 ΙΙΙ)
587 4369 641 4417 p.
683 4353 788 4404 458
824 4355 974 4406 Paul.
1014 4371 1130 4408 eoec.
1163 4355 1302 4405 Fest.
1340 4369 1394 4416 p.
1436 4353 1505 4404 80
1545 4355 1610 4404 M
1748 4354 2047 4421 tlepolemus
2082 4358 2248 4409 code-z·
2292 4356 2641 4425 Sanyallensic
2675 4360 2801 4410 Put-

215 4423 390 4474 scltius
430 4421 752 4489 tleptolemus
775 4426 827 4474 F
852 4422 1209 4489 thleptolemus
1239 4425 1292 4476 B
1319 4425 1576 4489 tlepolemi
1603 4436 1639 4482 ς
1756 4433 1963 4476 uocetur
1998 4429 2073 4479 sie
2108 4427 2160 4478 B
2264 4428 2329 4479 16
2362 4428 2459 4480 hoe
2496 4431 2672 4497 paucis
2710 4431 2795 4480 ob-

217 4493 530 4546 seruaturF
629 4495 694 4545 17
718 4495 972 4560 praesenti
1002 4493 1120 4558 usu]
1161 4497 1504 4561 praestantius
1539 4503 1616 4544 est
1646 4502 1702 4544 ut
1734 4496 1812 4551 ἲς
1916 4495 1981 4548 18
2018 4497 2202 4548 debeat
2226 4498 2305 4554 F3
2416 4500 2481 4551 19
2517 4517 2678 4564 equus
2703 4500 2807 4551 BF

219 4579 419 4628 aequus
451 4563 720 4616 Putschius
834 4563 903 4614 20
939 4577 1037 4614 non
1075 4579 1166 4630 per
1197 4580 1228 4626 q
1267 4564 1590 4614 scribendum
1626 4572 1704 4614 est
1740 4579 1772 4622 3
1810 4581 1961 4629 quam
1999 4583 2091 4632 per
2123 4584 2154 4630 q
2190 4569 2503 4633 seripserunt
2536 4571 2802 4622 Putsclzius

362 4632 399 4682 h
436 4641 605 4684 autem
631 4635 682 4684 F
812 4635 874 4686 21
915 4642 1221 4698 putauerunt
1245 4635 1408 4684 codex
1449 4635 1798 4700 Sangallenais
1954 4653 2053 4704 quq
2094 4639 2257 4704 magis
2294 4637 2346 4687 F
2518 4641 2585 4692 23
2621 4641 2799 4692 dasian

217 4705 272 4756 B
301 4703 468 4754 danen
497 4703 550 4753 F
681 4704 848 4771 psilen
881 4702 933 4753 B
965 4705 1096 4754 silen
1134 4705 1186 4755 F
1285 4719 1378 4754 nos
1413 4721 1507 4756 om.
1546 4707 1599 4756 B
1701 4706 1770 4755 24
1808 4705 2023 4757 fecimus
2052 4708 2219 4758 codex
2246 4709 2595 4776 Sangallensis
2627 4727 2661 4769 3

218 4774 288 4826 25
325 4774 480 4826 nobis
515 4781 686 4825 notam
722 4774 1082 4842 adspirationis
1119 4774 1346 4826 efficiunt
1379 4775 1432 4824 F
1561 4830 1566 4840 ,
1598 4775 1665 4828 29
1700 4775 1857 4844 quod]
1901 4793 1992 4845 pro
2016 4779 2066 4828 F
2075 4796 2095 4828 .·
2132 4793 2263 4842 quae
2300 4796 2601 4847 graecorum
2635 4783 2799 4834 nomi-

219 4859 344 4896 num
369 4859 530 4897 cansa
563 4859 598 4903 3
736 4853 966 4913 repertae
1001 4854 1119 4897 sunt
1149 4846 1202 4896 F
2195 4855 2207 4865 ’
