3434 5442
1110 310 1528 375 carnotim
1569 312 1594 373 1
1633 310 1883 375 33—38
2706 272 2782 375 1'7

330 438 367 481 p.
401 426 570 469 iusso
599 426 644 467 r.
2359 441 2402 481 p.
2432 430 2607 471 iio-18
2633 430 2684 471 L.
2784 461 2791 469 .

243 506 566 558 consonante
610 498 994 561 antecedente
1037 500 1232 559 iuncta
1289 498 1424 561 facit
1468 518 1682 561 nomen
1734 500 1937 561 tertiae
1988 499 2393 561 declinationis
2442 503 2523 563 ris
2565 502 2785 563 faciens

239 601 506 677 genetivo,
550 602 734 660 instar
777 602 1038 669 instaris,
1087 608 1288 661 nectar
1325 597 1334 683 Ι
1375 605 1646 663 nectaris.
1722 610 1811 663 ter
1855 620 2033 681 pura,
2079 603 2129 663 si
2170 620 2289 664 non
2332 603 2583 665 fecerint
2624 603 2783 665 aliud

239 718 403 779 genus
453 720 520 762 ex
577 721 674 773 se,
736 704 946 765 tertiae
998 710 1202 773 erunt,
1274 712 1460 765 mater
1513 710 1708 784 pater,
1761 706 1965 765 matris
2020 707 2233 782 patris,
2299 704 2495 767 lunter
2552 705 2783 767 luntris.

235 822 395 867 unum
447 806 506 865 in
551 805 818 883 genetivo
857 825 892 865 e
948 812 1282 885 correptam
1329 814 1462 867 ante
1507 808 1590 869 ris
1629 806 1824 875 habet,
1868 806 1965 867 hic
2011 806 2159 867 later
2194 806 2422 869 lateris:
2475 807 2787 871 Terentius

236 906 556 968 ‘laterem
600 905 888 969 lavem'.
975 910 1026 968 si
1071 909 1318 969 fecerint
1360 907 1516 969 aliud
1561 927 1630 969 ex
1675 926 1741 969 se
1783 918 2003 985 genus,
2054 908 2345 971 secundae
2388 917 2563 971 erunt
2604 909 2781 973 decli·
2833 920 2858 974 δ’

235 1010 461 1069 nationis
501 1011 520 1071 i
563 1012 830 1087 genetivo
877 1010 1166 1079 facientia,
1208 1011 1412 1071 dexter
1458 1011 1676 1079 dextri;
1726 1009 1863 1071 facit
1906 1010 2109 1073 dextra
2150 1012 2439 1073 dextrum.
2502 1012 2788 1091 excipitur

236 1127 429 1179 unum,
484 1112 644 1192 quod
702 1114 1054 1173 nominativo
1113 1112 1302 1173 solum
1357 1132 1494 1173 casu
1553 1121 1611 1173 et
1667 1114 1927 1173 vocativo
1970 1111 2328 1181 declinatur,
2385 1114 2483 1175 hic
2524 1114 2787 1193 Iuppiter

231 1231 262 1271 o
288 1212 553 1291 luppiter.
619 1232 752 1275 nam
783 1216 880 1295 qui
913 1212 1202 1275 declinant
1233 1214 1330 1275 hic
1359 1215 1622 1293 luppiter
1649 1214 1823 1275 huius
1856 1214 2022 1286 loviS,
2062 1215 2359 1279 declinat
2393 1216 2487 1276 hic
2518 1216 2789 1279 Phoebus

231 1314 386 1375 huius
441 1314 744 1394 Apollinis,
833 1324 954 1377 ster
1007 1318 1303 1380 secundae
1361 1324 1494 1377 sunt
1557 1313 1992 1384 declinationis,
2063 1324 2169 1389 ξ’..ι
2224 1319 2445 1379 faciunt
2500 1320 2785 1396 genetivo,

231 1418 486 1495 magister
529 1419 822 1495 magistri,
867 1422 1078 1479 Auster
1115 1420 1340 1489 Austri,
1383 1428 1586 1479 noster
1629 1420 1835 1479 nostri.
1928 1420 2163 1499 quidam
2208 1420 2507 1497 excipiunt
2547 1421 2663 1480 duo
2704 1423 2787 1482 ris
2819 1442 2865 1481 ιο

229 1519 474 1579 facientia
511 1520 797 1599 genetiv0,
827 1501 946 1581 non
975 1522 1014 1590 i,
1054 1528 1327 1601 equester
1366 1522 1670 1602 equestris,
1708 1520 1985 1599 pedester
2015 1521 2332 1600 pedestris;
2370 1522 2469 1583 sed
2504 1523 2791 1601 equestris

229 1621 495 1699 pedestris
541 1620 752 1683 melius
797 1622 1028 1684 dicitur.
1100 1634 1196 1684 tor
1242 1626 1362 1685 sive
1402 1641 1548 1701 pura
1595 1624 1714 1683 sive
1759 1621 1949 1703 aliqua
1998 1630 2359 1699 consonante
2396 1624 2789 1703 praecedente

227 1724 402 1784 iuncta
469 1726 682 1799 tertiae
745 1730 878 1785 sunt
949 1724 1377 1794 declinationis,
1453 1728 1538 1785 ris
1595 1724 1819 1785 faciunt
1878 1726 2178 1802 genetivo,
2254 1731 2455 1787 orator
2518 1726 2790 1794 oratoria,
2888 1732 2896 1739 “

229 1832 484 1904 quaestor
531 1829 892 1904 quaestoris,
938 1826 1146 1889 Castor
1187 1828 1406 1889 Hector
1449 1828 1710 1887 Castoris
1746 1828 2033 1889 Hectoris.
2108 1846 2143 1889 o
2185 1830 2247 1887 in
2292 1828 2559 1906 genetivo
2578 1874 2593 1897 ,
2642 1830 2795 1890 sicut

229 1928 552 2005 saepissime
598 1928 773 1989 docui
809 1930 870 1989 in
915 1929 1277 2009 appellativis
1319 1930 1604 2009 producta
1647 1937 1761 1998 est,
1822 1931 2081 2009 exceptis
2130 1929 2245 1989 illis
2289 1932 2585 2010 quattuor
2611 1948 2788 2009 supra
2820 1952 2869 1993 15

231 2030 432 2105 positis,
475 2029 660 2090 arbor
705 2030 952 2101 arboriS,
999 2050 1222 2112 aequor
1267 2034 1559 2111 aequoris,
1605 2050 1886 2102 marmor,
1933 2050 2191 2101 memnon
2253 2033 2311 2091 in
2354 2034 2613 2111 propriis
2654 2051 2793 2093 vero

229 2148 444 2209 semper
487 2142 799 2212 correpta,
855 2152 1176 2214 numquam
1219 2134 1504 2219 producta
1553 2132 1779 2214 [sunt],
1831 2134 1951 2193 sive
1990 2152 2137 2213 pura
2182 2135 2303 2195 sive
2345 2133 2537 2214 aliqua
2586 2152 2793 2195 conso·

230 2240 388 2295 nante
426 2236 824 2313 praecedente
857 2244 916 2296 et
941 2238 1159 2297 iuncta.
1219 2244 1316 2297 tur
1351 2237 1658 2297 terminata
1699 2237 1936 2297 nomina
1976 2237 2179 2297 tertiae
2222 2236 2630 2302 declinationis
2662 2238 2749 2297 ris
2776 2238 2793 2321 ΙΙ

229 2334 432 2395 iaciunt
471 2338 767 2415 genetivo,
809 2344 1004 2398 turtur
1049 2339 1244 2407 Astur,
1293 2340 1536 2400 turturis
1579 2340 1827 2399 Asturis

383 2438 524 2498 Var:
577 2438 688 2499 hac
735 2438 950 2519 syllaba
1006 2458 1219 2501 nomen
1263 2439 1486 2505 nullum
1542 2442 1808 2519 reperies
1844 2442 2259 2502 terminatum.
2348 2459 2451 2501 ver
2494 2442 2613 2503 sive
2656 2458 2795 2519 pro·
2822 2462 2873 2503 ao

229 2538 384 2600 ducta
432 2542 557 2601 sive
601 2548 876 2619 correpta
923 2545 1298 2603 terminatum
1343 2557 1558 2604 nomen
1601 2545 1809 2603 tertiae
1850 2543 2273 2611 declinationi&
2319 2543 2402 2601 ris
2447 2542 2585 2604 facit
2618 2559 2794 2621 gene-

233 2642 366 2711 tivo,
425 2642 645 2703 verber
691 2642 980 2713 verberiS,
1043 2644 1292 2705 cadaver
1337 2645 1650 2706 cadaveris.
1740 2646 1827 2707 vir
1871 2648 2179 2707 terminata
2223 2645 2459 2705 nomina
2504 2644 2797 2706 secundae

232 2751 356 2803 sunt
401 2744 830 2817 declinationis,
867 2746 921 2807 ri
953 2746 1176 2807 faciunt
1217 2748 1504 2825 genetivo,
1547 2748 1632 2809 vir
1677 2749 1815 2817 viri,
1860 2748 2066 2809 Trevir
2109 2748 2355 2808 Treviri.
2446 2765 2549 2806 vor
2594 2748 2797 2807 tertiae

229 2854 350 2907 sunt
391 2846 830 2917 declinationiS,
885 2849 970 2909 ris
1019 2848 1242 2909 faciunt
1281 2850 1579 2927 genetivo,
1625 2849 1775 2910 livor
1818 2849 2048 2919 livoriS,
2092 2868 2129 2909 o
2168 2851 2223 2911 in
2266 2850 2623 2909 nominativo
2664 2866 2798 2909 cor·

227 2956 408 3026 repta,
456 2952 514 3011 in
556 2952 830 3027 genetivo
873 2951 1196 3029 producta,
1241 2953 1466 3013 ratione
1509 2968 1684 3031 quam
1732 2970 1907 3029 saepe
1950 2926 2139 3011 docui.
2232 2970 2339 3011 vur
2380 2970 2483 3011 xar
2528 2968 2634 3011 xer
2676 2951 2795 3011 xir:
2825 2936 2875 3012 aa

229 3048 310 3111 his
341 3050 584 3133 syllabis
628 3050 784 3112 nulla
823 3053 1058 3112 nomina
1103 3055 1345 3133 repperi
1390 3055 1714 3113 terminata.
1788 3072 1897 3113 xor
1942 3055 2147 3113 tertiae
2192 3060 2330 3115 sunt
2372 3051 2797 3121 declinationiS,

229 3154 304 3211 ris
353 3154 580 3217 faciunt
634 3155 934 3231 genetivo,
987 3174 1022 3214 o
1068 3162 1202 3215 ante
1265 3174 1392 3217 eam
1449 3156 1512 3216 in
1571 3153 1933 3234 appellativis
1992 3155 2309 3232 producta,
2371 3172 2521 3216 uxor
2578 3154 2798 3214 uxoris

227 3273 329 3316 xur
368 3275 468 3317 zar
511 3274 618 3316 zer
662 3258 746 3315 zir
791 3274 894 3316 zor
933 3275 1068 3319 zur:
1115 3258 1206 3317 bis
1235 3255 1470 3337 syllabis
1501 3258 1685 3337 siquis
1717 3274 1931 3317 nomen
1972 3256 2207 3337 aliquod
2242 3257 2545 3325 invenerit,
2592 3255 2801 3317 doceat

227 3360 500 3421 rationem
549 3358 973 3421 declinationis
1045 3378 1151 3440 xyr
1191 3359 1385 3419 inveni
1429 3358 1721 3421 Graecum
1769 3360 1977 3421 tertiae
2015 3356 2422 3419 declinationis
2462 3359 2544 3419 ris
2582 3358 2801 3419 faciens

228 3464 500 3537 genetivo,
551 3463 752 3541 Anxyr
787 3462 1053 3541 AnxyriS‚
1100 3461 1450 3540 ‘Anxyris
1496 3478 1670 3521 ense
1714 3462 2157 3522 sinistram’.
2824 3480 2877 3521 ao

383 3564 424 3624 S
467 3564 668 3625 littera
727 3566 1036 3624 terminata
1091 3565 1326 3623 nomina
1373 3562 1647 3623 omnibus
1705 3562 2193 3624 declinationibus
2234 3569 2551 3640 reguntur,
2610 3562 2664 3621 id
2713 3568 2802 3623 est

231 3668 494 3747 quinque.
567 3682 702 3725 nam
742 3662 752 3748 Ι
791 3673 850 3727 et
879 3685 948 3727 ae
979 3665 1343 3744 diphthongo
1377 3666 1601 3726 faciunt
1630 3666 1979 3743 genetivum,
2026 3671 2089 3726 ut
2122 3667 2345 3726 Aeneas
2376 3664 2625 3733 Aeneae,
2672 3672 2731 3725 et
2763 3665 2798 3733 i,

231 3778 286 3827 ut
323 3785 577 3846 magnus
615 3770 832 3845 magni,
883 3776 940 3828 et
981 3773 1050 3838 τέ,
1096 3778 1162 3828 ut
1201 3768 1397 3829 Venus
1433 3748 1698 3837 ‘Veneris
1747 3776 1803 3827 et
1842 3787 1929 3837 us,
1968 3774 2033 3827 ut
2074 3766 2299 3828 fructus
2336 3766 2579 3835 fructus
2628 3776 2687 3827 et
2729 3767 2799 3837 ei,

229 3876 286 3928 nt
329 3871 452 3933 dies
497 3870 648 3936 diei,
709 3871 857 3931 fides
909 3870 1062 3931 fidei.
1153 3888 1296 3947 ergo
1351 3887 1460 3949 per
1513 3868 1766 3949 syllabas
1814 3870 2149 3931 nominativi
2208 3870 2555 3938 doceamuS,
2614 3866 2803 3947 qualis

231 3974 438 4035 eveniat
477 3972 806 4051 genetivus,
853 3971 1010 4033 unde
1049 3970 1468 4033 declinationes
1513 3970 1777 4049 singulae
1820 3966 2215 4033 declarantur.
2303 3988 2367 4031 as
2410 3987 2559 4049 pura
2600 3970 2800 4030 termi·
2828 3990 2879 4032 aa

355 4178 386 4227 2
418 4187 498 4227 ter
525 4192 658 4242 pura
695 4176 744 4225 Β
777 4184 855 4225 ter
889 4176 1154 4226 terminata
1187 4192 1222 4240 p
1251 4182 1300 4225 et
1329 4176 1596 4226 Pulscht‘us
1735 4174 1769 4227 3
1800 4173 1963 4240 lynter
2001 4174 2178 4239 lyutris
2209 4174 2262 4225 B
2297 4173 2449 4223 linter
2482 4172 2649 4221 lintris
2679 4189 2717 4237 p

235 4249 262 4295 4
293 4246 370 4297 hic
407 4248 558 4313 later]
602 4248 804 4297 cledon.
835 4264 887 4311 p.
933 4246 1084 4298 1901.
1127 4247 1343 4309 Pompei.
1375 4263 1434 4311 p.
1467 4246 1552 4297 92.
1584 4246 1684 4297 205
1724 4248 1803 4295 ed.
1846 4245 1991 4295 Lina.
2133 4246 2401 4294 terrentius
2430 4257 2655 4309 pugnem
2680 4243 2801 4291 late·

235 4332 422 4381 remque
457 4319 623 4367 lucem
653 4334 690 4382 p
745 4316 1042 4377 TerentiuS,
1079 4318 1308 4384 pugnem
1341 4314 1652 4381 lateremque
1695 4315 1858 4364 lauem
1889 4314 2185 4365 Pul-schino:
2230 4313 2348 4365 Ter.
2388 4312 2582 4362 Phorm.
2620 4313 2643 4361 I
2678 4314 2730 4372 4,
2769 4310 2803 4363 9

233 4400 428 4453 purgem
463 4402 576 4447 me,
629 4387 834 4436 laterem
883 4387 1068 4436 lauem.
1235 4386 1292 4436 11
1347 4387 1596 4449 equestris
1639 4385 1818 4434 melius
1852 4387 2194 4448 superscripto
2222 4402 2269 4437 v.
2307 4384 2556 4449 pedestris
2594 4381 2643 4431 B

239 4456 290 4505 14
331 4468 502 4509 castor
541 4467 678 4508 ector
726 4458 777 4505 in
823 4458 1063 4523 genetiuo
1095 4457 1149 4506 B
1201 4456 1378 4506 Castor
1427 4466 1477 4506 et
1513 4455 1722 4521 corripit
1768 4456 1819 4503 in
1856 4455 2086 4521 genitiuo
2138 4468 2171 4510 ς
2347 4453 2407 4504 17
2460 4459 2577 4503 sunt
2622 4451 2805 4501 delevit

233 4524 502 4577 Freundius
539 4530 709 4580 annal.
748 4528 921 4591 philo!-
960 4544 1068 4577 nov.
1103 4527 1144 4577 V
1180 4528 1257 4592 (a.
1288 4525 1443 4589 1832)
1469 4540 1522 4587 p.
1558 4526 1654 4575 102
1776 4525 1839 4575 18
1874 4536 1953 4575 tur
1990 4540 2083 4576 om.
2108 4524 2189 4575 B.-
2227 4524 2297 4587 cf.
2325 4524 2578 4573 Priseian.
2614 4536 2669 4585 p.
2701 4520 2799 4571 701

291 4599 352 4647 22
387 4614 575 4647 ueruer
611 4598 836 4646 uerberis
873 4598 924 4647 B
963 4614 1052 4647 uer
1082 4599 1218 4647 ueris
1255 4597 1406 4648 editio
1438 4597 1756 4645 Ascensiana
1874 4594 1941 4645 ‘23
1979 4595 2135 4644 treuir
2165 4595 2333 4644 ’triuiri
2370 4595 2421 4643 B
2526 4594 2592 4641 27
2630 4608 2660 4641 o
2689 4600 2803 4641 ante

237 4666 597 4718 Linde-mannus
631 4684 663 4715 u
695 4675 812 4717 ante
849 4667 899 4717 B
1037 4668 1104 4719 29
1143 4666 1336 4733 faciens
1375 4680 1410 4723 ς
1445 4666 1660 4715 faciente
1699 4664 1746 4713 B
1854 4665 1921 4715 30
1954 4666 2186 4729 anxyris.
2225 4680 2306 4714 en.
2338 4680 2393 4715 es
2426 4666 2599 4713 isti-am
2635 4662 2801 4726 (corr.

235 4734 504 4799 sinisiram)
535 4736 616 4789 B:
653 4738 810 4801 Ver9.
840 4737 972 4788 Aen.
1010 4735 1057 4785 X
1091 4736 1193 4789 545
1331 4737 1400 4787 33
1434 4746 1484 4785 et
1523 4737 1566 4785 is
1603 4750 1692 4785 om.
1720 4736 1786 4793 B,
1824 4735 1945 4783 add.
1978 4750 2010 4792 ς
2178 4734 2243 4785 34
2282 4744 2336 4784 ut
2374 4734 2483 4783 dies
2512 4734 2641 4783 dieis
2676 4732 2804 4781 fides

233 4803 358 4855 didei
392 4808 442 4856 B

330 4912 654 4953 ottanum.
685 4912 832 4953 Lar.
867 4913 986 4953 1111.
2356 4889 2396 4949 2
