3434 5442
670 363 793 428 548
1809 361 2115 444 [sunau]

770 467 803 509 s.
831 467 909 510 es·
936 468 1029 511 eea.
1059 467 1162 509 Lu.

670 547 897 610 dativus
954 565 1131 610 unam
1200 547 1649 610 declinationem
1716 547 2022 610 haberent.
2111 551 2197 610 sic
2263 561 2322 612 et
2382 550 2608 630 ipsibus
2673 550 2870 614 illibus
2931 571 3044 634 pro
3109 552 3244 616 illis.

669 651 835 712 cuius
878 651 968 712 rei
1014 651 1177 712 testis
1221 657 1311 712 est
1351 648 1593 712 Plautus
1638 649 1727 711 vel
1752 649 2015 721 Ennius,
2061 653 2164 731 qui
2206 653 2288 714 ait
2322 650 2537 715 Albai
2576 653 2672 714 Lo
2689 653 2856 732 ngai
2909 671 3020 734 pro
3061 651 3246 716 Albae

665 751 932 834 Longae:
980 771 1115 816 nam
1160 761 1221 814 et
1260 751 1537 831 Virgilius
1590 752 1835 830 pictai
1879 753 2113 814 vestis
2168 772 2281 834 pro
2323 755 2517 834 pictae
2559 762 2619 816 et
2659 755 2724 815 in
2765 753 2844 816 111

968 853 1448 917 aulaimedio
1491 852 1833 915 libabant
1874 853 2150 934 pocula
2193 855 2466 917 Bacchi

612 971 637 1012 5
662 974 773 1036 pro
817 954 1022 1018 ‘aulae
1062 957 1127 1018 in
1168 955 1365 1018 medio
1380 961 1419 1019 ’.

828 1057 1049 1122 Eccum
1092 1076 1423 1138 pronomen
1468 1065 1587 1130 est,
1634 1076 1775 1120 ecce
1817 1058 2013 1129 illum,
2059 1057 2402 1122 scamellum
2448 1058 2808 1122 diminutive.

827 1159 993 1222 Licet
1045 1159 1383 1242 qualitatem
1440 1160 1774 1239 significent
1827 1163 2177 1241 pronomina
2198 1210 2214 1232 ‚
2273 1161 2751 1243 conparationem
2807 1163 3076 1242 recipere
3121 1180 3236 1222 non

660 1270 935 1342 possunt,
980 1263 1259 1343 quoniam
1304 1260 1493 1344 qualis
1536 1259 1768 1344 qualior
1811 1273 1914 1325 aut
1954 1262 2326 1343 qualissimus
2370 1263 2568 1325 dicere
2614 1281 2732 1324 non
2761 1271 3110 1343 possumus.

826 1363 989 1426 Inter
1038 1365 1393 1444 pronomina
1446 1374 1507 1426 et
1561 1362 1842 1426 articulos
1895 1365 1980 1426 sic
2034 1365 2450 1428 discernimus:
2526 1367 2878 1445 pronomina
2931 1384 3044 1447 pro
3096 1367 3236 1445 ipsis

588 1479 638 1522 ιο
662 1464 1000 1526 nominibus
1040 1474 1375 1546 ponuntur;
1438 1464 1668 1531 articuli
1713 1485 1852 1527 vero
1896 1465 1970 1527 ab
2015 1466 2263 1529 articulo
2305 1469 2434 1547 ipso
2479 1465 2825 1529 vocabulum
2881 1475 3232 1535 sumserunt,

658 1568 739 1628 ita
794 1575 857 1630 ut
912 1577 1115 1630 exerto
1171 1566 1419 1630 articulo
1475 1567 1727 1649 aliquem
1783 1575 1884 1631 aut
1936 1567 2156 1649 aliquid
2211 1568 2710 1640 demonstremus,
2773 1577 2840 1630 ut
2905 1577 3046 1648 puta
3101 1574 3120 1600 ‘
3141 1567 3233 1629 hic

658 1668 838 1732 homo
882 1669 1023 1732 fecit
1064 1669 1125 1732 id
1168 1671 1473 1749 negotium
1488 1673 1527 1741 ²,
1572 1669 1766 1750 palam
1815 1678 1904 1731 est
1946 1668 2240 1732 omnibus..
2296 1671 2575 1732 articulus
2619 1686 2762 1748 ergo
2807 1676 2867 1731 et
2907 1672 3232 1750 participiis

655 1772 1039 1852 praeponitur
1092 1773 1157 1832 in
1212 1770 1630 1843 declinatione,
1686 1781 1754 1834 ut
1811 1771 1906 1833 hic
1970 1772 2193 1835 docens
2247 1772 2422 1834 huius
2476 1771 2768 1842 docentis,
2829 1772 2931 1833 hic
2985 1782 3230 1851 uterque

654 1870 831 1935 huius
874 1873 1206 1954 utriusque,
1252 1874 1350 1936 hic
1394 1872 1543 1936 alius
1584 1873 1760 1935 huius
1803 1871 1970 1936 alius,

579 2076 629 2118 ιε
1565 2058 2042 2124 EXPLANATIO
2083 2059 2326 2122 VERBL

823 2195 1078 2258 Verbum
1135 2205 1225 2258 est
1278 2215 1417 2276 pars
1471 2198 1782 2268 orationis,
1843 2215 1977 2259 cum
2031 2195 2174 2277 quid
2228 2203 2434 2275 agatur
2479 2195 2569 2258 vel
2625 2205 2819 2258 actum
2863 2196 3226 2275 agendumve

651 2297 730 2360 sit
769 2297 1115 2360 indicamus.
1206 2297 1386 2359 verbo
1438 2298 1711 2360 accidunt
1765 2296 2012 2380 qualitas
2065 2298 2412 2378 significatio
2467 2299 2698 2378 species
2753 2305 2984 2380 tempus
3040 2299 3222 2377 figura

652 2417 935 2462 numerus
986 2416 1240 2480 persona
1298 2399 1650 2480 coniugatio.
1741 2400 1992 2482 qualitas
2046 2408 2164 2471 est,
2221 2401 2358 2481 quia
2411 2407 2511 2461 aut
2562 2398 2826 2462 absoluta
2867 2407 3008 2461 sunt
3053 2399 3221 2460 verba

650 2510 712 2562 et
752 2498 935 2564 semel
989 2499 1207 2581 aliquid
1262 2519 1373 2563 nos
1414 2501 1613 2563 facere
1656 2501 1950 2572 indicant,
2009 2510 2074 2563 ut
2115 2502 2246 2564 dico
2292 2519 2499 2573 curro,
2557 2509 2657 2563 aut
2699 2501 3126 2582 frequentativa
3167 2511 3222 2561 et

576 2619 629 2661 ω
648 2601 783 2684 plus
826 2604 1028 2665 nescio
1070 2602 1211 2683 quid
1252 2604 1671 2683 significantia,
1733 2611 1796 2666 ut
1851 2603 2010 2666 dicto
2063 2604 2300 2666 cursito.
2389 2605 2764 2665 inveniuntur
2807 2621 2958 2684 quae
3003 2603 3080 2664 de
3121 2602 3218 2664 ab·

646 2703 856 2766 solutis
896 2705 959 2765 in
1004 2704 1433 2786 frequentativa
1478 2723 1597 2767 non
1640 2713 1981 2777 transeunt,
2027 2714 2092 2767 ut
2134 2706 2286 2767 facio
2331 2703 2558 2787 [sacto].
2633 2723 2826 2786 neque
2867 2707 3025 2766 enim
3073 2705 3216 2766 sacto

649 2806 767 2867 dici
811 2813 1005 2887 potest
1047 2807 1158 2868 nisi
1206 2808 1514 2888 conposito
1562 2806 1771 2879 verbo,
1831 2818 1896 2868 ut
1939 2817 2030 2869 est
2083 2806 2386 2870 calefacto.
2473 2815 2612 2869 sunt
2653 2805 2832 2868 verba
2875 2814 2936 2868 et
2978 2809 3216 2868 medita-

646 2909 795 2968 tivae
840 2907 1152 2988 qualitatis,
1197 2908 1413 2989 quibus
1455 2928 1576 2970 non
1621 2917 1786 2971 actus
1827 2910 1933 2971 sed
1977 2909 2188 2990 agendi
2231 2917 2548 2990 apparatus
2589 2907 2935 2980 ostenditur,
2983 2917 3048 2970 ut
3087 2926 3213 2988 par-

547 3057 554 3064 .
644 3009 821 3072 turio.
910 3019 1049 3072 sunt
1104 3019 1163 3071 et
1215 3010 1583 3073 inchoativae
1635 3010 1966 3094 qualitatiS‚
2025 3021 2092 3074 ut
2133 3011 2362 3074 calesco
2407 3012 2697 3082 fervesco,
2741 3029 2894 3092 quae
2938 3011 3210 3092 praeteri·

567 3131 619 3172 ει,
648 3116 771 3172 tum
814 3112 1147 3192 perfectum
1192 3132 1312 3174 non
1357 3113 1595 3175 habent.
1684 3115 2032 3194 significatio
2079 3112 2390 3175 verborum
2435 3123 2526 3174 est
2580 3131 2758 3194 quam
2800 3130 2988 3192 genus
3031 3113 3210 3174 nomi-

642 3220 817 3276 nant:
864 3233 933 3276 ea
976 3223 1079 3276 aut
1121 3215 1307 3276 activa
1352 3223 1469 3286 est,
1516 3224 1582 3276 ut
1622 3214 1788 3295 lego,
1834 3224 1934 3278 aut
1975 3215 2236 3295 passiva,
2295 3221 2358 3276 ut
2400 3213 2598 3294 legor,
2654 3222 2756 3274 aut
2798 3213 3108 3285 neutraliS,
3151 3221 3208 3274 ut

642 3323 764 3387 sto,
822 3326 922 3378 aut
978 3315 1314 3396 deponens,
1371 3326 1437 3379 ut
1490 3335 1722 3379 nascor.
1808 3317 1963 3378 hanc
2017 3317 2254 3398 quidam
2310 3315 2514 3378 itidem
2556 3324 2623 3376 ut
2663 3315 3030 3395 superiorem
3074 3333 3205 3376 neu-

638 3417 849 3480 tralem
905 3425 1133 3480 vocant.
1222 3425 1343 3480 tam
1401 3419 1549 3480 haec
1613 3422 1861 3481 activam
1919 3437 2040 3480 non
2105 3418 2282 3482 habet
2349 3416 2826 3488 declinationem,
2886 3435 3063 3498 quam
3117 3415 3204 3477 illa

638 3522 946 3601 passivam.
1010 3527 1132 3582 tam
1175 3519 1324 3581 haec
1366 3520 1665 3582 interdum
1709 3523 1772 3580 in
1817 3519 2208 3584 declinatione
2252 3522 2477 3603 passiva
2522 3527 2717 3581 actum
2773 3520 3094 3597 significat,
3147 3527 3204 3580 ut

560 3639 613 3681 ao
640 3630 731 3684 est
770 3621 997 3703 loquor,
1044 3640 1219 3703 quam
1264 3621 1365 3685 illa
1406 3625 1469 3684 in
1514 3623 1701 3684 activa
1744 3622 2135 3684 declinatione
2187 3625 2312 3704 pati
2363 3621 2680 3701 significat,
2727 3635 2791 3682 ut
2843 3629 2934 3682 est
2987 3619 3200 3702 vapulo.

638 3724 969 3786 communis
1020 3725 1370 3802 significatio
1436 3727 1633 3805 specie
1688 3733 1916 3787 tantum
1970 3727 2233 3804 passivae
2289 3723 2696 3786 declinationis
2760 3723 2966 3785 eadem
3031 3725 3200 3784 activa

636 3835 811 3908 atque
855 3827 1082 3906 passiva
1127 3833 1241 3888 est:
1298 3834 1440 3889 tunc
1484 3827 1669 3889 activa
1712 3827 2068 3898 dinoscitur,
2123 3843 2260 3889 cum
2305 3827 2360 3888 ei
2401 3827 2463 3886 in
2507 3842 2782 3887 sermone
2825 3841 3000 3886 casus
3043 3842 3198 3887 accu-

635 3931 852 3992 sativus
896 3927 1261 4009 adiungitur,
1325 3937 1392 3991 ut
1444 3927 1753 3991 ‘consolor
1811 3929 2128 3998 fratrem’;
2185 3927 2414 4008 passiva
2466 3935 2692 3999 autem,
2751 3945 2888 3989 cum
2931 3925 3199 3989 ablativus

634 4031 945 4094 adiunctus
1002 4037 1121 4103 est,
1180 4037 1243 4092 ut
1297 4030 1607 4092 ‘consolor
1664 4050 1698 4093 a
1755 4030 1994 4092 fratre'.
2083 4031 2312 4111 species
2354 4027 2670 4092 verborum
2711 4029 2776 4090 in
2837 4027 3198 4090 sermonibus

632 4236 821 4287 lllibns.
868 4233 1025 4285 Ennii
1057 4243 1109 4285 et
1150 4235 1364 4300 Vergilii
1394 4251 1595 4300 vasus,
1627 4235 1805 4302 quibus
1845 4237 1896 4286 in
1937 4235 2163 4286 diaereei
2195 4236 2270 4285 ua·
2300 4235 2465 4285 solent
2493 4235 2829 4298 aromatici,
2873 4235 2976 4285 nist·
3012 4234 3076 4284 ab
3117 4233 3198 4285 Ιεοο

630 4309 739 4358 loeo
774 4308 968 4357 omnino
996 4305 1152 4356 alieni
1180 4314 1312 4367 sunt,
1344 4321 1441 4370 pro
1478 4308 1726 4372 exemplis
1759 4309 1984 4358 incer-tae
2015 4307 2150 4356 inter·
2184 4319 2245 4354 ae
2287 4313 2337 4356 et
2369 4305 2386 4354 i
2421 4304 2766 4355 declinationis
2809 4305 3062 4368 adscripti
3093 4309 3196 4354 ant

768 4377 803 4426 2
838 4371 1051 4442 Ennius]
1090 4375 1161 4439 cf.
1185 4377 1355 4429 muel.
1376 4393 1421 4429 υ.
1445 4376 1514 4428 34
1542 4376 1624 4430 ed.
1660 4375 1810 4430 Vala.
1943 4373 1977 4426 3
2005 4370 2183 4441 pictai]
2227 4375 2385 4440 Ver-9.
2424 4372 2554 4427 Aen.
2590 4374 2728 4425 Vllll
2762 4373 2830 4424 26
2933 4377 2968 4426 4
3001 4375 3100 4423 alai
3121 4373 3193 4422 L:

636 4445 797 4512 γει-9.
820 4443 1169 4498 Aen.111354
1270 4445 1495 4497 libabunt
1518 4447 1568 4496 L
1668 4449 1703 4499 6
1742 4443 1937 4512 eccum]
1973 4453 2024 4495 et
2057 4459 2171 4494 cum
2201 4445 2250 4494 L
2271 4458 2444 4494 eccum
2466 4459 2634 4493 eccam
2667 4443 2819 4494 ellum
2847 4443 2999 4494 ellam
3035 4441 3190 4494 Dona-

629 4523 710 4566 tus
825 4516 889 4567 14
916 4523 1038 4580 post
1072 4515 1223 4566 huius
1260 4515 1391 4565 alius
1427 4518 1480 4567 in
1502 4517 1607 4578 fine
1640 4518 1826 4580 capitis
1852 4518 2038 4565 lacum
2066 4529 2166 4566 sex
2197 4530 2424 4566 versum
2447 4516 2628 4564 relicta
2661 4521 2742 4565 est
2772 4517 2826 4564 in
2857 4512 2906 4561 L
3029 4513 3094 4564 18
3117 4527 3192 4561 eo-

630 4586 823 4651 iugatio
849 4587 919 4646 L,
940 4593 991 4637 ec
1010 4588 1087 4636 sic
1115 4586 1234 4650 fere
1258 4593 1547 4637 commater
1642 4586 1707 4639 19
1730 4585 2104 4651 frequentatiua
2135 4594 2192 4635 ut
2222 4585 2340 4650 plus
2374 4584 2425 4637 L
2527 4583 2598 4634 20
2618 4584 2774 4636 dicito
2798 4583 2848 4632 L
2951 4583 3190 4634 inuenitur

630 4669 761 4718 quae
798 4655 864 4706 de
898 4656 1145 4707 absolutis
1178 4657 1227 4704 in
1274 4670 1335 4706 ea
1370 4665 1632 4708 transeunt
1668 4656 2036 4721 frequentatiua
2071 4669 2172 4705 non
2219 4654 2440 4706 habeant
2475 4652 2524 4701 L
2628 4655 2698 4704 22
2737 4655 3006 4719 conposito
3037 4661 3090 4702 ut
3121 4657 3188 4702 est

631 4725 783 4774 uerbo
820 4725 1065 4776 melecta
1100 4725 1151 4775 L
1252 4736 1301 4777 et
1336 4741 1429 4780 ou.
1467 4727 1533 4788 L,
1567 4728 1691 4781 add.
1727 4731 1746 4776 l
1847 4729 1916 4778 24
1952 4720 2204 4791 fervesco]
2239 4727 2484 4775 uer-becco
2523 4722 2573 4772 L
2677 4722 2747 4774 28
2779 4721 2908 4790 tam]
2951 4735 3112 4775 tamen
3145 4717 3188 4766 b

732 4792 923 4846 habent
960 4795 1010 4844 L
1108 4809 1257 4858 quam
1292 4794 1435 4846 illam
1472 4799 1734 4862 pastinum
1767 4795 1893 4847 haec
1918 4797 1966 4846 L
2107 4793 2176 4847 29
2209 4794 2499 4861 significant
2534 4795 2584 4846 L
2719 4792 2786 4845 31
2823 4795 3036 4860 passius
3067 4789 3182 4842 decli

629 4863 808 4914 eadem
845 4865 891 4913 L
1032 4863 1100 4916 33
1136 4865 1373 4914 consulor
1410 4865 1459 4915 L
1596 4866 1665 4919 34
1692 4868 1932 4918 consulor
1961 4866 2012 4917 L
