3434 5442
1128 350 1360 414 COMM.
1407 351 1484 413 IN
1529 348 1889 414 DONATVM
2669 355 2789 416 447

2178 459 2210 499 s.
2238 458 2363 500 182*.
2392 457 2442 500 83
2468 457 2564 499 eod.
2592 456 2688 499 Par.

201 540 274 598 in
327 539 577 601 l'rnsta
623 543 919 600 secant'
967 557 1076 619 pro
1122 540 1294 619 ‘pars
1339 543 1532 600 secat'
1579 547 1638 599 et
1681 547 1908 609 cetera,
1956 555 2105 618 quae
2135 536 2251 598 illic
2295 539 2357 598 in
2400 543 2527 598 arte
2570 535 2787 618 planis·

201 642 358 702 sime
404 659 540 702 cum
589 639 873 721 exemplis
915 642 1036 703 suis
1077 649 1374 702 tenentur.
1433 637 1609 720 plane
1653 639 1957 702 sciendum
1990 647 2078 700 est
2122 639 2416 719 quoniam,
2448 639 2585 700 siin
2616 631 2791 719 prusa

203 743 482 804 oratione
537 741 640 805 flat
693 743 806 805 hoc
863 743 1094 812 vitium,
1153 749 1295 803 tunc
1349 739 1733 803 soloecismus
1790 749 2056 812 vocatum
2112 741 2172 802 in
2228 749 2500 822 poemate
2552 735 2791 802 schema

203 845 448 907 dicitur.
2604 830 2615 844 ⁴

381 947 724 1020 Quaesitum
772 954 862 1008 est
903 946 1056 1027 apud
1111 941 1363 1007 Plinium
1410 943 1779 1034 Secundum,
1841 944 1979 1024 quid
2025 946 2336 1006 interesset
2378 945 2534 1004 inte:
2576 945 2793 1022 figuras
2818 961 2844 1000 5

203 1055 262 1109 et
307 1049 474 1110 vitia.
537 1067 672 1110 nam
719 1065 850 1109 cum
895 1049 1116 1128 figurae
1160 1046 1230 1108 ad
1277 1054 1548 1108 ornatum
1595 1045 2014 1116 adhibeantur,
2071 1045 2207 1106 vitia
2252 1034 2536 1124 vitentur,
2584 1045 2791 1108 eadem

203 1157 410 1212 autem
468 1150 840 1216 inveniantur
902 1147 1174 1228 exempla
1225 1157 1342 1210 tam
1397 1151 1458 1210 in
1517 1151 1718 1229 figuris
1774 1166 1949 1229 quam
2006 1148 2065 1210 in
2122 1149 2302 1220 vitiis,
2370 1147 2549 1209 debet
2602 1146 2789 1228 aliqua

204 1271 342 1314 esse
391 1251 686 1314 discretio.
751 1249 1030 1331 quidquid
1063 1269 1206 1330 ergo
1237 1253 1489 1313 scientes
1532 1251 1783 1312 facimus
1827 1251 2097 1311 novitatis
2139 1249 2363 1331 cupidi,
2409 1249 2565 1330 quod
2595 1257 2793 1311 tamen

201 1353 566 1417 idoneorum
625 1362 930 1415 auctorum
997 1352 1264 1414 firmatur
1318 1352 1632 1434 exempliS,
1699 1353 1885 1432 figura
1942 1349 2173 1440 dicitur.
2262 1350 2543 1432 quidquid
2599 1359 2793 1413 autem

199 1457 560 1534 ignorantes
601 1455 906 1536 ponimuS,
937 1455 1140 1516 vitium
1186 1461 1442 1535 putatur.
1473 1450 1502 1540 ΙΙ
1533 1473 1668 1517 nam
1698 1457 1851 1517 sicut
1892 1439 2161 1534 superius
2192 1451 2478 1525 diximus,
2522 1458 2578 1516 si
2602 1457 2793 1516 sciens
2822 1473 2871 1514 ιο

203 1559 344 1636 quis
401 1557 559 1620 dicat
612 1563 783 1638 ‘pars
838 1557 900 1616 in
955 1553 1142 1618 frusta
1195 1561 1432 1619 secant’
1491 1565 1550 1619 et
1593 1575 1769 1619 causa
1811 1555 2108 1618 varietatis
2152 1553 2265 1616 hoc
2312 1555 2496 1626 dicat,
2544 1557 2791 1636 figuram

205 1660 386 1731 sacit3
437 1661 488 1721 si
531 1667 724 1722 autem
773 1659 1030 1729 nescius,
1077 1675 1212 1720 cnm
1257 1658 1414 1721 aliud
1458 1658 1596 1720 velit
1639 1659 1866 1729 dicere,
1913 1659 2240 1737 incongrue
2280 1659 2439 1720 inter
2480 1677 2545 1720 se
2588 1675 2793 1721 nume·

205 1779 308 1822 ros
356 1762 646 1836 iunxerit,
691 1759 1106 1822 soloecismum
1151 1761 1361 1822 fecisse
1402 1761 1714 1824 iudicatur.

387 1863 535 1926 Cum
580 1859 952 1924 barbarismo
1000 1871 1058 1922 et
1101 1860 1448 1925 soloecismo
1479 1862 1792 1926 duodecim
1836 1863 1969 1923 vitia
2013 1869 2324 1941 putantur,
2370 1881 2520 1943 quae
2562 1863 2625 1923 in
2670 1853 2795 1924 arte

205 1973 356 2027 sunt
409 1967 648 2046 scripta.
735 1965 894 2026 inter
947 1981 1096 2044 qnae
1153 1972 1212 2025 et
1264 1965 1668 2045 cacenphaton
1727 1966 1951 2045 posuit,
2008 1964 2165 2044 quod
2222 1963 2367 2024 dixit
2420 1964 2547 2025 fieri
2591 1971 2691 2025 aut
2731 1966 2792 2024 in
2821 1984 2871 2025 15

204 2085 336 2128 uno
381 2084 659 2129 sermone
715 2074 816 2128 aut
856 2067 918 2126 in
980 2063 1268 2145 pluribus.
1355 2065 1498 2128 illud
1545 2085 1664 2128 non
1709 2067 1953 2138 adiecit,
2000 2067 2126 2128 fieri
2171 2066 2575 2147 cacenphaton
2620 2067 2792 2128 etiam

205 2171 268 2229 in
321 2185 525 2231 sensu.
611 2171 676 2230 in
730 2185 848 2248 quo
903 2167 1361 2246 reprehenditur
1406 2167 1694 2230 Salustius
1751 2167 1952 2228 dicens
1983 2185 2020 2220 ι
2068 2184 2201 2229 nam
2246 2185 2344 2229 res
2386 2169 2495 2229 ista
2539 2169 2589 2229 si
2636 2170 2795 2247 cogi-

207 2277 406 2344 tetur,
454 2270 848 2332 obscenaest.
911 2276 971 2328 et
1001 2287 1134 2330 cum
1178 2268 1332 2331 dicat
1362 2269 1636 2349 Virgilius
1678 2269 2065 2348 ‘coniugis
2107 2269 2403 2332 infusus
2446 2275 2793 2349 gremio',

206 2381 270 2434 et
317 2373 420 2434 hic
465 2371 870 2452 cacenphaton
913 2377 1004 2433 est
1053 2371 1116 2432 in
1159 2389 1353 2432 sensu.
1443 2370 1819 2452 pleonasmos
1860 2372 1919 2432 in
1967 2369 2160 2432 verbis
2202 2378 2429 2434 tantum
2470 2371 2562 2441 fit,
2608 2373 2796 2452 peris-

205 2474 446 2554 sologia
489 2476 552 2536 in
594 2492 772 2536 sensu
816 2481 1070 2544 tantum,
1116 2472 1446 2553 acyrologia
1491 2475 1552 2536 in
1595 2480 1865 2556 utroque.
1928 2478 2125 2535 cetera
2158 2491 2295 2536 vero
2340 2493 2617 2555 expresse
2658 2482 2796 2537 sunt
2820 2495 2873 2537 2⁰

205 2579 427 2656 posita.

389 2676 552 2738 Inter
605 2674 1024 2757 metaplasmos
1079 2684 1137 2738 et
1191 2678 1490 2740 schemata
1548 2686 1608 2739 et
1659 2686 1863 2759 tropos
1914 2677 2031 2740 hoc
2072 2679 2351 2750 interest,
2410 2679 2565 2760 quod
2610 2687 2793 2742 meta-
2854 2717 2869 2744 x

205 2779 432 2860 plasmi
477 2787 698 2841 tantum
744 2779 1092 2840 necessitate
1157 2787 1540 2853 excusantur,
1605 2780 1905 2842 schemata
1970 2779 2042 2841 ad
2086 2792 2357 2842 ornatum
2424 2780 2795 2852 adhibentur,

208 2883 378 2962 tropi
420 2882 493 2943 ad
537 2893 882 2960 utrumque:
943 2887 1010 2940 ut
1065 2898 1196 2942 cnm
1241 2882 1490 2943 dicimus
1533 2882 1756 2952 tetulit,
1808 2883 1859 2945 si
1901 2883 1964 2942 in
2008 2891 2197 2944 metro
2242 2900 2361 2943 non
2404 2890 2639 2963 poterat
2680 2883 2797 2943 dici

211 2983 380 3056 tulit,
443 2985 556 3045 erit
607 2979 1050 3063 metaplasmus,
1106 2985 1381 3063 quoniam
1437 2984 1803 3045 necessitatis
1846 3001 2021 3050 causa
2063 2983 2283 3046 dictum
2328 2992 2417 3046 est
2459 2983 2679 3053 tetulit;
2746 2985 2796 3044 si
2821 3007 2871 3046 2⁵

213 3096 424 3149 autem
468 3085 601 3148 tulit
643 3090 876 3164 poterat
917 3084 979 3144 in
1023 3093 1214 3145 metro
1259 3085 1401 3157 dici,
1457 3085 1694 3146 schema
1739 3085 1881 3147 fecit
1920 3084 2019 3146 ille
2063 3086 2163 3165 qui
2208 3085 2353 3148 dixit
2395 3084 2612 3148 tetulit:
2658 3103 2795 3146 nam

209 3189 328 3250 soli
372 3189 555 3250 servit
597 3185 829 3248 ornatui
875 3184 1326 3269 [nominativis].
1373 3188 1424 3248 si
1465 3195 1661 3248 autem
1692 3195 1753 3248 et
1782 3189 1957 3248 metri
1998 3189 2149 3250 ratio
2194 3189 2403 3267 exegit,
2450 3196 2510 3248 et
2552 3187 2797 3268 cupidus

217 3289 446 3371 alioqui
493 3289 762 3351 novitatis
803 3287 918 3349 hoc
962 3287 1204 3358 dixerit,
1253 3295 1485 3369 tropum
1531 3288 1762 3351 videtur
1807 3289 2035 3351 fecisse.
2108 3307 2290 3368 quare
2334 3288 2552 3352 diutius
2595 3288 2795 3349 lectio-

213 3411 360 3452 nem
403 3391 690 3453 debemus
735 3390 1140 3460 considerare,
1198 3397 1297 3460 nt,
1353 3391 1406 3450 si
1447 3392 1624 3452 metri
1683 3393 2005 3454 necessitas
2046 3390 2237 3471 aliqua
2281 3390 2420 3453 iacit
2462 3391 2793 3461 novitatem,

213 3503 366 3554 tunc
411 3492 674 3554 dicamus
717 3511 846 3555 esse
891 3491 1366 3572 metaplasmum;
1411 3493 1462 3553 si
1505 3500 1700 3568 autem
1744 3495 1999 3573 scriptor
2042 3495 2279 3555 ornatui
2320 3501 2547 3555 tantum
2590 3492 2794 3555 studu-
2822 3516 2873 3558 ao

216 3597 364 3666 erit,
411 3603 554 3657 tunc
598 3596 834 3656 schema
879 3595 1230 3664 vocitemus3
1287 3595 1338 3657 si
1379 3593 1442 3654 in
1486 3613 1604 3657 uno
1649 3602 1965 3675 utrumqne
2010 3594 2226 3656 sactum
2273 3602 2390 3666 est,
2450 3603 2513 3656 ut
2556 3603 2617 3656 et
2658 3594 2799 3657 sub-

219 3699 526 3760 veniretur
582 3697 916 3760 necessitati
970 3704 1030 3757 et
1092 3695 1474 3757 adhiberetur
1527 3698 1690 3758 omni
1746 3697 1923 3758 modo
1968 3707 2231 3768 ornatus,
2279 3706 2481 3778 tropos
2526 3697 2795 3759 efficitur.

219 3799 594 3880 metaplasmi
651 3805 844 3860 autem
902 3797 1370 3879 quattuordecim
1423 3807 1578 3860 sunt.
1668 3799 1773 3860 sed
1828 3799 2007 3880 primi
2058 3807 2285 3880 septem
2340 3800 2469 3862 aliis
2512 3800 2797 3862 contrarii

215 3911 379 3964 sunt.
471 3919 604 3962 nam
654 3897 849 3962 nullus
893 3907 984 3961 est
1023 3897 1454 3980 metaplasmus,
1500 3901 1600 3980 qui
1643 3917 1765 3961 non
1808 3900 2023 3962 habeat
2068 3903 2456 3964 contrarium:
2508 3896 2797 3983 πρόσθε-

219 4017 328 4075 σις
383 3997 734 4074 {adverae
775 3994 1178 4083 παραγωγή,
1236 4002 1338 4082 qui
1393 4001 1540 4062 fiunt
1581 4019 1690 4083 per
1735 4001 2121 4076 additionem,
2178 4005 2461 4066 contrarii
2502 4012 2641 4065 sunt
2682 4001 2797 4066 illis
2823 4027 2873 4068 35

220 4106 326 4185 qui
393 4105 540 4166 fiunt
602 4123 710 4185 per
783 4105 1234 4174 detractionem,
1291 4102 1352 4164 id
1407 4111 1498 4164 est
1549 4093 1907 4185 ἀφαίρεσις
1960 4101 2269 4188 συγκοᾳτή
2322 4095 2632 4186 ἀποκοπή
2650 4124 2664 4176 ;
2740 4111 2799 4166 et

223 4218 392 4268 extra
445 4207 714 4269 ordinem
770 4210 868 4289 qni
922 4213 1204 4270 secuntur
1247 4223 1454 4267 omnes
1497 4207 1689 4268 statim
1736 4208 2065 4269 contrarios
2107 4207 2343 4270 habent.
2432 4208 2793 4270 schematum

223 4327 368 4370 vero
411 4317 472 4371 et
514 4318 818 4390 troporum
867 4308 1225 4389 exemplaria
1267 4309 1328 4368 in
1376 4313 1504 4369 arte
1548 4307 1891 4388 planissime
1934 4318 2071 4372 sunt
2112 4311 2321 4389 posita.
2354 4307 2381 4394 ΙΙ

371 4497 395 4548 l
437 4495 625 4547 frustra
654 4499 706 4548 P
840 4499 872 4548 2
906 4494 1081 4563 prosa]
1125 4496 1237 4563 ipsa
1273 4497 1324 4547 P
1457 4497 1490 4548 5
1521 4496 1658 4564 apud
1693 4494 1915 4564 plenium
1953 4497 2028 4547 P.-
2064 4497 2131 4560 cf.
2169 4499 2434 4561 Pompeius
2461 4515 2519 4562 p.
2559 4497 2659 4550 437

226 4566 260 4616 9
287 4566 534 4630 quicquid
568 4576 736 4616 autem
773 4567 824 4616 P
964 4565 1030 4617 10
1059 4567 1282 4616 diximus
1309 4567 1478 4616 sciens
1511 4567 1635 4630 quid
1671 4567 1807 4617 dicat
1840 4567 1888 4616 P
2032 4567 2089 4617 11
2131 4565 2321 4618 frustra
2348 4568 2397 4617 P
2532 4566 2630 4617 hoc
2664 4568 2795 4617 indi·

227 4647 304 4686 cat
329 4636 380 4684 P
518 4636 582 4688 13
606 4636 858 4686 iuncxerit
891 4636 942 4684 P
1081 4635 1142 4686 17
1179 4638 1229 4685 in
1265 4638 1466 4700 lacuna,
1507 4653 1650 4700 quam
1681 4638 1915 4700 indicavi,
1946 4637 2199 4688 excidisse
2224 4639 2458 4688 videntur
2490 4639 2647 4689 verba
2682 4639 2799 4688 Sal·

225 4707 386 4765 Ιιιετίἰ,
427 4722 556 4772 quae
592 4714 707 4756 :eunt
738 4706 879 4770 apud
906 4707 1187 4769 Pompeium
1215 4722 1270 4770 p.
1309 4705 1432 4766 440,
1469 4705 1727 4770 profectus
1764 4707 1967 4770 quidam
2001 4706 2161 4773 Ligus
2186 4708 2252 4756 ad
2290 4708 2529 4772 requisita
2565 4717 2791 4759 naturae.

229 4779 332 4826 ulia
355 4778 590 4841 exempla
611 4778 842 4827 Sallustii
863 4778 915 4825 in
945 4775 1249 4838 cacenplmto
1280 4777 1450 4837 posuit
1485 4775 1745 4827 Charisius
1779 4792 1835 4839 p.
1872 4779 1973 4826 242
2117 4777 2182 4828 18
2212 4775 2475 4844 Virgilius]
2518 4778 2649 4830 Aen.
2682 4778 2747 4828 Vl
2757 4778 2795 4826 ll

229 4847 330 4897 406
438 4846 506 4896 ‘23
538 4855 871 4897 excussantur
899 4846 948 4894 P
1063 4845 1130 4897 32
1165 4845 1478 4894 necessitatis
1506 4847 1556 4895 P
1659 4855 1865 4896 ornatus
1901 4862 1991 4900 om.
2024 4849 2073 4897 P
2206 4846 2273 4898 35
2309 4847 2571 4899 contrariis
2600 4855 2719 4898 sunt
2752 4849 2802 4900 P
