3434 5442
923 347 1167 416 SERvu
1211 348 1308 410 nu
1354 346 1658 410 OENTvM
1689 346 1980 434 ‘METms
2027 347 2049 409 1
2097 354 2153 414 1.
2685 353 2808 414 457

336 470 380 510 p.
413 457 526 500 1817.
557 457 604 499 is
633 456 680 497 P.
2379 469 2423 508 p.
2453 453 2630 498 ssa—0⁵
2657 455 2708 499 c.

403 537 572 599 Licet
614 535 924 608 audacter,
971 553 1091 598 non
1134 545 1334 599 tamen
1377 535 1774 616 ineleganter,
1822 537 1981 598 hunc
2023 534 2287 597 libellum
2330 537 2433 617 qui
2474 534 2630 598 volet
2670 553 2810 596 cen·

233 641 536 702 timetrum
593 637 936 701 nominabit.
1022 646 1111 700 tot
1163 639 1321 701 enim
1376 646 1700 700 metrorum
1760 638 1975 718 digessi
2030 645 2243 718 quanta
2300 638 2465 718 potui
2508 637 2807 708 brevitate,

233 744 524 805 rationem
581 743 884 812 omittens,
943 759 1058 821 quo
1113 741 1373 822 quidque
1430 747 1703 802 nascatur
1762 759 1833 802 ex
1879 738 1889 824 1
1940 759 2158 820 genere
2184 788 2199 812 ,
2267 759 2380 821 qua
2437 741 2809 802 scansionum

233 845 574 906 diversitate
617 844 923 914 caedatur,
969 861 1121 924 quae
1174 861 1273 906 res
1315 842 1449 925 plus
1492 842 1855 904 confusionis
1899 861 2073 924 quam
2118 841 2381 904 utilitatis
2424 842 2618 908 habet.
2707 843 2809 903 sed

231 946 466 1008 lecturo
519 946 666 1007 haec
720 946 846 1008 fere
903 943 1258 1024 generaliter
1313 944 1547 1006 scienda
1593 953 1758 1006 sunt:
1830 944 2065 1007 finalem
2110 943 2390 1025 syllabam
2433 946 2496 1005 in
2541 943 2812 1005 omnibus
2837 964 2862 1004 5

233 1050 442 1110 metris
486 1047 892 1120 indifferenter
921 1047 1138 1127 accipi,
1185 1041 1435 1120 παντὸς
1472 1041 1604 1128 γὰρ
1646 1042 1895 1128 μέτρου
1937 1040 2014 1108 τὸ
2050 1042 2238 1120 τέλος
2266 1039 2675 1128 ἄδιάφορονε
2720 1064 2812 1107 so-

233 1149 520 1212 lutionem
563 1168 718 1221 esse,
765 1168 899 1211 cum
940 1168 1052 1230 pro
1094 1149 1269 1231 longa
1311 1147 1531 1229 syllaba
1577 1149 1729 1211 duae
1770 1148 1979 1210 breves
2022 1156 2349 1229 ponuntur:
2415 1148 2542 1210 loca
2584 1150 2814 1229 inparia

215 1253 353 1313 -dici
406 1253 668 1333 primum
721 1253 961 1314 tertium
1019 1253 1288 1333 quintum
1347 1259 1407 1312 et
1461 1250 1702 1322 deinde,
1762 1252 1923 1331 paria
1981 1269 2119 1312 vero
2173 1250 2495 1312 secundum
2540 1259 2813 1331 quartum

234 1363 466 1417 sextum
511 1363 570 1416 et
613 1354 853 1417 deinde:
911 1355 1422 1436 penthemimeren
1469 1371 1628 1424 esse,
1687 1371 1822 1414 cum
1867 1352 2016 1415 duos
2059 1353 2241 1434 pedes
2284 1355 2550 1434 sequitur
2594 1351 2813 1433 syllaba

235 1476 389 1538 quae
445 1465 674 1538 partem
728 1459 1008 1518 terminat
1061 1457 1378 1526 orationis;
1439 1454 1993 1536 hepbthemimeren
2050 1474 2216 1525 vero,
2275 1473 2407 1518 cum
2464 1462 2589 1517 tres
2634 1455 2813 1536 pedes
2840 1471 2891 1513 ιο

233 1558 510 1621 similiter
551 1560 820 1639 sequitur
863 1558 1080 1639 syllaba
1117 1559 1346 1640 [tritum
1377 1561 1723 1621 trochaeum
1741 1605 1756 1627 ,
1803 1575 1937 1619 cum
1967 1565 2101 1639 post
2130 1557 2279 1620 duos
2306 1557 2488 1639 pedes
2517 1557 2815 1638 perfectos

234 1663 399 1724 finita
445 1669 616 1743 parte
659 1661 944 1722 orationis
987 1661 1300 1724 trocha‘eus
1343 1668 1639 1731 remanet;
1686 1665 1963 1721 tetartum
2008 1659 2379 1732 trochaeum,
2428 1679 2561 1722 cum
2607 1659 2813 1721 delini-

238 1764 402 1826 tione
460 1763 666 1824 eadem
723 1771 996 1844 quartum
1054 1771 1215 1825 tenet
1269 1763 1463 1826 locum
1519 1763 1895 1846 trochaeus]:
1941 1763 2344 1825 catalecticum
2401 1781 2633 1823 versum
2678 1762 2812 1833 dici,

235 1868 336 1926 cui
365 1865 588 1946 syllaba
619 1883 737 1926 una
768 1864 964 1936 deest;
1012 1865 1612 1947 brachycatalectum,
1659 1868 1756 1928 cui
1786 1867 1934 1928 duae
1966 1866 2213 1935 desunt;
2257 1863 2811 1946 hypercatalectum,

233 1969 332 2030 cui
379 1966 390 2050 Ι
440 1986 556 2029 una
601 1975 901 2047 superest;
963 1967 1374 2039 acatalectum,
1447 1968 1580 2050 [ubi
1635 1969 1783 2031 nihil
1838 1967 1972 2050 plus
2024 1969 2289 2029 minusve
2346 1975 2435 2028 est
2487 1969 2549 2027 in
2607 1965 2807 2048 versu]
2830 1980 2888 2024 15

235 2071 338 2150 qui
392 2069 656 2149 legitimo
715 2070 832 2130 fine
889 2068 1288 2132 concluditur:
1354 2078 1790 2134 monometrum
1834 2068 1926 2130 vel
1982 2069 2297 2130 dimetrum
2346 2067 2433 2128 vel
2479 2070 2809 2130 trimetrum

237 2191 472 2235 versum
519 2173 578 2232 in
622 2170 910 2232 iambicis
933 2170 1247 2234 trochaicis
1304 2172 1686 2253 anapaesticis
1730 2173 1937 2233 metris
1988 2189 2095 2252 per
2138 2171 2321 2252 pedes
2364 2170 2627 2251 duplices
2671 2188 2814 2232 con-

235 2275 466 2354 putari,
511 2275 574 2334 in
619 2274 835 2334 ceteris
874 2291 986 2354 per
1027 2273 1358 2354 simplices:
1416 2281 1602 2336 metra
1647 2272 1739 2333 vel
1769 2291 1799 2334 a
1830 2272 2082 2353 pedibus
2126 2269 2343 2335 nomen
2388 2273 2675 2353 accipere,
2723 2271 2814 2334 vel

233 2397 266 2438 a
323 2375 504 2438 rebus
558 2393 708 2457 quae
765 2374 1210 2447 describuntur,
1266 2377 1356 2437 vel
1413 2376 1486 2439 ab
1543 2374 1981 2446 inventoribus,
2040 2374 2129 2436 vel
2176 2394 2208 2436 a
2253 2374 2810 2456 frequentatoribus

234 2476 324 2538 vel
353 2497 386 2539 a
419 2495 665 2538 numero
709 2475 1100 2556 syllabarum:
1149 2496 1333 2558 eaque
1378 2496 1507 2540 esse
1551 2485 1684 2539 octo
1731 2476 2107 2558 principalia,
2154 2477 2505 2547 iambicum,
2552 2475 2806 2538 trochai-
2835 2491 2887 2532 20

233 2598 398 2650 cum,
459 2578 832 2660 dactylicum,
891 2581 1360 2661 anapaesticum,
1409 2580 1909 2651 choriambicum,
1954 2581 2426 2661 antispasticum,
2472 2580 2731 2640 ionicum
2778 2599 2811 2640 a

235 2683 486 2751 maiore,
542 2682 802 2742 ionicum
861 2700 892 2741 a
950 2683 1210 2753 minore,
1267 2681 1340 2743 de
1393 2682 1610 2763 quibus
1653 2685 1905 2764 carptim
1950 2682 2365 2753 tractabimuS,
2412 2681 2699 2761 eligentes
2742 2699 2811 2743 ea

233 2801 382 2863 quae
427 2781 500 2844 ad
542 2781 797 2864 palmam
841 2781 1003 2863 lyrae
1047 2783 1320 2865 perducit
1361 2784 1644 2864 voluptas.

1283 2969 1380 3033 DE
1423 2971 1448 3032 1
1452 2971 1773 3035 AMBlClS.

401 3107 588 3168 Metra
631 3105 880 3167 iambica
927 3105 1071 3168 locis
1114 3108 1419 3188 inparibus
1462 3105 1781 3189 quinquen
1812 3109 2079 3188 recipere
2121 3115 2368 3188 possunt
2410 3107 2619 3188 pedes,
2664 3109 2809 3169 iam·
2836 3127 2887 3167 25

374 3331 397 3382 l
438 3329 576 3378 uolet
609 3329 659 3377 P
693 3336 742 3378 et
778 3329 944 3378 code-‘c
973 3329 1402 3380 Damnseadiensis
1436 3329 1615 3380 uolunt
1651 3327 1692 3377 S
1728 3328 1946 3380 uoluerit
1978 3345 2011 3386 ς
2182 3332 2215 3378 2
2258 3329 2535 3378 nominauit
2574 3330 2624 3378 P
2651 3329 2813 3378 nomi-

235 3413 354 3448 nare
392 3400 435 3449 S
567 3407 839 3448 metrorum
877 3413 1064 3462 genera
1101 3399 1293 3464 digessi
1329 3413 1364 3456 ς
1401 3407 1672 3452 metrorum
1711 3401 1878 3466 spatia
1909 3400 2105 3467 digessi
2144 3399 2462 3450 Bodleianus
2500 3398 2813 3462 Gaissordii:

233 3469 400 3532 spatia
429 3477 551 3530 post
581 3468 828 3518 brevitate
863 3469 985 3522 add.
1024 3471 1486 3522 Dammtadiensis:
1522 3480 1785 3534 prae-terea
1822 3478 1941 3519 sunt
1972 3479 2131 3520 metra
2166 3469 2269 3519 alia
2301 3468 2559 3536 perplura,
2595 3483 2725 3532 quae
2759 3469 2810 3516 in

234 3539 377 3588 libris
433 3540 840 3589 centimetrorum
899 3538 1218 3604 simplicibus
1267 3549 1544 3588 monstrata
1596 3541 1849 3605 exemplis
1885 3541 2101 3603 quisque
2137 3540 2276 3606 cupit
2320 3539 2537 3605 reperiet
2568 3539 2721 3589 Beda
2750 3537 2814 3587 de

231 3617 374 3658 metr.
408 3622 464 3671 ρ.
503 3607 644 3660 2380
780 3606 814 3656 3
867 3609 1003 3670 quod
1050 3608 1275 3671 quidque
1310 3610 1386 3660 P=
1422 3625 1522 3673 quo
1567 3618 1779 3659 metrum
1827 3619 2065 3660 noscatur
2100 3608 2396 3661 Panchrus.-
2442 3625 2541 3671 quo
2580 3621 2814 3671 quaeque

234 3686 506 3729 nascantur
542 3705 610 3715 —
645 3676 921 3728 caedantur
957 3679 1230 3730 Santenius
1366 3676 1489 3746 qua]
1539 3689 1588 3729 et
1635 3681 1684 3729 P
1818 3681 1851 3729 4
1886 3677 2139 3745 utilitatis]
2194 3679 2425 3730 ueritatis
2460 3679 2503 3730 S
2638 3679 2670 3727 5
2708 3675 2815 3740 syl-—

233 3748 402 3798 labam
438 3765 534 3802 om.
572 3747 614 3798 S
749 3747 783 3797 6
818 3762 1022 3800 rrum-oc
1060 3763 1146 3798 rap
1183 3764 1378 3800 uersor
1425 3767 1488 3801 ‘ru
1540 3766 1701 3800 ‘rerc
1737 3759 1997 3814 ιιΔιειφοΡο
2035 3750 2107 3812 J’,
2145 3764 2237 3800 om.
2283 3751 2368 3806 ὃς
2509 3747 2814 3798 solutionem

231 3833 386 3885 posse
424 3833 538 3869 cum
575 3820 618 3870 S
755 3818 787 3867 7
822 3833 917 3884 pro
956 3833 1051 3868 una
1088 3819 1239 3884 longa
1280 3831 1315 3874 3
1451 3819 1487 3870 9
1535 3821 1927 3885 pentimemeren
1967 3835 2082 3868 esse
2118 3818 2160 3868 S
2194 3819 2617 3884 penthemimeres
2655 3825 2733 3868 est
2765 3816 2817 3865 P

370 3887 441 3939 10
476 3889 838 3954 eptimemeren
871 3890 916 3939 S
948 3889 1302 3954 eptemimeres
1339 3889 1390 3938 N
1421 3889 1785 3940 efthimimeres
1824 3891 1875 3939 P
2012 3888 2073 3940 11
2115 3890 2283 3940 tritum
2324 3888 2614 3938 trochaeum
2643 3915 2709 3924 —
2746 3885 2814 3938 13

230 3957 502 4008 trochaeus
534 3974 626 4012 ont.
663 3955 816 4022 NPS,
855 3959 978 4012 add.
1019 3973 1052 4016 ς
1090 3967 1140 4008 et
1173 3960 1341 4010 codex
1377 3961 1805 4012 Darnzstadiensis
1970 3961 2034 4010 12
2069 3974 2180 4010 cum
2219 3967 2450 4024 quartum
2486 3958 2815 4008 definiciones

231 4027 414 4079 eadem
448 4027 612 4094 (corr.
661 4027 958 4080 difinitionis
992 4029 1249 4092 eiusdem)
1295 4037 1430 4078 tenet
1470 4028 1634 4080 locum
1679 4030 2113 4082 Darmstadienst‘s
2323 4029 2389 4080 14
2442 4029 2521 4078 cui
2560 4042 2592 4083 3
2626 4028 2741 4077 cni’
2775 4027 2819 4086 S

233 4100 382 4149 cuius
417 4098 470 4147 P
607 4097 1096 4166 brachycatalectum
1135 4100 1188 4149 N
1224 4098 1760 4163 brachycatalecticum
1808 4099 1896 4149 PS
2033 4099 2217 4149 desunt
2252 4113 2345 4152 mn.
2379 4099 2437 4157 S,
2472 4097 2593 4148 add.
2633 4098 2684 4146 P

232 4167 704 4234 ypercutalecticum
747 4167 790 4218 S
831 4169 1286 4235 ypercatalecticon
1323 4169 1398 4218 P:
1453 4167 1963 4233 hypercatalecticum
2016 4169 2102 4218 ubi
2156 4185 2306 4235 supra
2358 4167 2609 4232 legitimos
2658 4164 2817 4231 pedes

231 4238 433 4301 syllaba
465 4239 644 4289 crescit
679 4239 949 4290 Putet-hius
1160 4241 1220 4290 15
1262 4238 1593 4289 acatalectum
1642 4238 1691 4287 N
1737 4238 2119 4290 acatalecticnm
2156 4239 2209 4302 P
2248 4237 2628 4289 acatalecticum
2651 4235 2813 4285 ·euim

230 4308 356 4373 (dici
395 4307 518 4358 add.
556 4305 610 4368 s)
644 4306 687 4358 S
823 4308 911 4359 ubi
951 4308 1076 4357 nihil
1113 4307 1229 4374 plus
1265 4310 1499 4358 minusue
1535 4309 1586 4357 in
1626 4323 1772 4358 uersu
1826 4317 1905 4358 est
1940 4323 2035 4361 om.
2076 4309 2231 4368 NPS,
2268 4308 2386 4358 add.
2427 4321 2463 4363 3
2604 4305 2669 4357 1ss
2708 4319 2816 4353 mo·

231 4386 514 4428 nometi-um
552 4379 822 4429 dimetrum
860 4379 1138 4428 trimetrum
1179 4378 1260 4429 uel
1294 4387 1641 4429 tetrametrum
1680 4377 1783 4428 dici
1819 4394 1850 4429 a
1886 4392 2092 4428 numero
2120 4381 2323 4444 pedum.
2364 4380 2412 4426 in
2452 4374 2685 4426 iambicis
2712 4383 2815 4424 tro-

231 4449 426 4500 chaicis
461 4449 804 4513 anapaesticis
845 4451 1018 4498 metris
1053 4464 1234 4498 uersus
1282 4465 1372 4515 per
1407 4449 1566 4512 pedes
1602 4447 1835 4514 duplices
1873 4449 2155 4512 computari
2193 4462 2227 4506 3
2370 4447 2435 4499 18
2474 4455 2632 4496 metra
2668 4443 2749 4494 uel
2786 4459 2817 4490 a

233 4519 448 4582 pedibus
481 4519 564 4568 uel
601 4533 632 4568 a
668 4518 821 4570 rebus
859 4532 1040 4568 nornen
1077 4519 1308 4587 accipere
1343 4519 1426 4568 uel
1472 4534 1500 4566 a
1539 4517 2003 4582 frequentatoribus
2039 4517 2081 4569 S
2287 4518 2357 4569 19
2394 4516 2748 4567 describuntur
2780 4527 2816 4570 3

231 4589 606 4640 distribuuntur
644 4589 695 4637 P
833 4586 902 4639 20
937 4589 999 4638 ab
1037 4591 1262 4638 numeris
1295 4589 1347 4638 P
1485 4603 1644 4653 eaque
1684 4596 1797 4637 octo
1844 4601 1957 4639 esse
1992 4587 2297 4654 principalia
2333 4589 2385 4637 id
2432 4595 2509 4633 est.
2544 4585 2816 4634 iambicum

230 4659 269 4708 S
407 4659 478 4709 22
521 4660 738 4724 carptim
786 4659 1119 4708 tractauimus
1167 4659 1218 4708 P
1261 4660 1439 4708 cartim
1487 4657 1766 4720 thrabimus
1799 4659 1843 4710 S
1979 4659 2235 4724 elegentes
2270 4657 2362 4710 PS
2496 4655 2563 4706 23
2603 4654 2665 4705 ad
2702 4654 2815 4720 pal-

232 4744 364 4779 mam
401 4727 548 4794 lyrae
575 4741 614 4784 ς
647 4727 716 4778 ad
753 4729 972 4794 palmam
1009 4729 1102 4777 lire
1138 4729 1306 4779 codex
1347 4729 1777 4781 Darmstacliensis
1812 4728 1880 4778 ad
1913 4725 2139 4794 palmare
2180 4727 2227 4776 P
2258 4729 2323 4778 ad
2358 4727 2580 4794 palmam
2620 4725 2755 4790 lineq
2776 4725 2820 4776 S

368 4798 608 4864 producit
635 4798 686 4847 P
823 4799 1059 4850 uoluntas
1096 4798 1266 4851 codex
1301 4799 1732 4850 Darmstadienst's
1868 4799 1935 4847 24
1970 4797 2042 4848 De
2077 4798 2307 4849 iambicis
2346 4797 2519 4849 metris
2555 4796 2614 4858 S,
2650 4810 2741 4846 orn.
2770 4795 2821 4843 P

365 4869 434 4920 25
469 4868 698 4919 iambum
731 4870 1017 4935 spondeum
1051 4867 1313 4920 trocheum
1342 4869 1582 4920 dactilum
1621 4876 1923 4936 anapestum
1960 4871 2003 4920 S
