3434 5442
1093 1291 1959 1379 PRAEFATIO

387 1741 603 1838 Inter
649 1772 996 1856 scriptores
1041 1772 1199 1835 artis
1243 1772 1702 1854 grammaticae
1748 1779 2007 1855 praeter
2036 1770 2443 1834 Priscianum
2485 1769 2555 1836 in
2600 1773 2824 1857 primis

224 1871 398 1936 clara
451 1873 739 1938 fuerunt
790 1872 990 1937 Probi
1045 1873 1292 1937 Donati
1347 1873 1560 1938 Servii
1613 1882 1680 1938 et
1740 1873 1949 1957 Sergii
1993 1873 2283 1954 nomina,
2345 1895 2621 1958 quorum
2674 1871 2826 1938 libri

222 1975 342 2039 hoc
387 1983 640 2062 quarto
684 1975 1253 2060 grammaticorum
1296 1974 1623 2040 volumine
1669 1974 1827 2038 editi
1871 1983 2041 2040 sunt.
2131 1997 2304 2039 nunc
2347 1975 2655 2060 quoniam
2696 1997 2826 2041 non

223 2075 432 2140 solum
491 2077 745 2164 quibus
799 2063 1159 2142 rationibus
1212 2079 1284 2142 in
1325 2075 1454 2142 illis
1501 2077 1767 2142 edendis
1815 2098 1971 2140 usus
2018 2076 2141 2142 sim
2186 2075 2661 2161 explicandum,
2710 2079 2825 2143 sed

222 2181 418 2244 etiam
478 2179 570 2243 de
630 2179 790 2264 ipsis
847 2178 1063 2260 libris,
1122 2201 1284 2264 quos
1341 2177 1552 2260 edidi,
1615 2178 1961 2244 dicendum
2020 2187 2151 2260 est,
2209 2201 2357 2244 eum
2411 2179 2616 2243 multa
2658 2202 2825 2266 quae

220 2281 344 2344 huc
403 2283 752 2367 pertinent
801 2303 932 2346 non
989 2281 1181 2346 unius
1240 2281 1392 2346 libri
1447 2281 1714 2368 propria
1767 2281 1882 2345 sed
1939 2281 2306 2346 communia
2346 2279 2631 2366 plurium
2676 2283 2824 2362 sint,

125 2461 134 2470 .
220 2383 340 2448 hoe
403 2381 558 2448 loco
624 2383 705 2447 de
763 2383 841 2447 iis
903 2383 1099 2448 rebus
1156 2383 1472 2447 disserere
1529 2382 1747 2448 visum
1805 2391 1922 2446 est.
2010 2384 2229 2470 itaque
2284 2383 2565 2469 primum
2621 2383 2701 2448 de
2745 2384 2825 2449 iis

221 2506 386 2571 quae
429 2484 654 2550 Probi
698 2486 954 2549 nomine
998 2486 1314 2571 inscripta
1355 2483 1656 2549 feruntur
1699 2484 1942 2565 dicam,
1990 2484 2225 2549 deinde
2270 2485 2351 2550 de
2391 2497 2531 2552 arte
2560 2485 2825 2567 Donati,

221 2595 556 2670 postremo
626 2585 708 2650 de
765 2585 977 2652 Servii
1037 2585 1144 2651 vel
1204 2587 1417 2672 Sergii
1473 2586 1680 2652 libris.
1768 2609 1920 2651 nam
1974 2586 2055 2651 de
2123 2595 2420 2682 notarum
2475 2587 2823 2668 laterculiS,

223 2711 378 2776 quos
409 2688 813 2753 Theodorus
844 2688 1284 2754 Mommsenus
1327 2711 1432 2754 me
1478 2698 1755 2774 rogante
1798 2711 1839 2753 a
1884 2711 1951 2754 se
1996 2688 2351 2754 recensitos
2397 2711 2546 2755 eum
2588 2711 2823 2774 magno

223 2790 605 2856 litterarum
673 2789 1004 2856 commodo
1068 2791 1137 2856 in
1201 2791 1325 2856 hoc
1379 2789 1682 2855 volumen
1736 2791 1937 2876 recipi
2005 2789 2245 2870 voluit,
2314 2792 2473 2856 satis
2532 2791 2615 2888 ab
2684 2792 2824 2876 ipso

223 2893 467 2959 dictum
516 2899 651 2958 est.

593 3063 632 3128 I
703 3062 832 3126 DE
879 3059 1364 3128 CODICIBVS
1409 3062 1526 3128 ET
1570 3062 2162 3170 EDITIQNIBVS
2205 3064 2478 3129 PROBI

385 3201 606 3266 Probi
659 3197 742 3263 de
786 3207 924 3262 arte
967 3199 1394 3284 grammatica
1434 3197 1586 3264 libri
1629 3200 1742 3286 qui
1787 3210 2136 3285 supersunt
2176 3197 2529 3265 maximam
2574 3209 2826 3286 partem

227 3304 678 3368 Bobiensibus
709 3299 1044 3366 codicibus
1088 3299 1435 3382 debentur,
1483 3323 1644 3385 quos
1689 3301 1864 3366 circa
1906 3324 2145 3366 annum
2188 3300 2602 3365 millesimum
2646 3303 2827 3388 quin-

229 3407 674 3491 gentesimum
730 3405 962 3469 Ianum
1006 3401 1424 3466 Parrhasium
1480 3403 1863 3469 tractavisse
1915 3403 1985 3468 in
2040 3403 2442 3490 praefatione
2486 3404 2676 3490 primi
2716 3425 2825 3469 vo-

229 3509 486 3572 luminis
549 3507 722 3571 dixi.
815 3515 880 3569 et
935 3502 1406 3569 catholicon
1460 3504 1723 3590 quidem
1779 3503 1943 3570 liber
1989 3515 2055 3570 et
2094 3506 2150 3570 is
2196 3507 2307 3592 qui
2352 3513 2451 3570 est
2494 3505 2588 3571 de
2632 3506 2826 3569 ulti-

231 3611 366 3674 mis
423 3607 796 3696 syllabis
853 3605 945 3670 ad
1006 3605 1578 3672 Caelestinum
1634 3609 1942 3693 scriptus,
2000 3609 2111 3694 qui
2165 3608 2307 3693 ipse
2365 3629 2621 3694 quoque
2675 3605 2827 3671 olim

231 3711 423 3776 Probi
467 3710 742 3775 nomine
796 3709 1149 3792 inscriptus
1204 3706 1567 3790 ferebatur,
1624 3732 1754 3773 uno
1812 3710 2045 3775 codice·
2078 3709 2567 3774 Vindobonensi
2618 3717 2695 3778 16
2741 3707 2827 3772 ad

233 3822 518 3878 nostram
575 3819 864 3876 aetatem
920 3818 1316 3896 propagatus
1375 3820 1493 3875 est.
1581 3810 1755 3876 hunc
1822 3811 1975 3876 olim
2030 3811 2420 3876 Bobiensem
2476 3810 2679 3874 fuisse
2734 3811 2827 3874 in-

237 3917 492 4001 scriptio
539 3915 618 3978 in
669 3913 883 3998 prima
923 3913 1167 3998 pagina
1219 3913 1466 3998 posita,
1525 3911 1729 3977 ‘liber
1772 3914 1979 3978 sancti
2011 3911 2397 3978 Columbani
2444 3912 2525 3977 de
2554 3910 2823 3992 Bobio',

237 4015 494 4081 indicat.
595 4012 876 4078 eundem
918 4013 1088 4078 inter
1132 4012 1386 4078 codices
1433 4036 1599 4079 anno
1647 4021 1810 4084 1493
1855 4015 2050 4079 Bobii
2090 4023 2379 4100 repertos
2427 4014 2829 4078 enumeravit

238 4118 528 4204 Raphael
575 4116 1050 4182 volaterranus
1105 4127 1521 4182 commentar.
1582 4116 1809 4182 urban.
1863 4117 1907 4180 l.
1953 4117 2049 4182 IV
2106 4115 2155 4180 f.
2200 4115 2357 4180 LVI
2404 4116 2503 4181 cd.
2550 4117 2823 4180 Roman.

245 4241 295 4284 a.
339 4228 530 4301 1506,
593 4217 832 4282 ‘Probi
888 4215 1368 4304 Catholica’.*)
1459 4229 1763 4284 accurate
1808 4239 1955 4283 eum
2010 4219 2351 4305 descripsit
2395 4217 2825 4282 Endlieherus

397 4407 448 4473 *)
509 4411 656 4459 Tres
705 4407 924 4459 codices
970 4407 1138 4457 Probi
1171 4407 1334 4459 Bobii
1380 4409 1633 4460 extitisse
1678 4412 1918 4460 testatur
1963 4408 2128 4459 index
2172 4408 2435 4459 librorum
2472 4407 2827 4458 Bobiensium

255 4493 444 4546 decimo
481 4494 724 4546 saeculo
763 4493 1003 4557 scriptus
1041 4491 1186 4556 apud
1221 4493 1586 4544 Muratorium
1623 4496 1800 4558 antiq.
1836 4495 1967 4544 Ital.
2002 4494 2084 4544 111
2120 4511 2172 4559 p.
2209 4496 2341 4555 820,
2378 4491 2582 4544 ‘libros
2616 4493 2830 4546 Valerii
2876 4559 2881 4564 η

259 4579 402 4632 Probi
437 4583 610 4634 tres'.
669 4597 700 4630 e
738 4579 937 4643 quibus
976 4577 1258 4628 codicibus
1295 4594 1434 4628 unus
1469 4579 1690 4630 videtur
1725 4579 1900 4630 fuisse
1936 4581 1984 4628 is
2020 4578 2087 4630 de
2125 4594 2230 4643 quo
2267 4593 2434 4644 supra
2471 4577 2677 4628 dictum
2714 4585 2827 4642 est3

261 4663 316 4714 de
353 4666 532 4717 altero
583 4665 718 4715 item
763 4679 909 4712 nunc
957 4661 1368 4714 Vindobonensi
1412 4668 1609 4729 postea
1653 4664 1899 4727 dicetur;
1953 4665 2178 4715 tertium
2222 4663 2499 4730 suspicari
2542 4679 2829 4728 possumus

266 4751 584 4802 continuisse
633 4748 1087 4800 commentarium
1134 4748 1192 4798 in
1229 4749 1464 4816 Vergilii
1510 4749 1771 4800 bucolica
1819 4752 1876 4799 et
1921 4750 2208 4816 georgica,
2255 4765 2415 4815 quem
2462 4764 2531 4800 ex
2565 4749 2829 4802 Bobiensi

271 4833 431 4886 codice
467 4834 676 4887 editum
714 4849 838 4886 esse
875 4837 1113 4887 constat.
