3434 5442
776 1275 1091 1370 raom
1142 1203 1673 1370 {murm
1731 1275 2150 1390 ΛιιτινΜ,

282 1591 319 1632 p.
348 1577 497 1619 isam
526 1575 579 1616 a.
1282 1632 1379 1692 DE
1424 1631 1619 1692 VOCE
2148 1607 2152 1612 .
2329 1587 2375 1629 p.
2405 1577 2566 1618 nean
2596 1575 2650 1618 v.

340 1767 453 1827 Vox
498 1769 622 1827 sive
668 1784 851 1826 sonus
890 1775 979 1827 est
1022 1785 1123 1826 aer
1168 1769 1335 1834 ictus,
1378 1767 1431 1826 id
1474 1775 1563 1826 est
1600 1785 1936 1844 percussus,
1979 1751 2270 1826 ¹sensibilis
2311 1766 2529 1837 auditu,
2571 1783 2756 1845 quan·

202 1877 299 1929 tum
340 1871 391 1928 in
432 1870 563 1947 ipso
604 1877 721 1934 est.
782 1869 897 1928 hoc
952 1877 1041 1929 est
1082 1887 1258 1948 quam
1302 1869 1403 1930 diu
1444 1877 1702 1930 resonat.
1790 1885 1950 1929 nunc
2003 1869 2196 1928 omnis
2247 1886 2356 1927 vox
2400 1870 2524 1928 sive
2576 1883 2758 1928 sonus

200 1981 279 2030 aut
326 1969 629 2030 articulata
684 1977 775 2032 est
828 1980 931 2031 aut
982 1970 1245 2030 confusa.
1332 1969 1637 2030 articulata
1698 1975 1818 2038 est,
1881 1988 1996 2050 qua
2050 1969 2318 2030 homines
2373 1967 2650 2029 locuntur
2698 1976 2758 2028 et
2807 1993 2834 2033 5

200 2071 375 2130 litteris
406 2070 815 2150 conprehendi
856 2079 1068 2148 potest,
1116 2079 1181 2132 ut
1212 2081 1353 2150 puta
1394 2069 1623 2131 ‘scribe
1656 2070 1919 2140 Cicero',
1971 2069 2224 2147 ‘Vergili
2266 2069 2429 2149 lege'
2475 2077 2534 2130 et
2562 2075 2758 2130 cetera

200 2173 325 2232 talia.
406 2172 657 2233 confusa
698 2190 841 2233 vero
884 2178 985 2232 aut
1028 2171 1363 2234 animalium
1404 2179 1505 2234 aut
1546 2171 1948 2233 inanimalium
1995 2181 2112 2239 est,
2168 2190 2322 2252 quae
2361 2171 2572 2232 litteris
2617 2189 2756 2230 con-

200 2273 451 2352 prehendi
509 2291 635 2333 non
684 2281 895 2352 potest.
984 2274 1324 2335 animalium
1388 2281 1477 2335 est
1540 2280 1606 2334 ut
1660 2280 1804 2352 puta
1865 2290 2152 2352 equorum
2205 2273 2494 2341 hinnituS,
2563 2270 2759 2332 rabies

201 2393 407 2442 canum,
446 2378 687 2454 rugitus
734 2377 1029 2445 serarum,
1076 2383 1421 2454 serpentum
1464 2375 1695 2443 sibilus,
1755 2376 1948 2435 avium
1995 2383 2204 2436 cantus
2248 2382 2306 2434 et
2349 2383 2546 2435 cetera
2591 2371 2756 2441 talia;

201 2475 569 2538 inanimalium
616 2485 813 2538 autem
856 2483 945 2538 est
980 2485 1047 2538 ut
1092 2463 1231 2556 puta
1274 2475 1679 2557 cymbalorum
1728 2477 1998 2546 tinnituS,
2045 2475 2416 2553 flagellorum
2459 2477 2755 2553 strepitus,
2787 2500 2836 2540 ιο

200 2579 453 2638 undarum
490 2577 722 2657 pulsus,
768 2581 973 2640 ruinae
1015 2597 1215 2647 casus,
1264 2577 1489 2639 fistulae
1532 2577 1765 2639 auditus
1807 2585 1866 2638 et
1901 2585 2098 2638 cetera
2139 2577 2291 2639 talia.
2382 2586 2472 2638 est
2514 2585 2574 2637 et
2617 2593 2758 2636 con·

202 2679 303 2740 fusa
332 2699 434 2741 vox
472 2681 603 2742 sive
638 2699 827 2754 sonus
862 2681 1186 2750 hominum,
1232 2699 1383 2760 quae
1422 2679 1631 2740 litteris
1668 2679 2072 2758 conprehendi
2112 2698 2230 2740 non
2263 2686 2471 2758 potest,
2517 2685 2582 2738 ut
2619 2685 2758 2756 puta

200 2783 299 2840 oris
334 2783 481 2842 risus
526 2780 625 2842 vel
670 2781 953 2850 sibilatus‚
1000 2783 1257 2860 pectoris
1291 2783 1549 2860 mugitus
1594 2788 1653 2842 et
1686 2788 1886 2842 cetera
1923 2781 2076 2843 talia.
2139 2783 2213 2842 de
2245 2800 2386 2841 voce
2429 2781 2550 2840 sive
2589 2797 2755 2846 sono,

200 2891 443 2961 quantum
488 2885 651 2944 ratio
694 2883 993 2962 poscebat,
1042 2885 1437 2945 tractavimus

1288 3070 1385 3132 DE
1418 3069 1641 3130 ARTE.
2787 3095 2835 3135 ιε

338 3189 443 3248 Ars
496 3196 593 3250 est
662 3191 841 3250 unius
897 3189 1183 3298 cuiusque
1244 3188 1331 3249 rei
1393 3189 1637 3249 scientia
1693 3205 1922 3248 summa
1987 3186 2306 3249 subtilitate
2369 3186 2760 3265 adprehensa.

202 3307 311 3349 nam
352 3301 407 3352 et
444 3291 669 3351 Graeci
711 3280 835 3350 ἀπὸ
876 3291 979 3366 τῆς
1000 3279 1253 3366 ἀρετῆς,
1298 3291 1617 3359 avirtute,
1665 3288 1989 3350 censebant
2031 3296 2216 3350 artem
2263 3305 2391 3349 esse
2433 3287 2761 3348 dicendam.

204 3391 331 3452 unde
371 3401 427 3452 et
464 3399 705 3454 veteres
746 3397 931 3453 artem
983 3410 1095 3470 pro
1142 3392 1353 3452 virtute
1400 3391 1744 3471 frequenter
1787 3398 2092 3469 usurpant.
2181 3408 2339 3451 nunc
2382 3389 2558 3451 huius
2601 3390 2762 3456 artis,

206 3493 247 3550 id
285 3501 363 3552 est
400 3495 861 3572 grammaticae,
921 3495 1111 3554 omnis
1152 3493 1457 3554 dumtaxat
1496 3493 1778 3554 Latinitas
1820 3511 1892 3552 ex
1933 3491 2162 3552 duabus
2205 3490 2470 3570 partibus
2513 3497 2762 3560 constat,
2799 3489 2812 3498 '

206 3591 295 3652 hor
332 3604 413 3655 est
456 3615 527 3656 ex
577 3594 853 3672 analogia
898 3601 957 3654 et
1006 3594 1327 3664 anomalia,
1389 3601 1447 3654 et
1500 3595 1635 3656 ideo
1686 3597 1994 3674 utriusque
2043 3596 2226 3672 partis
2279 3595 2568 3654 rationem
2623 3591 2760 3652 sub·
2790 3617 2842 3657 πο

206 3695 397 3756 irimuS.

1258 3793 1329 3834 οε
1360 3793 1678 3836 ΑΝΑιοαιΑ.

342 3899 623 3978 Analogia
670 3905 759 3962 est
800 3901 953 3960 ratio
1000 3906 1163 3960 recta
1209 3917 1595 3978 perseverans
1652 3917 1762 3978 per
1803 3901 2092 3978 integram
2147 3897 2550 3962 declinationis
2591 3899 2765 3959 disci-

208 3995 419 4073 plinam,
474 4011 541 4062 ut
598 4009 745 4080 puta
806 4000 905 4060 hic
960 4000 1228 4068 Catilina,
1288 4000 1435 4061 haec
1486 3999 1657 4080 lupa,
1714 4001 1828 4060 hoc
1875 3999 2178 4085 scrilnium
2236 4008 2296 4061 et
2349 4009 2542 4062 cetera
2595 3999 2766 4069 talia;

208 4099 393 4163 scilicet
434 4103 723 4180 quoniam
766 4101 915 4162 haec
960 4103 1195 4164 nomina
1238 4103 1325 4162 sic
1372 4119 1479 4180 per
1512 4098 1539 4186 ΙΙ
1567 4121 1776 4165 omnes
1819 4121 1990 4164 casus
2025 4102 2354 4164 secundum
2396 4121 2500 4163 sua
2547 4119 2766 4180 genera
2792 4125 2844 4166 ὅ

211 4199 253 4259 in
290 4201 671 4265 declinatione
723 4211 1137 4282 perseverant,
1195 4206 1283 4264 sic
1338 4206 1422 4264 uti
1474 4212 1563 4265 est
1608 4203 1915 4282 analogiae
1971 4212 2132 4266 recta
2187 4202 2590 4265 declinationis
2647 4203 2767 4264 dis·

212 4303 405 4378 ciplina.

326 4485 345 4532 1
390 4499 535 4536 raom
586 4499 915 4536 ananum-101
959 4499 1026 4536 nn
1062 4499 1189 4537 octo
1224 4498 1494 4536 ona-rioms
1530 4501 1759 4536 nummus
1799 4501 1895 4536 aas
1933 4499 2108 4537 utnon.
2163 4499 2228 4534 »Β
2265 4498 2396 4535 vocs
2437 4501 2468 4534 υ
2515 4492 2565 4536 et
2600 4485 2770 4536 codex

214 4547 441 4603 Parisinus
470 4555 617 4605 7519
677 4568 868 4605 mcum
915 4569 1203 4606 ‘rusci-arus
1248 4568 1400 4604 raoni
1448 4569 1767 4606 ananum-ici
1819 4571 1884 4605 na
1931 4569 2060 4606 noca
2099 4555 2266 4604 codex
2313 4555 2586 4605 Parisinus
2633 4554 2769 4605 7494

218 4633 268 4667 nt
296 4636 410 4673 voca
444 4624 521 4676 R.-
568 4625 643 4688 cs.
684 4624 942 4674 Priscian.
988 4639 1045 4688 p.
1079 4627 1178 4674 727
1230 4627 1357 4674 conl.
1398 4625 1554 4677 Prob.
1590 4639 1645 4688 p.
1681 4624 1786 4676 306
1820 4625 1900 4676 ed.
1949 4625 2133 4682 Vina..
2178 4624 2402 4686 Pompei.
2433 4639 2489 4688 p.
2532 4625 2631 4675 187
2684 4625 2766 4680 ed.

220 4687 339 4740 laind.
368 4695 489 4742 cont.
526 4693 693 4744 Prob-
726 4709 781 4756 p.
819 4693 923 4744 236
956 4710 1065 4760 sqq.
1102 4695 1183 4744 ecl.
1232 4695 1383 4745 Vina.
1524 4697 1558 4745 4
1595 4695 1761 4744 omnis
1795 4695 1842 4745 R
1878 4695 2160 4744 communis
2191 4709 2222 4742 r
2323 4693 2357 4744 9
2395 4697 2594 4744 ruditus
2628 4710 2769 4746 corr.

219 4761 383 4823 rugitus
412 4761 457 4812 13
492 4765 701 4814 ruditus
729 4779 791 4814 ru
928 4775 1221 4830 serpentum
1256 4764 1299 4814 R
1334 4764 1647 4828 serpentium
1681 4780 1740 4814 w
1877 4765 1947 4816 24
1996 4765 2242 4815 scrinium
2277 4781 2336 4815 rw
2372 4766 2618 4831 seriptum
2655 4765 2762 4816 R

220 4826 275 4878 2ss
302 4833 555 4899 analogiae
591 4841 737 4884 recta
772 4833 819 4883 R
855 4833 1095 4900 analogia
1128 4843 1263 4884 recta
1294 4850 1327 4883 r
1368 4835 1609 4901 analogia
1646 4850 1675 4884 ε
1710 4841 1850 4885 recta
1883 4851 1916 4886 υ
