3434 5442
662 343 784 410 488
1792 341 2099 423 [sEnGn]

763 461 806 501 p.
833 450 908 490 513
940 449 991 487 v.
2808 465 2853 505 p.
2883 453 2974 494 484.
3002 452 3055 497 ss
3078 451 3123 494 1..

659 545 1019 609 pronomen,
1078 547 1262 608 quare
1315 527 1589 600 verbum,
1645 541 1829 610 quare
1886 528 2260 601 adverbium,
2326 548 2509 611 quare
2574 533 2977 613 participium,
3046 551 3219 614 quare

662 632 1024 702 coniunctio,
1071 649 1254 711 quare
1297 633 1656 710 praepositio
1699 631 1793 693 vel
1836 651 2019 712 quare
2061 633 2411 694 interiectio.

829 733 1060 795 Nomen
1105 733 1324 795 dictum
1370 735 1538 813 quasi
1582 742 1891 796 notamen:
1936 742 2107 797 notas
2151 736 2309 796 enim
2338 753 2539 797 rerum
2572 743 2750 798 tenet.
2812 754 2945 798 cum
2976 738 3219 799 maiores

662 837 849 898 nostri
892 834 1160 897 viderent
1203 854 1405 898 rerum
1450 843 1721 897 naturam
1768 846 1827 898 et
1858 838 2176 908 nescirent,
2224 855 2399 916 quem
2446 837 2518 900 ad
2562 838 2801 900 modum
2846 837 3215 917 appellarent,

607 953 634 994 s
668 940 1102 1000 constituerunt
1155 937 1268 998 sibi
1311 939 1568 1009 nomina,
1625 938 1839 1018 quibus
1883 939 2113 1000 diversa
2156 937 2549 1019 appellarent,
2594 942 2671 1002 ita
2716 947 2783 1002 ut
2822 942 3080 1020 propriis
3122 961 3217 1002 no·

658 1043 885 1102 minum
938 1038 1238 1103 vocabulis
1291 1040 1554 1103 absentia
1598 1040 2058 1120 praestolarent,
2114 1042 2200 1103 sic
2242 1049 2307 1103 ut
2348 1041 2615 1104 dicerent
2656 1043 2956 1104 hominem
2998 1041 3215 1106 leonem

659 1162 823 1205 avem
890 1149 950 1203 et
1013 1151 1228 1204 cetera.
1298 1139 1308 1224 Ι
1372 1143 1517 1204 item
1580 1141 1949 1214 inanimalia,
2013 1145 2129 1206 hoc
2184 1153 2275 1206 est
2325 1163 2475 1225 quae
2532 1145 2783 1207 animam
2824 1163 2949 1206 non
2992 1144 3213 1215 habent,

659 1264 966 1307 scamnum
1039 1243 1382 1306 cathedram
1458 1243 1705 1316 lectum,
1794 1254 1894 1306 aut
1950 1265 2099 1327 quae
2168 1245 2563 1327 incorporalia
2626 1255 2793 1318 sunt,
2858 1255 2925 1309 ut
2982 1246 3217 1327 dignitas

659 1346 868 1427 gloria.
927 1349 976 1408 si
1021 1349 1177 1407 enim
1224 1364 1346 1408 non
1389 1345 1616 1408 videam
1660 1365 1966 1410 scamnum
2010 1358 2111 1411 aut
2156 1349 2515 1420 cathedram,
2560 1349 2665 1411 sed
2707 1357 2937 1412 tantum
2980 1349 3215 1420 audiam,

585 1463 638 1503 ¹⁰
664 1468 904 1512 necesse
961 1458 1050 1510 est
1103 1457 1169 1510 ut
1223 1451 1347 1510 eius
1401 1449 1491 1509 rei
1549 1449 1753 1511 notitia
1798 1449 1869 1510 ad
1916 1452 2177 1512 animum
2222 1453 2432 1514 veniat.
2520 1469 2663 1530 ergo
2705 1451 2839 1514 ideo
2883 1469 3094 1513 nomen
3134 1453 3213 1512 di-

661 1571 832 1622 xere;
886 1551 1044 1632 quod
1097 1569 1226 1612 rem
1284 1557 1484 1613 notam
1539 1551 1738 1622 saciat,
1800 1552 1954 1632 quod
2000 1571 2177 1613 unam
2224 1572 2517 1635 quamque
2560 1555 2819 1634 speciem
2862 1556 2925 1614 in
2971 1556 3213 1616 notitiam

661 1655 928 1716 deducat.
1016 1655 1132 1714 hoc
1177 1655 1332 1716 enim
1379 1653 1601 1716 faciunt
1645 1655 1913 1724 nomina,
1962 1663 2023 1716 et
2062 1654 2196 1715 ideo
2241 1657 2497 1734 primum
2543 1655 2737 1718 locum
2780 1665 3001 1718 tenent.
3057 1675 3214 1736 quem

661 1758 732 1819 ad
778 1756 1020 1819 modum
1077 1757 1234 1818 enim
1288 1763 1483 1837 potest
1537 1754 1710 1817 nobis
1754 1759 1817 1817 in
1862 1756 2127 1818 notitiam
2176 1759 2374 1817 venire
2418 1757 2665 1838 aliquid,
2713 1760 2825 1820 nisi
2866 1777 2977 1839 per
3018 1777 3215 1820 nomen

662 1879 796 1921 cum
826 1859 1184 1920 innotuerit?
1228 1875 1559 1939 pronomen
1603 1858 1850 1927 dicitur,
1898 1859 2055 1938 quod
2100 1876 2209 1938 pro
2252 1860 2445 1922 officio
2490 1867 2551 1921 et
2593 1859 2723 1922 loco
2767 1861 3027 1922 nominis
3066 1863 3217 1940 poni-

589 1971 638 2014 15
667 1968 782 2023 tur.
855 1962 1091 2042 quando
1136 1961 1268 2021 dico
1316 1958 1627 2039 ‘Virgilius
1670 1962 1907 2039 scripsit
1948 1960 2215 2022 bucolica
2235 1967 2271 2031 ’,
2320 1980 2393 2022 ne
2438 1962 2629 2024 dicam
2672 1963 2886 2024 iterum
2934 1968 2952 1994 ‘
2974 1961 3219 2041 Virgilius

657 2065 900 2143 scripsit
963 2065 1239 2143 georgica
1259 2069 1295 2133 ²,
1362 2062 1676 2140 ‘Virgilius
1740 2064 1977 2143 scripsit
2039 2063 2330 2124 Aeneidos
2350 2070 2386 2136 ',
2446 2072 2510 2126 ut
2564 2065 2721 2125 enim
2774 2065 2889 2126 hoc
2944 2064 3219 2126 fastidium

660 2167 938 2237 vitemus,
995 2167 1266 2228 inventae
1322 2174 1461 2226 sunt
1516 2164 1869 2244 particulae,
1928 2183 2077 2245 quae
2140 2168 2327 2245 ipsam
2385 2167 2797 2246 repetitionem
2860 2164 3221 2227 excluderent

657 2267 1034 2330 succedendo
1091 2270 1152 2329 in
1208 2269 1396 2348 ipsam
1453 2268 1708 2328 nominis
1765 2267 2281 2346 significationem,
2327 2276 2391 2330 ut
2434 2267 2697 2329 dicamus
2742 2266 3053 2347 ‘Virgilius
3090 2269 3221 2329 scri-

660 2375 778 2450 psit
819 2370 1122 2440 bucolica,
1169 2373 1296 2450 ipse
1327 2371 1564 2450 scripsit
1608 2372 1912 2449 georgica,
1956 2371 2071 2430 iste
2114 2372 2351 2450 scripsit
2378 2371 2697 2443 Aeneidos,
2743 2369 2899 2432 idem
2932 2369 3169 2434 culicem
3188 2376 3221 2430 ’.

587 2486 638 2526 2⁰
663 2475 771 2536 iste
841 2475 966 2554 ipse
1029 2474 1188 2535 idem
1243 2471 1526 2552 numquid
1605 2474 1845 2534 nomina
1921 2472 2092 2534 sunt?
2166 2481 2226 2534 et
2284 2481 2479 2534 tamen
2533 2473 2649 2534 hoc
2706 2473 3037 2554 significant
3088 2474 3221 2533 istae

656 2575 1011 2656 particulae,
1082 2575 1237 2656 quod
1305 2583 1363 2636 et
1427 2593 1662 2635 nomen.
1753 2574 1886 2636 ideo
1955 2575 2168 2636 dicitur
2222 2593 2584 2654 pronomen,
2650 2577 2785 2656 quia
2840 2576 3077 2656 ponitur
3126 2593 3224 2655 pro

662 2678 858 2738 officio
915 2678 1186 2739 nominis,
1274 2677 1518 2738 verbum
1576 2676 1791 2738 dicitur
1846 2677 1919 2738 ab
1978 2695 2076 2750 eo,
2134 2677 2295 2758 quod
2350 2695 2550 2739 aerem
2609 2676 2880 2739 verberat
2926 2696 3049 2739 vox.
3134 2677 3223 2736 sed

665 2780 837 2852 dicis,
893 2786 953 2841 et
1005 2788 1070 2841 ut
1125 2779 1273 2841 aliae
1327 2787 1524 2859 partes
1579 2780 2018 2859 exprimantur,
2084 2798 2195 2841 vox
2250 2797 2447 2840 aerem
2502 2777 2799 2852 verberat,
2859 2787 2927 2840 ut
2980 2779 3227 2841 dicamus

665 2883 933 2944 Romam.
1024 2897 1138 2962 qua
1193 2882 1422 2944 ratione
1477 2899 1607 2942 rem
1663 2881 1997 2960 generalem
2044 2883 2306 2944 omnium
2353 2881 2499 2942 haee
2542 2899 2680 2960 pars
2722 2882 2881 2944 velut
2925 2879 3221 2963 specialem

588 2998 638 3040 25
668 2984 779 3046 sibi
826 2985 1046 3046 tenuit?
1091 2986 1238 3046 haec
1284 3002 1457 3046 causa
1504 2990 1619 3054 est,
1665 2983 1822 3063 quod
1856 2985 1980 3064 ipsa
2009 2991 2178 3064 parte
2210 2985 2553 3065 frequenter
2584 2985 2806 3046 utimur
2834 2985 2898 3046 in
2928 2982 3223 3064 loquendo.

663 3089 836 3167 ponis
879 3089 1138 3168 quinque
1185 3086 1360 3149 verba
1407 3093 1466 3147 et
1509 3104 1690 3148 unum
1740 3102 1957 3148 nomen
2002 3093 2103 3148 aut
2144 3104 2507 3167 pronomem
2553 3086 2687 3148 ideo
2732 3085 2947 3148 dicitur
2976 3085 3222 3148 verbum.

662 3191 725 3250 in
785 3197 1012 3252 tantum
1071 3196 1301 3251 constat
1356 3189 1491 3270 quia
1553 3207 1755 3250 verum
1814 3195 1932 3259 est,
1993 3197 2056 3250 ut
2108 3190 2304 3250 omnia
2364 3206 2494 3269 qua·
2558 3187 2855 3269 loquimur
2898 3188 3225 3270 plerumque

665 3292 844 3355 verba
889 3291 1180 3368 dicamus,
1231 3290 1445 3353 ‘verba
1488 3291 1629 3351 facit
1671 3292 1735 3350 in
1780 3293 1942 3353 curia
1957 3293 1999 3351 ⁹.
2063 3290 2311 3352 dicimus
2357 3293 2489 3352 etiai
2514 3327 2531 3351 .
2576 3289 2790 3351 ‘verba
2837 3291 2982 3352 mihi
3030 3291 3223 3352 dedit'.

667 3400 726 3454 et
781 3394 1064 3474 numquid
1123 3393 1319 3454 verbis
1373 3400 1600 3455 tantum
1663 3395 1784 3471 egit
1828 3402 1887 3456 et
1942 3396 1952 3470 Ι
2014 3411 2135 3454 non
2178 3393 2533 3473 interposuit
2574 3392 2717 3454 alias
2761 3393 3001 3472 partes?
3068 3391 3223 3454 verba

589 3508 640 3550 3ο
668 3495 856 3568 dedit,
917 3494 1120 3556 fefellit
1177 3495 1456 3556 me'ntitus
1513 3503 1626 3566 est,
1683 3504 1750 3556 ut
1804 3495 2119 3558 Terentius
2174 3496 2330 3556 ‘cui
2399 3493 2619 3556 verba
2675 3493 2855 3556 dare
2916 3493 3224 3556 difficile

667 3603 844 3659 est':
903 3597 1289 3677 Symmachus
1345 3597 1458 3667 sic,
1518 3597 1781 3658 ‘verba
1840 3598 2013 3659 dare
2069 3598 2353 3674 captivi
2410 3606 2550 3666 est,
2618 3604 3012 3675 argentum
3068 3597 3222 3658 dare

667 3698 1100 3761 satellitis'.
1193 3698 1685 3760 considerandum
1746 3707 1849 3772 est,
1907 3707 2183 3780 quantam
2244 3700 2357 3760 vim
2404 3699 2619 3761 habeat
2660 3702 2772 3760 ista
2818 3699 3128 3778 particula,
3169 3706 3220 3758 et

665 3801 961 3880 intellegis
1017 3801 1502 3862 consuetudinem
1548 3801 1621 3861 de
1657 3819 1734 3862 ·ea
1771 3820 1837 3876 re
1881 3820 2030 3882 quae
2086 3801 2494 3881 frequentatur
2538 3804 2779 3863 nomina
2818 3802 3129 3882 inponere:
3170 3807 3221 3860 ut

551 3903 558 3908 ’
665 3902 763 3964 illa
835 3897 1131 3975 oratione,
1192 3922 1340 3983 quae
1399 3902 1670 3982 specialis
1728 3910 1843 3974 est,
1902 3903 2017 3964 hoc
2072 3901 2349 3981 generale
2404 3921 2622 3966 nomen
2680 3911 2773 3964 est
2824 3903 2899 3964 ab
2946 3923 3043 3974 eo,
3086 3899 3219 3981 quod

591 4019 642 4061 35
670 4007 1014 4087 frequenter
1069 4006 1129 4066 in
1187 4024 1300 4067 usu
1353 4006 1457 4077 sit,
1518 4006 1602 4066 sic
1659 4005 1833 4065 etiam
1894 4022 2001 4065 nos
2052 4004 2300 4066 verbum
2358 4023 2489 4066 esse
2533 4003 2785 4066 dicimus
2826 4013 3070 4085 propter
3110 4020 3219 4064 eam

670 4127 934 4179 causam,
992 4107 1147 4187 quod
1205 4127 1275 4168 eo
1331 4107 1673 4187 frequenter
1729 4107 1967 4168 utimur.
2059 4105 2397 4168 adverbium
2454 4107 2697 4178 dicitur,
2744 4109 2879 4188 quia
2924 4105 3098 4168 verbo
3136 4123 3219 4165 co·

806 4365 840 4416 5
872 4364 1100 4414 fecerunt
1134 4362 1232 4414 sibi
1264 4365 1466 4414 nomina
1505 4373 1560 4414 ut
1595 4363 1819 4414 dicerent
1854 4362 2111 4413 hominem
2142 4363 2323 4414 bouem
2362 4378 2510 4414 ouem
2546 4369 2597 4412 et
2632 4369 2798 4413 cetera
2836 4361 2888 4412 F
3025 4361 3223 4429 propriis

671 4437 929 4486 nominum
961 4434 1222 4485 uocabulis
1258 4433 1300 4483 S
1333 4435 1552 4500 propriis
1579 4435 1788 4484 nomina
1822 4433 2087 4484 uocabulis
2118 4434 2167 4483 L
2199 4434 2425 4498 propriis
2464 4434 2753 4484 nominibus
2792 4433 3059 4483 uocabulis
3086 4447 3121 4496 p

668 4511 701 4558 6
737 4505 1108 4572 praestularent
1141 4505 1185 4555 S
1197 4521 1215 4554 .·
1247 4506 1477 4568 s'ortaase
1507 4512 1947 4571 repraesentarent
2088 4505 2151 4554 15
2188 4504 2395 4569 scripsit
2432 4503 2712 4554 bucolicum
2752 4529 2823 4540 -—
2852 4504 3061 4568 scripsit.
3096 4515 3225 4568 geor·

670 4577 834 4642 gicam
875 4575 1068 4639 LFSp,
1105 4576 1310 4640 itemque
1339 4575 1480 4638 infra
1623 4574 1686 4627 16
1724 4585 1777 4624 ut
1820 4576 1949 4624 enim
1986 4600 2056 4611 —
2092 4575 2311 4624 uitemus
2350 4573 2431 4637 Lp
2466 4581 2521 4622 ut
2556 4589 2680 4640 ergo
2716 4599 2787 4610 —-
2818 4573 3006 4624 uitetur
3030 4574 3113 4624 FS

677 4645 736 4694 17
774 4646 1008 4694 inuentae
1036 4653 1152 4694 sunt
1173 4645 1448 4710 particulae
1479 4659 1609 4709 quae
1631 4653 1684 4694 ut
1713 4645 1821 4695 dixi
1853 4644 2111 4695 fastidium
2142 4643 2461 4708 repetitionis
2488 4642 2642 4694 huius
2668 4643 3001 4694 excluderent
3030 4643 3113 4694 FS

670 4713 737 4764 23
771 4717 1118 4779 exprimantur
1151 4714 1238 4764 FS
1272 4717 1626 4782 exprimuntur
1661 4716 1745 4778 Lp
1918 4715 1985 4764 27
2022 4715 2141 4778 quia
2172 4729 2347 4764 uerum
2388 4721 2467 4764 est
2497 4713 2584 4764 FS
2619 4714 2739 4777 quia
2784 4714 3000 4762 uerbum
3050 4719 3121 4762 est
3154 4711 3223 4772 Lp

805 4785 876 4835 29
903 4785 1060 4834 uerba
1093 4784 1235 4834 dedit
1267 4815 1334 4825 -
1369 4785 1437 4837 32
1469 4785 1702 4836 satellitis
1730 4800 1822 4838 om.
1864 4785 1951 4836 FS
2086 4784 2155 4837 30
2184 4782 2471 4851 Terentius]
2510 4784 2674 4837 Andr.
2708 4785 2728 4832 1
2764 4782 2816 4842 3,
2854 4783 2891 4833 6
3018 4781 3078 4834 31
3110 4795 3223 4846 sym·

671 4867 843 4904 inacus
879 4855 952 4902 sic
989 4855 1034 4902 L
1064 4855 1390 4917 symmachus
1417 4854 1460 4902 si
1495 4871 1531 4918 p
1641 4854 1706 4904 32
1730 4855 1971 4906 satellites
1997 4855 2079 4919 Lp
2178 4851 2245 4906 34
2276 4855 2505 4918 sortasse
2541 4854 2617 4902 illi
2654 4855 2893 4916 orationi,
2926 4853 2976 4906 Ιι.
3003 4869 3047 4906 e.
3068 4849 3224 4902 nomini
