3434 5442
1126 356 1354 420 COMM.
1402 359 1478 420 ΙΝ
1524 357 1881 421 DONATVM
2669 357 2796 428 439

2356 479 2398 518 p.
2425 467 2539 509 1851.
2568 469 2619 508 52
2645 468 2692 510 ι».

214 549 551 610 invenimus
578 547 731 626 apud
762 552 969 626 poetas
1010 547 1247 606 nomina
1294 563 1403 624 pro
1434 544 1726 607 adverbiis
1769 548 2114 616 constituta,
2161 555 2224 608 ut
2267 549 2589 608 ‘torvum
2635 546 2790 608 cla·-

216 654 393 710 mat'
439 667 549 729 pro
594 668 665 709 eo
710 646 867 728 quod
910 654 1000 710 est
1042 655 1236 717 torve,
1284 646 1686 710 ‘horrendum
1725 651 1995 710 resonat’
2043 665 2152 726 pro
2197 665 2268 708 eo
2312 647 2470 728 quod
2516 660 2608 709 est
2650 649 2790 710 hor-

215 751 422 812 rende.
512 769 627 832 qua
670 751 857 830 figura
900 756 1167 812 oratores
1208 750 1452 812 omnino
1496 751 1584 810 uti
1626 768 1748 812 non
1795 749 2030 811 debent.
2121 767 2307 829 genus
2351 751 2509 812 enim
2555 758 2648 811 est
2689 769 2784 810 so-

212 853 509 924 loecismi,
568 852 719 914 sicut
770 852 898 930 ipse
942 851 1203 913 Donatus
1255 850 1431 930 paulo
1484 861 1621 931 post
1661 851 1736 913 de
1779 850 2110 914 soloecismi
2153 853 2381 914 ratione
2425 853 2792 916 monstravit.

211 957 369 1017 scire
426 962 625 1016 autem
686 953 968 1015 debemus
1022 952 1179 1034 quod
1236 952 1465 1014 dativus
1505 952 1819 1032 singularis
1871 973 1910 1014 o
1952 955 2300 1016 terminatus
2343 954 2684 1016 adverbium
2728 955 2790 1015 in
2815 973 2842 1013 s

212 1076 247 1118 e
290 1057 500 1127 mittit,
546 1063 611 1120 ut
653 1054 790 1118 huic
836 1055 1009 1116 docto
1054 1053 1254 1125 docte,
1299 1057 1321 1115 i
1363 1056 1713 1116 terminatus
1751 1055 1816 1115 in
1860 1063 1978 1128 ter,
2025 1065 2096 1118 ut
2134 1055 2273 1117 huic
2317 1055 2482 1136 agili,
2529 1055 2790 1136 agiliter;

210 1178 363 1240 quas
400 1158 643 1240 quidem
686 1153 921 1236 regulas
964 1173 1143 1236 saepe
1186 1158 1515 1238 corrumpit
1557 1159 1892 1220 auctoritas,
1981 1176 2115 1220 nam
2161 1158 2490 1220 invenimus
2532 1156 2790 1237 plerum·

208 1278 329 1341 que
374 1260 436 1321 id
482 1277 613 1324 esse
656 1257 1029 1329 adverbium,
1074 1259 1177 1338 qui
1216 1257 1445 1320 dativus
1488 1265 1580 1321 est
1622 1277 1822 1330 casuS,
1867 1266 1936 1320 ut
1977 1259 2142 1321 falso.
2232 1261 2379 1322 haec
2423 1267 2621 1320 autem
2665 1277 2789 1320 am-

208 1362 471 1440 biguitas
512 1360 845 1422 elocutione
888 1360 1265 1422 discernitur.
1323 1361 1559 1441 quando
1590 1361 1748 1422 enim
1794 1359 1924 1422 dico
1973 1359 2152 1424 ‘salso
2182 1360 2408 1422 homini
2437 1360 2573 1424 dedi
2589 1367 2629 1432 ³,
2675 1363 2792 1424 erit

208 1482 473 1533 nomem
520 1462 755 1543 quando
800 1463 933 1523 dico
978 1460 1159 1524 ‘salso
1204 1460 1465 1542 loqueris
1482 1468 1519 1533 ',
1568 1463 1682 1524 erit
1725 1461 2086 1526 adverbium.
2148 1465 2288 1524 item
2335 1461 2684 1544 plerumque
2724 1465 2786 1524 in
2816 1481 2865 1522 ιο

209 1567 577 1628 contrarium
619 1564 853 1626 cedunt.
941 1581 1082 1626 nam
1123 1565 1435 1628 Terentius
1476 1565 1559 1626 ait
1611 1564 1932 1636 duriter,
1991 1583 2126 1626 cum
2171 1563 2320 1626 dure
2363 1564 2562 1628 dicere
2605 1564 2787 1626 debu·

208 1670 355 1738 erit,
414 1675 475 1729 et
520 1665 793 1745 Virgilius
836 1665 1184 1745 lugubre,
1244 1683 1378 1728 cum
1440 1664 1769 1745 lugubriter
1825 1677 1986 1728 recte
2027 1666 2310 1728 dicamus,
2399 1685 2470 1728 ea
2511 1664 2788 1728 adverbia

208 1768 592 1849 conparanda
647 1776 812 1838 sunt,
870 1786 1021 1847 quae
1076 1766 1301 1829 ducunt
1351 1769 1641 1847 originem
1685 1787 1717 1830 a
1764 1770 2004 1830 nomine
2047 1769 2372 1846 recipiente
2416 1769 2786 1848 conparatio-

208 1889 351 1932 nem
373 1919 391 1942 ,
452 1877 516 1932 ut
571 1879 662 1932 est
714 1870 941 1932 doctus.
1029 1869 1163 1930 ideo
1218 1869 1374 1930 enim
1434 1868 1684 1932 dicimus
1741 1869 1912 1930 docte
1955 1870 2184 1932 doctius
2227 1869 2594 1940 doctissime,
2640 1889 2788 1950 quo·

210 1974 373 2034 niam
421 1971 622 2032 dicere
665 1989 975 2050 possumus
1020 1970 1228 2032 doctus
1273 1970 1501 2032 doctior
1544 1970 1934 2033 doctissimus..
1995 1971 2070 2033 ab
2115 1990 2185 2033 eo
2229 1973 2385 2052 quod
2431 1979 2520 2033 est
2561 1970 2789 2034 Tullius
2816 1989 2865 2032 15

206 2093 348 2137 cum
404 2073 471 2134 fit
524 2072 900 2144 adverbium,
957 2091 1078 2133 non
1134 2073 1346 2151 recipit
1400 2075 1910 2154 conparationem,
1958 2076 2092 2154 quia
2138 2091 2250 2134 nec
2293 2092 2512 2135 nomen
2555 2075 2788 2154 recipit.

204 2183 351 2239 sunt
392 2173 503 2238 alia
549 2173 853 2246 adverbia,
916 2193 1067 2255 quae
1121 2192 1229 2253 per
1283 2193 1347 2236 se
1390 2193 1511 2236 non
1556 2182 1986 2254 conparantur,
2045 2185 2220 2256 egent
2261 2183 2455 2238 autem
2503 2193 2787 2255 conpara-

206 2281 404 2350 tione,
464 2285 529 2338 ut
580 2285 673 2340 est
724 2293 933 2340 mane:
1008 2295 1183 2340 nemo
1228 2277 1387 2338 enim
1430 2275 1575 2340 dicit
1617 2278 1874 2348 manius,
1922 2295 2096 2338 nemo
2139 2279 2494 2340 manissime.
2584 2295 2788 2339 verum

204 2391 411 2442 tamen
472 2380 653 2449 hanc,
708 2397 885 2460 quam
942 2397 1051 2459 per
1104 2377 1483 2440 inflexionem
1537 2395 1657 2440 non
1712 2377 2026 2452 habemuS,
2086 2397 2398 2460 possumus
2439 2379 2638 2441 facere
2681 2397 2790 2458 per

206 2483 603 2544 adiectionem
646 2479 881 2542 illarum
926 2480 1373 2558 particularum,
1432 2487 1497 2542 ut
1538 2482 1728 2558 magis
1773 2488 1832 2542 et
1873 2482 2154 2552 maxime,
2197 2477 2225 2566 ΙΙ
2264 2488 2328 2544 ut
2369 2488 2510 2562 puta
2561 2483 2641 2544 sit
2681 2499 2787 2561 po·
2815 2501 2866 2543 ω

202 2587 415 2648 sitivus
460 2601 665 2654 mane,
712 2583 1125 2664 conparativus
1168 2584 1354 2661 magis
1396 2599 1603 2654 mane,
1648 2581 2038 2662 superlativus
2082 2583 2337 2646 maxime
2381 2601 2575 2644 mane.

383 2687 591 2748 Omnis
631 2702 771 2765 pars
816 2685 1101 2746 orationis
1144 2702 1279 2746 cum
1324 2684 1568 2747 desierit
1610 2703 1740 2746 esse
1785 2685 1940 2766 quod
1987 2693 2104 2757 est,
2152 2685 2299 2748 nihil
2341 2685 2500 2748 aliud
2545 2694 2636 2748 est
2675 2686 2792 2750 nisi

203 2786 573 2851 adverbium.
660 2787 887 2848 idcirco
942 2788 993 2846 si
1046 2803 1265 2848 nomen
1320 2786 1563 2848 desierit
1606 2804 1736 2848 esse
1779 2805 2028 2859 nomen,
2089 2805 2206 2850 non
2261 2788 2403 2849 facit
2457 2805 2788 2868 pronomen

204 2899 306 2952 aut
352 2889 762 2970 participium,
809 2888 914 2950 sed
958 2887 1149 2950 solum
1194 2888 1571 2959 adverbium,
1630 2895 1696 2953 ut
1739 2898 1828 2950 est
1871 2887 2094 2951 sedulo.
2185 2906 2320 2950 nam
2367 2892 2417 2951 si
2461 2889 2619 2952 dicas
2663 2895 2787 2950 ‘se—

204 2991 349 3054 dulo
394 2991 621 3054 homini
664 2989 803 3052 dedi
820 2993 860 3062 ’,
908 3007 1127 3054 nomen
1172 2997 1292 3060 est;
1339 2991 1389 3052 si
1432 2989 1593 3088 Q
1632 2989 2884 3088 {59de

206 3111 541 3186 pronomen
584 3090 1709 3178 alimanfflQQum
1757 3093 1914 3152 enim
1960 3090 2092 3153 dico
2138 3093 2274 3172 ‘qui
2317 3102 2408 3154 est
2423 3098 2462 3163 ²,
2505 3093 2619 3154 erit
2647 3109 2785 3172 pro-

209 3213 473 3272 nomeng
490 3193 1383 3283 ,nuijfflcrit
1426 3191 1788 3256 adverbium.
1863 3195 2004 3255 item
2049 3191 2292 3256 verbum
2336 3193 2686 3274 plerumque
2731 3202 2792 3256 et

206 3296 553 3360 adverbium
588 3281 707 3357 est.
795 3295 1029 3376 quando
1074 3295 1234 3356 enim
1278 3294 1411 3356 dico
1453 3312 1610 3375 pone
1652 3293 2120 3396 prima—fflaba
2139 3305 2471 3383 maccentum
2514 3295 2788 3367 habente,

206 3401 323 3462 erit
366 3399 643 3467 verbum3
690 3396 925 3478 quando
970 3368 1516 3490 υῆὶἧιῖἑκᾞῶᾒ
1534 3394 1669 3458 ‘do‘
1675 3395 2014 3468 accentum,
2062 3399 2174 3458 erit
2218 3397 2578 3484 adverbium.
2647 3399 2786 3460 item

207 3511 267 3562 et
323 3480 1652 3660 paraciRQ
1720 3516 1854 3560 cum
1911 3499 2067 3560 enim
2122 3498 2256 3561 >dico
2302 3506 2431 3560 ‘me
2475 3499 2548 3562 ad
2592 3497 2785 3560 villam
2813 3523 2863 3564 30

207 3601 479 3681 prolecto
508 3579 879 3678 ⁷contingit',
935 3601 1311 3680 participium
1366 3608 1456 3661 est
1510 3617 1617 3679 pro
1645 3603 1804 3670 ᾶδῑος
1875 3619 2007 3662 cum
2075 3601 2206 3663 dico
2271 3599 2574 3682 ‘profecto
2633 3600 2785 3662 male

206 3703 472 3784 loqueris
489 3708 527 3773 ',
582 3702 924 3764 adverbium
980 3709 1071 3763 est
1125 3702 1411 3783 profecto.
1500 3705 1641 3782 item
1698 3711 1836 3765 ante
1933 3703 2248 3780 raepositio
2385 3719 2422 3764 n
2466 3720 2606 3764 num
2653 3721 2786 3789 uam

208 3815 267 3868 et
320 3803 663 3880 adverbium
720 3811 827 3866 est.
916 3805 1273 3884 praepositio
1328 3804 1387 3866 in
1447 3804 1557 3866 hac
1618 3803 1950 3866 elocutione
2007 3805 2150 3875 erit,
2208 3810 2378 3866 ‘ante
2435 3803 2716 3885 templum
2735 3810 2784 3876 '3

208 3887 411 3970 casum
474 3896 865 3968 enTn‘sffiBEi
914 3907 1207 3968 iunctum:
1284 3907 1335 3966 si
1376 3914 1571 3968 autem
1629 3905 1792 3966 dicas
1837 3910 2010 3968 ‘ante
2053 3907 2220 3976 seci',
2269 3909 2382 3967 erit
2423 3906 2785 3978 adverbium,

208 4009 489 4090 quoniam
544 4009 810 4088 sequitur
862 4006 1126 4070 verbum.
1218 4014 1281 4070 ut
1334 4008 1669 4068 coniunctio
1714 4015 1840 4077 est,
1887 4007 1990 4068 sed
2036 4008 2386 4089 plerumque
2429 4015 2488 4070 et
2529 4025 2640 4088 pro
2685 4007 2785 4069 ad·
2809 4031 2862 4072 35

385 4297 412 4349 1
443 4295 663 4364 torvum]
706 4299 865 4362 Vera.
898 4297 1027 4352 Aen.
1058 4297 1151 4346 Vll
1174 4293 1277 4350 399
1438 4295 1470 4345 7
1508 4292 1684 4362 saepe]
1728 4309 1929 4360 semper
1955 4296 2040 4353 P3
2207 4293 2274 4346 10
2301 4294 2442 4362 item]
2483 4296 2555 4345 ita
2582 4296 2633 4344 P

214 4370 272 4421 ll
308 4368 497 4418 cedunt
523 4379 559 4424 3
588 4367 827 4417 incedunt
858 4367 905 4416 P
1042 4361 1329 4430 Terentius]
1364 4364 1582 4428 Adelph.
1623 4365 1645 4414 l
1688 4366 1736 4426 1,
1774 4365 1842 4416 20
1873 4367 1980 4414 ruri
2015 4380 2168 4432 agere
2204 4366 2376 4427 vitam,
2405 4380 2610 4431 semper
2637 4381 2786 4432 parce

208 4455 269 4489 eo
304 4439 499 4488 duriter
542 4453 600 4490 se
642 4437 829 4488 hebere
874 4437 1069 4490 Charis.
1096 4451 1155 4500 p.
1191 4434 1290 4486 178
1460 4436 1523 4486 12
1566 4433 1840 4502 Virgilius]
1878 4436 2008 4486 Aen.
2046 4435 2096 4486 X
2127 4435 2229 4486 273
2266 4437 2536 4502 sanguinei
2572 4435 2787 4502 lugubre

210 4510 395 4558 rubent
533 4523 646 4558 cum
674 4507 907 4573 lugubris
935 4515 1052 4558 exte
1087 4507 1314 4556 dicamus
1348 4506 1398 4558 P
1428 4520 1543 4554 cum
1579 4505 1812 4570 lugubris
1847 4513 2058 4556 extensa
2088 4505 2319 4556 dicemus
2357 4519 2391 4562 3
2557 4505 2621 4557 13
2657 4506 2784 4556 reci·

210 4579 398 4645 pientis
429 4578 479 4627 P
511 4577 774 4645 recipienti
804 4590 838 4633 3
1010 4577 1075 4628 17
1112 4590 1241 4640 quae
1270 4589 1473 4640 semper
1499 4589 1593 4640 per
1624 4589 1681 4625 se
1716 4584 2088 4641 comparentur.
2163 4585 2280 4626 sunt
2313 4584 2481 4626 autem
2521 4590 2650 4638 quae
2687 4590 2786 4626 non

208 4657 365 4715 egent
420 4648 795 4712 comparatione
852 4660 887 4702 ς
1061 4645 1131 4696 26
1176 4644 1301 4708 quid
1350 4653 1427 4696 est
1479 4657 1515 4702 3
1722 4645 1790 4697 27
1845 4646 1932 4710 qui
1989 4646 2091 4696 scis
2129 4647 2396 4710 Pompeius
2441 4661 2497 4710 p.
2536 4645 2640 4698 348
2701 4645 2787 4709 qui

211 4721 309 4768 scit
337 4721 388 4770 P
510 4717 579 4768 29
613 4718 709 4767 erit
738 4715 1035 4768 aduerbium
1058 4713 1157 4766 hoc
1180 4722 1257 4766 est
1290 4715 1680 4766 discretionibus
1716 4729 1900 4766 causa:
1941 4731 2060 4766 nam
2095 4716 2270 4766 ultimo
2300 4714 2408 4765 loco
2437 4717 2579 4766 uerbi
2608 4724 2786 4768 acutus

210 4797 451 4839 accentus
486 4801 745 4850 nunquam
778 4787 999 4853 ponitur.
1072 4786 1190 4836 item
1228 4785 1546 4851 participium
1592 4798 1625 4842 3
1760 4817 1768 4824 ·
1800 4785 1862 4836 31
1911 4786 2122 4852 contigit
2161 4800 2196 4842 ς
2363 4784 2592 4851 profecto
2635 4785 2786 4836 mallo

216 4857 415 4922 quaeris
441 4859 492 4907 P
521 4860 753 4923 profecto
792 4857 1036 4920 quaeritis
1064 4869 1099 4913 ς
1238 4853 1305 4907 35
1344 4856 1408 4904 Vt
1442 4855 1732 4906 coniunctio
1771 4856 2049 4907 Putscht'us.
2088 4855 2148 4905 Et
2174 4856 2459 4906 coniunctio
2497 4855 2579 4913 P3
