3434 5442
37 1858 74 1988 ..ι

639 326 863 374 xxxlv
1452 289 1458 296 ’
1718 311 2143 374 PRAEFATIO

632 503 1029 577 qrammatici
1075 503 1153 560 de
1205 503 1461 561 nomine.
1535 501 1751 559 Partes
1807 501 2097 560 orationis
2137 507 2277 560 sunt
2320 506 2455 559 octo
2506 532 2576 542 --
2623 493 2673 558 f.
2716 501 2799 564 23
2855 505 2964 559 aut
3004 505 3224 558 metum

635 611 706 664 ut
747 611 906 664 attat
949 611 1006 663 et
1047 605 1222 677 siqua
1264 609 1405 663 sunt
1446 603 1688 662 similia.
1738 603 1907 676 expl.
1955 617 2063 660 ars
2103 603 2294 677 aspri.
2370 601 2487 660 DE
2530 599 2741 661 UOCE
2782 601 2919 661 Uosc
2966 608 3055 660 est
3110 616 3227 660 aer

637 709 789 766 ictus
832 709 999 782 (367,
1045 701 1113 786 4)
1169 739 1238 747 —
1287 699 1333 764 f.
1379 701 1500 769 24*
1543 705 1795 779 semipes
1836 705 2186 764 nominatur
2230 699 2403 782 (369,
2452 703 2584 783 15).
2628 699 3013 784 interposito
3051 719 3227 763 com-

635 804 950 868 mentario
1004 799 1286 889 quodam
1343 801 1424 866 de
1478 799 1743 881 litteris,
1801 807 1877 864 de
1929 807 2145 866 litteris
2197 807 2407 866 latinis
2462 805 2710 880 quidam
2752 807 2993 880 sapiens
3034 807 3224 865 inter-

629 916 908 986 pretatus
949 914 1064 982 est,
1114 911 1168 968 Α
1213 910 1445 968 uocalis
1471 913 1560 967 est
1587 913 1735 983 etc„
1782 912 2142 989 sequuntur
2172 901 2459 988 reliquae
2490 912 2707 988 partes
2738 901 2984 967 Donati
3014 901 3061 966 f.
3095 903 3219 972 26*

635 1010 752 1070 DE
790 1009 1158 1071 PEDIBUS
1196 1011 1311 1069 Pes
1354 1016 1441 1070 est
1486 1005 1807 1092 (369‚·16)
1856 1041 1931 1054 —
1980 1017 2280 1070 commata
2325 1003 2499 1089 (372,
2538 1004 2671 1089 24).
2744 1009 2863 1068 DE
2900 1009 3219 1069 BARBA-

631 1111 917 1172 RISMO.
967 1113 1403 1173 Barbarismus
1447 1119 1532 1172 est
1577 1106 1750 1190 (392,
1781 1106 1849 1191 4)
1900 1143 1972 1154 -
2020 1107 2070 1170 f.
2118 1106 2237 1175 30*
2280 1113 2451 1171 uexit
2494 1113 2581 1171 ad
2619 1110 2813 1172 arbes.
2862 1116 3225 1192 sequuntur

631 1213 764 1275 alia
804 1211 1121 1296 conplura
1163 1211 1244 1274 de
1286 1210 1487 1274 variis
1535 1209 1693 1273 artis
1739 1209 2201 1294 grammaticae
2242 1208 2559 1294 partibus·

801 1312 1028 1378 Codex
1094 1312 1430 1376 Parisinus
1498 1320 1664 1382 7490
1730 1310 1967 1374 memb.
2037 1320 2077 1380 4
2132 1331 2301 1374 saec.
2369 1309 2437 1373 X
2505 1311 2552 1374 f.
2612 1320 2689 1378 15
2758 1316 2972 1390 incipit
3034 1317 3223 1376 editio

625 1423 830 1496 prima
874 1419 950 1479 de
982 1420 1266 1495 partibus
1311 1420 1603 1478 orationis
1646 1420 1859 1478 donati
1895 1419 2287 1492 qrammatici
2325 1417 2489 1476 urbis
2532 1431 2755 1477 romae.
2816 1417 3036 1478 Partes
3080 1434 3219 1477 ora-

630 1525 813 1583 tionis
854 1528 998 1597 quot·
1040 1527 1180 1581 sunt
1230 1555 1299 1562 —
1348 1515 1397 1579 f.
1442 1523 1526 1584 24
1566 1527 1625 1580 et
1665 1523 1843 1596 siqua
1884 1525 2025 1580 sunt
2065 1520 2307 1578 similia.
2354 1521 2567 1594 incipit
2610 1521 2793 1579 editio
2835 1521 3105 1580 secunda
3145 1522 3223 1580 de

618 1625 906 1700 partibus
955 1610 1272 1705 [orationis
1316 1622 1527 1682 donati
1563 1623 1959 1697 qrammatici
1999 1622 2164 1681 urbis
2192 1637 2404 1680 romae
2431 1616 2581 1681 add.
2614 1616 2698 1680 al.
2728 1615 2955 1701 man.].
3003 1623 3223 1682 Partes

629 1727 925 1787 orationis
982 1731 1120 1786 sunt
1175 1731 1309 1785 octo
1361 1757 1432 1766 —-
1479 1719 1528 1783 f.
1575 1729 1651 1789 41
1701 1725 2055 1784 inuenimus.
2112 1725 2331 1798 incipit
2386 1724 2462 1782 de
2514 1740 2681 1783 uoce.
2776 1724 2911 1783 (lox
2964 1731 3054 1784 est
3108 1740 3222 1783 aer

627 1833 782 1890 ictus
830 1857 900 1870 —-
950 1831 1270 1887 commata.
1361 1825 1452 1884 De
1494 1826 1895 1886 barbarismo.
1986 1825 2419 1886 Barbarismus
2460 1833 2549 1884 est
2579 1859 2647 1868 —
2676 1819 2726 1883 f.
2754 1830 2826 1889 51
2878 1827 2965 1884 ad
3016 1827 3215 1885 urbes.

626 1933 883 2008 explicit
925 1930 1202 1990 donatus.

798 2027 1024 2093 Codex
1069 2025 1510 2112 Sangallensis
1555 2034 1677 2098 855
1722 2023 1958 2090 memb.
2020 2034 2059 2094 4
2116 2046 2288 2090 saec.
2333 2023 2403 2089 X
2446 2047 2512 2111 Ρ.
2562 2035 2595 2094 1
2658 2031 2956 2104 incipiunt
2998 2037 3220 2106 partes

626 2139 906 2197 minores.
953 2135 1170 2194 Partes
1211 2135 1508 2194 orationis
1549 2139 1693 2208 quot
1734 2139 1873 2193 sunt
1923 2165 1992 2174 ——
2041 2149 2106 2212 Ρ.
2141 2135 2221 2198 18
2264 2137 2323 2191 et
2362 2133 2537 2206 siqua
2578 2138 2718 2192 sunt
2758 2133 2999 2192 similia.
3034 2149 3099 2212 p.
3134 2137 3218 2194 50

623 2240 834 2313 incipit
861 2238 1047 2296 editio
1088 2237 1354 2296 secunda
1398 2237 1475 2294 de
1507 2235 1794 2312 partibus
1824 2239 1979 2295 octo.
2027 2235 2246 2294 Partes
2276 2235 2571 2294 orationis
2598 2241 2739 2294 sunt
2768 2240 2903 2295 octo
2926 2267 3013 2279 —-
3034 2251 3101 2314 Ρ.
3130 2238 3214 2298 69

625 2341 970 2400 inconditas
1011 2339 1362 2398 inuenimus.
1411 2355 1474 2418 p.
1522 2341 1604 2402 72
1648 2338 1740 2396 De
1782 2353 1950 2398 uoce.
2027 2337 2165 2397 on
2206 2343 2295 2396 est
2338 2352 2449 2395 aer
2491 2338 2642 2396 ictus
2692 2369 2763 2379 —-
2809 2354 2874 2418 Ρ.
2922 2339 3000 2400 31
3048 2338 3224 2396 uexit

630 2444 718 2502 ad
757 2442 954 2500 urbes.

797 2536 1023 2602 Codex
1067 2536 1509 2622 sangallensis
1556 2545 1678 2608 877
1722 2535 1959 2600 memb.
2008 2546 2047 2605 4
2091 2557 2259 2600 saec.
2305 2534 2375 2599 X
2427 2559 2491 2622 p.
2540 2544 2664 2605 204
2720 2541 3023 2615 incipiunt
3068 2538 3219 2612 seli-

624 2648 776 2707 citer
807 2647 1055 2720 primae
1083 2650 1304 2720 partes
1347 2645 1571 2704 artium
1616 2645 1829 2703 donati
1863 2645 2260 2717 ,arammatici
2297 2643 2463 2702 urbis
2504 2659 2731 2702 romae.
2821 2643 3039 2702 Partes
3077 2658 3220 2701 ora-

624 2750 806 2809 tionis
847 2753 989 2822 quot
1031 2753 1172 2806 sunt
1217 2779 1294 2790 -
1340 2764 1405 2826 Ρ.
1437 2749 1562 2812 225
1591 2747 1761 2806 ultra
1794 2751 2053 2820 praeter
2088 2752 2347 2821 propter
2402 2739 2410 2822 Ι
2460 2740 2633 2823 (365,
2668 2739 2775 2826 15)
2808 2761 2871 2825 p.
2904 2747 3029 2808 226
3058 2745 3219 2803 Par-

626 2857 713 2910 tes
777 2850 1073 2909 orationis
1135 2854 1276 2909 sunt
1341 2848 1504 2908 VIII
1554 2880 1623 2890 —
1669 2864 1737 2929 p.
1793 2850 1918 2912 262
1982 2848 2325 2906 inconditas
2386 2848 2742 2906 invenimus.
2832 2846 2921 2904 De
2984 2847 3215 2906 littera.

629 2953 866 3012 Littera
927 2957 1014 3010 est
1065 2967 1226 3026 pars
1287 2951 1533 3010 minima
1597 2982 1667 2991 —
1715 2966 1782 3030 p.
1828 2952 1951 3016 287
2007 2951 2180 3010 uexit
2232 2949 2319 3008 ad
2369 2948 2562 3008 urbes.
2617 2950 2754 3020 linit
2806 2950 2960 3008 artis
3005 2950 3227 3009 donati

623 3054 1017 3128 qrammatici
1054 3055 1222 3114 urbis
1263 3069 1472 3113 romae

797 3151 1026 3216 Codex
1090 3151 1532 3236 Sangallensis
1594 3155 1717 3220 876
1784 3150 2022 3215 memb.
2089 3156 2129 3216 4
2184 3169 2353 3214 saec.
2399 3145 2505 3213 IX
2557 3170 2623 3233 p.
2678 3155 2801 3219 285
2856 3154 2921 3212 in
2976 3155 3221 3213 nomine

627 3260 861 3320 domini
899 3260 1096 3317 nostri
1133 3260 1252 3333 xpi
1289 3259 1594 3333 incipiunt
1650 3263 1783 3316 octo
1817 3261 2036 3332 partes
2079 3239 2163 3316 or
2214 3237 2363 3316 doni
2398 3237 2644 3329 aramei
2679 3271 2909 3314 romae.
2999 3255 3223 3316 Partes

629 3362 924 3421 orationis
966 3366 1108 3435 quot
1150 3367 1292 3420 sunt
1341 3393 1411 3402 —
1457 3377 1524 3438 p.
1574 3360 1695 3423 302
1741 3365 1801 3417 et
1840 3361 2018 3433 siqua
2060 3363 2201 3417 sunt
2241 3358 2464 3416 similia
2500 3359 2661 3429 finit.
2708 3359 2925 3432 incipit
2946 3357 3218 3417 declina-

627 3465 712 3523 tio
743 3465 955 3538 prima
999 3463 1216 3522 donati
1253 3461 1643 3535 qrammatici
1679 3461 1849 3520 urbis
1890 3475 2115 3518 romae.
2206 3459 2451 3518 Iustitia
2506 3474 2719 3518 nomen
2776 3459 3223 3534 appellatiuum

625 3567 750 3624 etc.
797 3569 1157 3644 sequuntur
1200 3559 1500 3643 exempla
1545 3557 2047 3622 declinationum
2108 3565 2173 3620 et
2225 3557 2774 3640 coniugationum.
2830 3579 2896 3642 p.
2942 3564 3062 3626 341
3123 3563 3218 3620 in-

624 3666 861 3741 cipiunt
915 3667 1177 3726 maiores
1220 3669 1438 3740 partes
1492 3664 1707 3722 donati
1764 3663 2171 3737 qrammatici.
2268 3663 2407 3723 on
2464 3670 2554 3722 est
2608 3680 2719 3722 aer
2770 3697 2838 3706 —
2887 3671 3215 3723 commata.

626 3767 718 3826 De
779 3767 1179 3827 barbarismo.
1267 3765 1701 3826 Barbarismus
1756 3772 1843 3826 est
1906 3799 1991 3809 ——
2053 3783 2119 3846 p.
2179 3767 2301 3830 363
2360 3767 2529 3825 uexit
2584 3767 2673 3826 ad
2724 3767 2903 3826 urbes
2972 3783 3037 3847 Ρ.
3086 3769 3219 3830 364

626 3870 717 3928 De
747 3870 1036 3944 partibus
1079 3869 1391 3929 orationis.
1479 3869 1704 3928 Partes.
1752 3870 2045 3929 orationis
2099 3876 2237 3928 sunt
2291 3873 2425 3928 octo
2467 3899 2549 3910 --
2592 3886 2655 3949 p.
2703 3871 2824 3934 397
2868 3868 3221 3928 inconditas

625 3972 982 4032 invenimus.
1027 3973 1282 4048 explicit
1323 3987 1430 4030 ars
1469 3971 1670 4031 maior
1713 3972 1941 4031 donati.
2192 4053 2197 4056 Ι

797 4067 1024 4134 Codex
1066 4067 1360 4134 Venetus
1402 4067 1777 4134 Marcianus
1836 4067 2026 4133 class.
2085 4067 2283 4133 XIII.
2342 4076 2423 4138 66
2477 4067 2714 4133 memb.
2760 4077 2801 4136 4
2856 4089 3024 4132 saec.
3069 4066 3219 4133 XII

622 4176 838 4251 incipit
901 4177 1084 4236 editio
1137 4178 1348 4252 prima
1416 4176 1634 4236 donati
1681 4177 2073 4250 qrammatici
2124 4175 2291 4235 urbis
2344 4191 2571 4235 romae.
2648 4176 2865 4235 Partes
2916 4177 3217 4234 orationis

624 4285 768 4352 quot
809 4285 952 4339 sunt
995 4311 1078 4322 -
1121 4286 1180 4336 et
1221 4279 1397 4353 siqua
1439 4283 1578 4337 sunt
1618 4279 1861 4338 similia.
1935 4277 2026 4337 De
2080 4293 2244 4338 uoce.
2305 4277 2441 4338 Vox
2482 4283 2571 4337 est
2612 4293 2723 4336 aer
2764 4311 2850 4320 —
2890 4283 3214 4337 commata.

623 4380 715 4438 De
775 4381 1152 4440 barbarismo
1194 4413 1278 4422 —-
1321 4381 1492 4439 uexit
1552 4380 1641 4439 ad
1699 4379 1896 4440 urbes.
1963 4381 2181 4455 incipit
2244 4379 2431 4439 editio
2492 4379 2761 4440 secunda
2817 4380 2895 4439 de
2922 4379 3219 4455 partibus

623 4483 916 4542 orationis
981 4484 1198 4544 donati
1252 4484 1660 4558 qrammatici.
1750 4483 1965 4542 Partes
2020 4483 2315 4542 orationis
2366 4487 2508 4541 sunt
2562 4488 2698 4543 octo
2748 4513 2815 4523 -
2866 4482 3217 4543 inconditas

622 4586 974 4644 inuenimus.

793 4681 994 4747 Aliud
1038 4682 1350 4748 librorum
1394 4705 1600 4768 genus
1646 4692 1746 4747 est
1789 4703 2011 4746 eorum
2055 4683 2167 4768 qui
2197 4683 2437 4747 omissa
2464 4683 2711 4748 minore
2754 4690 2893 4747 arte
2937 4682 3019 4747 de
3064 4691 3213 4748 oeto

624 4785 923 4869 partibus
967 4785 1275 4850 orationis
1318 4786 1603 4872 reliquas
1647 4793 1867 4871 partes
1911 4785 2200 4868 integras
2252 4784 2584 4851 exhibent.
2644 4807 2729 4849 ex
2784 4807 2913 4872 quo
2970 4807 3213 4870 genere
