3434 5442
622 319 749 382 350
1590 320 1687 382 DE
1730 319 2248 384 PSEVDOPROBI

620 528 742 568 esse
784 520 841 568 et
870 506 1221 568 emendata*
1306 512 1386 568 lta
1426 519 1607 570 autem
1652 519 1966 586 comparata
2009 520 2096 570 est
2138 514 2272 572 baec
2307 516 2654 588 siqnisicatio
2697 517 3038 573 litterarum
3079 521 3218 576 anti-

620 615 868 670 quarum
914 597 1133 653 Valerii
1168 597 1349 654 Probi
1388 603 1443 654 el
1478 598 1564 670 fr.
1598 597 1900 673 Michaelis
1941 599 2285 667 Ferrarini,
2329 608 2396 656 ut
2437 601 2663 675 incipiat
2703 602 2981 676 praefatio
3031 602 3218 659 Valerii

620 683 811 745 Probi,
865 690 1129 756 sequatur
1170 682 1470 739 laterculus
1511 701 1541 738 a
1572 684 1886 740 Mat-canova
1925 684 2286 741 concinnatus
2327 685 2702 759 alphabeticus
2742 696 2942 744 auctus
2973 705 3004 742 a
3039 689 3220 744 Ferra-

620 769 769 830 riuo,
816 767 1159 824 subiciantur
1202 767 1287 823 his
1329 767 1513 824 ‘aliae
1555 770 1995 825 abbreviatur-ae
2035 786 2115 825 ex
2159 769 2390 827 Valerio
2429 771 2620 827 Probo
2657 779 2948 843 exceptae
2965 773 3006 834 ’,
3049 773 3103 828 id
3141 783 3220 828 est

620 852 831 909 Probus
882 851 1153 926 genuinus
1204 861 1373 926 prout
1399 853 1605 926 legitur
1654 854 1797 928 apud
1829 855 2232 916 Marcanovam,
2286 855 2380 911 sed
2411 858 2588 928 capite
2631 856 2861 913 mutilus
2892 857 3166 930 incipiens
3191 876 3218 913 a

620 936 799 992 verbis
850 943 905 994 et
955 939 1046 994 his
1094 939 1334 1000 similia,
1372 937 1625 996 claudant
1672 939 1877 995 librum
1927 940 2308 996 adnotationes
2358 939 2712 998 brevissimae
2759 941 2832 998 de
2879 941 3216 1016 ponderibus

619 1030 675 1078 et
704 1022 771 1078 de
800 1024 1041 1078 numeris
1080 1029 1138 1077 et
1166 1022 1269 1079 alia
1300 1023 1561 1097 quaedam
1580 1065 1593 1086 .
1636 1040 1778 1098 quae
1819 1027 1876 1080 in
1902 1025 2069 1082 huius
2099 1025 2318 1097 generis
2347 1027 2754 1083 commentariis
2795 1027 3020 1083 variant
3047 1045 3218 1101 neque

618 1107 780 1180 digna
812 1115 971 1170 sunt,
1025 1107 1227 1182 quibus
1272 1109 1639 1165 immoremur.
1694 1139 1768 1150 —
1823 1110 2094 1166 Ferrarini
2138 1127 2301 1184 quem
2343 1110 2506 1167 modo
2553 1111 2950 1186 descripsimus
3003 1111 3216 1170 libellus

618 1200 959 1266 quantopere
990 1192 1109 1247 eius
1139 1192 1333 1250 aetatis
1376 1193 1689 1251 hominibus
1732 1194 2028 1268 placuerit.
2075 1195 2376 1252 ostendunt
2417 1211 2542 1252 cum
2583 1195 2708 1252 libri
2747 1196 2974 1272 aliquot
3013 1197 3214 1253 calamo

618 1277 879 1351 descripti
909 1294 971 1333 ex
1003 1277 1241 1334 editione
1267 1278 1520 1352 principe
1558 1287 1615 1335 et
1643 1280 1912 1353 repetitae
1953 1279 2072 1336 eius
2103 1281 2372 1336 editiones
2399 1281 2729 1355 complures.
2815 1282 2976 1338 [llius
3005 1283 3215 1355 generis

614 1362 783 1418 codex
812 1369 899 1418 est
928 1379 1089 1436 quem
1120 1362 1366 1419 exhibuit
1396 1364 1525 1420 mibi
1557 1364 1784 1420 'l'urrius
1812 1365 2008 1422 doctus
2039 1367 2120 1420 vir
2147 1365 2462 1439 Regiensis:
2493 1365 2624 1422 item
2647 1366 2996 1423 Monacensis
3027 1383 3083 1421 n.
3105 1371 3212 1428 388,

616 1449 671 1502 in
702 1463 861 1520 quem
886 1451 1001 1522 ipsa
1026 1447 1359 1522 subscriptio
1384 1449 1734 1522 impresseris
1755 1467 1804 1505 a.
1819 1453 1952 1504 1486
1976 1450 2207 1512 transiit.
2241 1451 2550 1525 tertiusque
2569 1450 3018 1508 vindobonensis
3049 1468 3103 1506 n.
3119 1455 3213 1506 325

618 1550 669 1605 p.
698 1537 797 1584 227
822 1532 991 1596 Endl„
1024 1535 1119 1606 qui
1150 1534 1357 1607 recepit
1387 1532 1673 1608 epistolam
1702 1535 2088 1598 dedicatoriam
2118 1535 2346 1592 editioni
2375 1535 2750 1610 praemissam.
2809 1536 3084 1604 Quartum
3113 1537 3212 1592 vidi

618 1617 817 1674 Romae
865 1618 920 1673 in
953 1617 1335 1675 Barberiniana
1362 1617 1433 1675 cl.
1464 1619 1575 1675 Vlll
1604 1637 1661 1674 n.
1692 1623 1728 1674 5
1757 1620 2017 1676 editionis
2047 1639 2096 1677 a.
2129 1623 2264 1674 1486
2301 1622 2376 1676 ita
2407 1620 2730 1693 gemellum.
2771 1629 2838 1677 ut
2875 1638 3065 1678 annus
3095 1620 3214 1676 sub·

616 1703 856 1776 scriptus
890 1705 1021 1757 1418
1049 1719 1159 1760 non
1190 1705 1367 1776 possit
1398 1704 1581 1760 venire
1608 1704 1715 1760 nisi
1745 1713 1841 1762 aut
1869 1723 1935 1761 ex
1963 1721 2152 1762 errore
2189 1713 2288 1761 aut
2315 1722 2380 1761 ex
2409 1700 2710 1763 fraudc.**
2767 1707 3020 1780 Denique
3051 1707 3210 1763 codex

617 1804 775 1861 quem
808 1787 1037 1862 inspexii
1068 1788 1378 1844 Florentiae
1408 1789 1461 1845 in
1494 1789 1838 1846 Riccardiana
1867 1808 1922 1846 n.
1954 1793 2056 1845 766
2086 1790 2122 1845 l'.
2155 1793 2444 1846 430—449
2493 1793 2624 1848 item
2663 1791 2816 1847 visus
2847 1799 2938 1848 est
2981 1792 3212 1864 pendere

618 1887 681 1928 ex
711 1872 981 1928 Ferrarini
1020 1873 1163 1930 libro
1204 1873 1373 1930 edito.
1408 1903 1481 1916 ——
1528 1875 1695 1949 Typis
1738 1877 1990 1949 repetivit
2031 1875 2262 1931 eundem
2303 1876 2534 1932 loannes
2559 1876 2878 1932 Bonnardus
2921 1876 3212 1950 presbyter

615 1957 974 2020 Veronensis,
1027 1960 1185 2015 cuius
1228 1959 1395 2015 editio
1439 1959 1701 2033 inscripta
1756 1961 1776 1991 ‘
1797 1960 2013 2017 Valerii
2039 1961 2217 2016 Probi
2237 1963 2608 2033 grammatici
2653 1963 2724 2016 de
2753 1963 3212 2032 interpretandis

616 2043 1010 2100 Romanorum
1040 2045 1244 2099 litteris
1274 2046 1610 2116 opusculum
1637 2045 1891 2116 feliciter
1919 2047 2154 2115 incipit’
2191 2045 2452 2120 impressa
2483 2053 2570 2102 est
2600 2045 2620 2076 ‘
2639 2045 2888 2103 Venetiis
2910 2061 3033 2118 per
3047 2046 3213 2102 Ioan-

611 2144 737 2184 nem
769 2130 838 2183 de
875 2129 1107 2185 Tridino
1138 2130 1287 2184 alias
1322 2130 1637 2186 Tacuinum
1679 2147 1834 2186 anno
1877 2132 2091 2186 domini
2123 2129 2506 2188 m-GGOC-IC·
2525 2131 2728 2186 VIIII·
2775 2126 2904 2206 (sic;
2951 2131 3212 2205 intellege

610 2231 657 2270 a.
692 2210 843 2288 1499)
896 2215 986 2269 die
1026 2213 1153 2269 XX
1176 2214 1396 2284 Aprilis
1446 2223 1726 2287 reynante
1765 2216 2148 2272 illustrissimo
2197 2222 2254 2272 et
2295 2218 2772 2272 excellentissimo
2821 2218 2916 2273 do.
2949 2217 3212 2288 Anyusto

610 2297 733 2369 (sic)
765 2297 1138 2355 Barbadico'
1170 2298 1310 2370 (loll.
1343 2303 1427 2354 20.
1462 2296 1539 2370 4⁰)
1572 2308 1631 2358 et
1660 2301 1896 2374 repetita
1925 2309 2010 2357 est
2039 2299 2152 2368 bis,
2184 2301 2418 2375 primum
2450 2302 2690 2357 Venetiis
2717 2318 2820 2376 per
2847 2302 3088 2358 eundem
3119 2302 3214 2357 Ta·

609 2383 830 2440 cuinuui
882 2381 1070 2440 ‘anuo
1112 2385 1327 2440 domini
1362 2383 1595 2442 M·D·II
1636 2387 1728 2442 die
1768 2392 1978 2458 quarto
2021 2387 2335 2443 Februarii
2383 2394 2665 2460 regnante
2717 2388 3114 2444 illustrissimo
3161 2394 3212 2442 et

785 2581 815 2615 *
855 2585 1121 2648 lnscriptio
1160 2583 1319 2634 libelli
1358 2586 1409 2633 in
1442 2585 1667 2635 editione
1704 2584 1831 2634 haec
1879 2593 1982 2634 est:
2029 2583 2319 2636 D·O·M·S-
2385 2585 2698 2651 Siynificatio
2747 2589 3038 2638 litterarum
3083 2589 3212 2648 anti-

610 2669 819 2719 quarum
865 2656 1068 2704 Valerii
1098 2655 1259 2704 Probi
1286 2663 1335 2703 et
1364 2656 1442 2718 fr.
1480 2655 1751 2706 Michaelis
1787 2656 2058 2705 Ferrarini
2095 2657 2301 2720 Regien.
2343 2657 2642 2706 Gar-inclitae
2675 2657 2823 2708 divae
2857 2657 3080 2708 Mariae
3095 2676 3118 2716 ,·
3157 2659 3204 2706 iu

610 2724 811 2774 codice:
868 2723 1087 2774 o-M-S·
1124 2725 1436 2775 Litterarum
1484 2741 1547 2774 ae
1581 2734 1750 2777 notar.
1792 2728 2048 2789 antiquar.
2096 2727 2298 2778 Valerii
2330 2725 2495 2778 Probi
2521 2729 2835 2791 ,aromatici
2876 2735 2930 2778 et
2963 2727 3209 2777 Milouem

610 2794 838 2843 Fabricii
870 2795 1141 2845 Ferrarini
1182 2795 1446 2858 Reyiensis
1484 2795 1788 2845 Cannelitae
1835 2795 1980 2846 divae
2019 2796 2228 2846 Mariae
2266 2789 2583 2862 siynificatio.
2657 2795 2913 2846 Praefatio
2962 2796 3098 2846 baec
3139 2809 3214 2846 est

612 2864 891 2912 editionis:
968 2863 1203 2914 Nobiliss.
1258 2866 1383 2914 viris
1423 2863 1687 2916 Albertino
1724 2866 1957 2930 Corriyio
1990 2874 2042 2916 et
2087 2865 2300 2915 Tliomae
2332 2867 2546 2931 Piqnoto
2595 2869 2833 2928 patriciis
2880 2865 3214 2932 Reqiensibus

604 2934 682 2996 fr.
732 2933 958 2984 Michael
994 2935 1305 2983 Ferrarium
1352 2933 1541 3000 Regien
1597 2942 1651 2984 et
1702 2935 1973 2985 Gar-melita
2019 2936 2303 2986 observant.
2365 2938 2513 2986 divae
2563 2933 2772 2986 Mariae
2807 2953 2851 2988 s.
2891 2953 2948 3000 p.
2985 2937 3040 2985 d.
3117 2937 3212 2986 His

608 3007 857 3067 proximis
892 3006 1039 3054 annis
1068 3005 1255 3068 optumi
1282 3007 1593 3070 grammatici
1616 3007 1822 3056 Valerii
1838 3005 2000 3056 Probi
2032 3006 2098 3056 (le
2118 3007 2252 3056 notis
2281 3007 2503 3072 antiquis
2531 3007 2731 3057 libellus
2765 3007 2841 3054 ad
2865 3021 3052 3055 manus
3079 3021 3214 3055 meas

606 3077 839 3136 pervenit
876 3077 954 3124 vel
974 3076 1307 3134 diuturnitate
1338 3082 1607 3138 temporum
1632 3078 1900 3126 intercisus
1929 3076 2009 3126 vel
2049 3077 2370 3127 librariorum
2403 3077 2604 3126 inscitia
2627 3076 2888 3130 adinodum
2922 3076 3208 3126 mendosus.

613 3145 709 3205 Qui
741 3161 847 3194 cum
880 3145 1093 3195 maxime
1125 3147 1444 3196 necessarius
1480 3154 1615 3196 esset
1651 3145 1725 3195 ad
1758 3161 1821 3196 ea
1849 3146 2178 3210 intelliyenda
2193 3183 2206 3208 ,
2245 3161 2376 3210 quae
2409 3145 2538 3196 binis
2569 3147 2788 3197 ternisve
2821 3155 2910 3197 aut
2943 3147 3208 3208 ampliori-

614 3215 704 3264 bus
728 3216 909 3266 litteris
944 3217 1180 3266 vetzcstati
1211 3223 1359 3265 erant
1399 3217 1793 3278 circum-cripta,
1833 3229 2040 3280 operam
2074 3215 2196 3266 dedi
2228 3215 2404 3266 labore
2441 3223 2492 3266 et
2523 3216 2780 3267 industria
2803 3231 2914 3266 ntea
2927 3255 2942 3279 ,
2973 3223 3212 3281 quodam

611 3287 847 3349 consequi
872 3286 1019 3348 potui
1051 3285 1376 3347 depravatum
1406 3293 1695 3350 corruptum
1733 3285 2041 3349 [corruptum
2079 3301 2180 3336 om.
2215 3286 2328 3336 cod.
2364 3283 2514 3352 Reg.]
2551 3301 2648 3351 que
2681 3285 2951 3336 emendare
2969 3321 2986 3348 ,
3037 3293 3096 3335 ut
3131 3287 3214 3350 qui

604 3361 819 3418 propter·
862 3356 1107 3416 plurimas
1140 3356 1348 3405 mendas
1382 3357 1479 3406 iam
1515 3356 1676 3409 Probi
1710 3371 1824 3406 esse
1857 3357 2108 3416 desierat,
2141 3359 2342 3408 auctori
2383 3357 2486 3406 sive
2531 3357 2725 3407 domim
2763 3359 2816 3406 in
2847 3359 3096 3420 inteyrum
3129 3371 3212 3405 re-

606 3426 916 3476 stitueretur.
981 3424 1154 3474 Multa
1184 3427 1327 3475 etiam
1356 3429 1467 3490 ipse
1500 3427 1669 3478 adieci
1698 3427 1810 3477 siue
1845 3426 2022 3492 quibas
2053 3427 2208 3490 plane
2241 3441 2340 3476 non
2360 3428 2614 3489 potuisset
2645 3427 2887 3490 intelli9i‚·
2921 3427 3067 3490 quod
3097 3427 3212 3476 ideo

608 3510 707 3544 non
734 3495 843 3544 sine
878 3497 1079 3544 ratione
1126 3495 1309 3544 ‘aetiam
1342 3513 1375 3546 a
1412 3511 1485 3546 me
1520 3513 1635 3548 esse
1674 3503 1798 3559 puto
1811 3533 1826 3558 ,
1878 3499 1996 3561 quia
2027 3505 2145 3560 post
2187 3499 2393 3548 Valerii
2431 3505 2634 3547 mortem
2668 3497 2761 3546 alii
2801 3500 3062 3560 insequuti
3097 3503 3214 3544 sunt

609 3565 861 3614 Caesares
898 3561 984 3627 [ac
1011 3566 1244 3615 consules
1281 3565 1457 3615 inserit
1479 3567 1591 3616 cod.
1616 3563 1792 3631 Reg.]‚
1833 3571 1920 3631 qui
1947 3568 2080 3618 alias
2113 3575 2265 3618 notas
2289 3569 2626 3626 instituerunt,
2667 3573 2722 3615 ut
2753 3569 2802 3616 in
2829 3567 2941 3616 dies
2971 3581 3036 3615 se
3071 3565 3214 3615 nobis

608 3633 889 3692 ostendunt,
929 3641 979 3682 et
1014 3649 1084 3682 ea:
1120 3634 1465 3684 lucubratione
1496 3651 1624 3700 mea,
1660 3651 1808 3701 quam
1830 3637 2180 3701 Antiquarium
2216 3639 2474 3701 appellari
2499 3639 2710 3701 placuit,
2749 3639 2984 3700 cognosci
3015 3644 3068 3685 et
3085 3653 3207 3700 per-

608 3704 737 3766 spici
766 3706 973 3766 poterit.
1056 3703 1216 3753 Vobis
1250 3712 1415 3754 aulem
1448 3707 1619 3756 amicis
1652 3705 1792 3766 meis,
1830 3722 1954 3770 quos
1990 3708 2261 3770 precipuos
2293 3707 2484 3766 babeo,
2519 3707 2616 3757 hoc
2649 3709 2936 3769 opusculum
2969 3707 3212 3756 dedicavi

608 3781 662 3823 et
687 3774 871 3824 nomini
900 3779 1066 3822 vestro
1102 3778 1411 3834 consecravi,
1448 3783 1503 3824 ut
1529 3783 1766 3842 tanquam
1801 3791 2039 3828 censores
2069 3783 2120 3826 et
2153 3777 2422 3827 emendetis
2457 3785 2508 3826 et
2535 3779 2826 3841 eom-iaaac,
2861 3791 2926 3826 ne
2955 3779 3214 3837 municeps

606 3851 778 3894 vester
808 3842 1035 3892 Michael
1068 3843 1379 3894 Ferrarinus
1408 3845 1672 3910 Reyiensis
1706 3847 1973 3910 religiosus
2011 3847 2281 3898 Carmelita
2317 3848 2462 3897 divae
2490 3847 2700 3897 Mariae
2729 3846 2938 3908 frustra
2973 3847 3027 3895 in
3065 3861 3208 3896 scru-

608 3913 779 3962 tandis
829 3912 1015 3963 talibus
1052 3912 1204 3963 rebus
1238 3915 1530 3966 elaborasse
1562 3916 1814 3971 videatur.
1887 3917 2049 3967 Avete
2089 3924 2137 3966 et
2171 3920 2352 3970 valete.
2429 3917 2482 3965 In
2521 3915 2700 3965 codice
2732 3916 2974 3981 Regiensi
3023 3916 3206 3966 eadem

606 3981 858 4049 praefatio
896 3989 991 4046 est,
1028 3982 1126 4033 nisi
1154 3985 1291 4046 quod
1327 3985 1589 4049 inscriptio
1628 3987 1771 4036 deest
1807 3993 1856 4035 et
1893 3995 2010 4050 post
2042 3987 2198 4036 verba
2230 3989 2458 4050 perspici
2481 3988 2675 4049 poterit
2709 3987 2780 4035 itu
2803 3986 3066 4051 pergitur:
3099 3984 3213 4035 Tibi

607 4061 771 4104 autem
796 4053 1052 4116 (sequitur
1078 4054 1127 4102 in
1150 4055 1325 4104 codice
1350 4054 1448 4104 hoc
1466 4054 1619 4120 plane
1644 4065 1699 4104 ut
1727 4056 1776 4104 in
1802 4057 2084 4120 Antiquarii
2112 4055 2429 4119 praefatione
2453 4057 2677 4122 spatium
2701 4069 2916 4104 vacuum
2941 4054 3208 4104 Maecena-

607 4123 673 4172 tis
702 4123 895 4173 nomini
922 4125 1217 4187 recipiendo
1246 4125 1555 4175 destinatum
1594 4123 1758 4188 nerine
1785 4125 2068 4191 expletum)
2104 4125 2250 4176 liuius
2271 4129 2514 4190 opusculi,
2549 4125 2686 4192 quod
2717 4132 2836 4174 ante
2866 4139 3065 4186 paucos
3101 4125 3211 4174 dies

608 4193 903 4259 quibusdam
942 4195 1114 4244 amieis
1162 4197 1281 4245 meis
1323 4197 1560 4258 patriciis
1594 4195 1926 4260 Regiemibus
1973 4212 2036 4245 ac
2081 4201 2432 4248 conterraneis
2475 4197 2540 4246 D.
2578 4196 2844 4246 Albertino
2877 4195 3116 4260 corr-3950
3159 4202 3210 4244 et

612 4263 826 4315 Tkomae
865 4265 1062 4329 Pynoto
1108 4266 1282 4315 virtuti
1328 4281 1494 4316 eoncm
1540 4281 1952 4316 consecraverant
1995 4270 2189 4329 copiam
2225 4267 2366 4330 facio
2379 4305 2394 4326 ,
2449 4275 2502 4318 ut
2546 4281 2674 4329 opus
2720 4265 3076 4329 Antiquior-ima
3119 4265 3209 4314 tibi

606 4336 822 4385 dicatum
858 4335 1091 4384 donatum
1124 4343 1175 4386 et
1194 4345 1537 4386 consecratum
1564 4337 1773 4399 facilius
1806 4337 2083 4400 intelligere
2107 4341 2296 4398 possis,
2333 4345 2382 4387 et
2405 4353 2468 4387 ne
2497 4337 2751 4399 (sequitur
2777 4350 2958 4385 rursus
2979 4334 3204 4398 spatium

609 4401 855 4466 vacuum)
902 4407 1129 4454 servulus
1175 4404 1403 4455 Micltoel
1444 4405 1713 4456 Fabricius
1761 4406 2074 4456 Ferrarinus
2117 4407 2384 4470 Regiensis
2438 4408 2702 4470 reliqiosus
2741 4406 3010 4456 Car-melita
3059 4405 3206 4454 divae

612 4475 822 4525 Mariae
850 4475 1055 4537 frustra
1088 4477 1139 4526 in
1174 4475 1465 4527 sentiendis
1498 4475 1681 4526 talibus
1718 4475 1872 4526 rebus
1911 4476 2206 4528 elaborasse
2250 4477 2498 4527 videatur.
2570 4475 2684 4526 Ave
2718 4482 2766 4525 et
2801 4475 2916 4525 vale
2951 4491 3014 4523 ac
3052 4478 3202 4524 virtu-

610 4553 709 4595 tum
742 4545 1015 4595 cultoribus
1047 4560 1229 4595 memor
1262 4553 1313 4597 et
1346 4545 1572 4610 (reliqua
1604 4559 1724 4612 pars
1761 4547 1986 4612 paginae
2022 4559 2182 4596 vacua
2221 4545 2342 4610 est).
2384 4571 2449 4582 —
2489 4547 2548 4595 In
2583 4545 2806 4595 editione
2839 4553 2960 4610 post
2995 4544 3202 4594 dedica-

606 4615 799 4664 tionem
838 4611 963 4664 haec
990 4615 1250 4678 leguntur:
1308 4623 1517 4667 aeterno
1550 4619 1869 4681 immortaliq.
1907 4631 2140 4666 mavwno
2175 4617 2270 4668 deo
2305 4619 2509 4682 qratiae
2541 4616 2771 4681 ayendae
2805 4623 2922 4665 sunt
2973 4621 3024 4664 et
3059 4617 3206 4677 operi

605 4684 813 4750 flendae
847 4685 1108 4734 vetustatis
1142 4687 1431 4752 illwninato‚
1468 4701 1599 4748 quae
1635 4701 1667 4735 a
1702 4686 1882 4736 codice
1917 4688 2122 4736 absunt.

714 4750 776 4785 **
816 4752 1047 4802 Redeunt
1078 4755 1148 4804 ibi
1188 4763 1335 4804 notae
1372 4756 1437 4804 de
1468 4757 1651 4818 quibus
1678 4771 1835 4820 supra
1861 4758 2088 4806 diximus
2115 4755 2374 4820 R·REG·‚
2406 4752 2871 4805 R·FERRA121N-
2905 4755 3204 4817 acceditque

609 4823 759 4871 tertia
793 4821 952 4871 haec:
989 4823 1647 4875 C·REGIEN·P·R·FID·
1680 4829 1860 4878 civitas
1896 4827 2212 4893 Reyieneium
2238 4826 2432 4890 populo
2465 4825 2694 4876 Romano
2717 4825 2986 4888 fidissima.
