3434 5442
984 368 1129 429 ARS
1174 366 1664 429 GRAMMATICA
1707 366 1761 426 II
1808 372 2077 434 14—-16
2698 372 2822 435 389

329 490 373 530 p.
399 477 450 520 2³
479 477 522 516 L.
1607 508 1612 516 .
2372 487 2417 528 p.
2450 475 2562 517 1763.
2590 477 2641 517 64
2671 473 2715 516 r.

227 555 358 637 [VI]
393 556 777 616 disiunctivae
824 553 1052 634 [sunt],
1101 560 1201 614 aut
1241 571 1311 613 ve
1356 551 1447 612 vel
1492 571 1567 613 ne
1611 570 1725 612 nec
1770 569 1990 631 neque3
2042 550 2179 640 [Xl]
2230 553 2553 632 expletivae
2602 554 2819 635 [sunt],

224 657 494 736 quidem,
543 655 846 736 equidem,
894 655 1119 724 saltim,
1165 636 1464 723 videlicet,
1511 671 1901 733 quamquam,
1948 655 2242 732 quamvi8‚
2290 674 2554 735 quoque,
2602 663 2817 725 autem,

221 755 434 838 porro,
482 775 666 838 porro
710 765 934 823 autem,
983 764 1210 825 tamem
1260 745 1540 834 [triginta‘
1574 753 1879 834 quattuor]
1929 753 2221 826 causaleS,
2268 757 2343 826 si,
2392 757 2531 826 etsi,
2581 755 2817 838 [etiam]

225 861 476 929 etiamsi,
526 857 626 940 [ac
669 858 736 928 si,
782 865 980 918 tamen
1025 856 1104 937 si]
1151 857 1202 917 si
1245 855 1502 935 quidem,
1549 855 1819 935 quando,
1864 855 2100 935 quando
2146 857 2411 936 quidem,
2458 858 2631 936 quin,
2678 859 2823 938 quin

231 962 424 1029 etiam,
473 965 780 1040 quatenuS,
827 960 936 1027 sin,
969 975 1102 1028 seu,
1149 958 1298 1026 sive,
1350 954 1558 1037 [neve]
1606 975 1771 1026 nam,
1818 975 2107 1036 namque,
2154 959 2251 1029 ni,
2298 959 2441 1027 nisi,
2488 959 2600 1018 nisi
2644 960 2723 1028 si,
2770 961 2871 1020 sis

222 1063 409 1131 enim,
481 1061 730 1129 etenim,
788 1077 905 1128 ne,
961 1057 1096 1127 sed,
1167 1059 1423 1129 interea,
1485 1056 1650 1126 licet,
1710 1057 2129 1138 quamobrem,
2203 1059 2591 1138 praesertim,
2658 1061 2817 1130 item,

218 1165 507 1241 itemque,
555 1167 848 1228 ceterum,
895 1158 1174 1239 alioquin,
1225 1166 1550 1238 praeterea.
1616 1157 2015 1240 [quindecim]
2063 1158 2397 1231 rationaleS,
2444 1160 2554 1230 ita,
2602 1161 2816 1240 itaque,

219 1265 412 1332 enim,
473 1263 800 1330 enimvero,
862 1261 1024 1338 quia,
1085 1267 1475 1340 quapropter,
1535 1262 1846 1340 quoniam,
1905 1261 2185 1341 quoniam
2249 1261 2518 1341 quidem,
2580 1262 2816 1340 quippe,

219 1381 396 1442 ergo,
467 1361 632 1432 ideo,
701 1363 907 1440 igitur,
977 1359 1232 1431 scilicet,
1298 1368 1646 1441 propterea,
1709 1362 1956 1423 idcirco.
2045 1363 2269 1441 figurae
2335 1363 2817 1424 coniunctionum

219 1464 368 1525 duae
413 1469 580 1534 sunt,
628 1462 908 1542 simplex,
957 1470 1022 1522 ut
1063 1480 1232 1534 nam,
1282 1465 1614 1544 conposita,
1671 1471 1739 1524 ut
1781 1481 2054 1543 namque.
2142 1462 2291 1524 ordo
2335 1465 2818 1526 coniunctionum
2846 1480 2897 1522 ιο

216 1569 280 1626 in
323 1565 440 1625 hoc
485 1571 600 1634 est,
649 1564 784 1644 quia
829 1571 932 1624 aut
971 1566 1400 1644 praepositivae
1449 1572 1589 1626 sunt
1633 1565 2113 1636 coniunctiones,
2160 1572 2225 1625 ut
2268 1571 2328 1625 at
2370 1572 2493 1634 ast,
2540 1570 2639 1626 aut
2682 1564 2820 1626 sub-

217 1667 542 1737 iunctis-ae,
585 1673 654 1726 ut
697 1683 812 1744 que
855 1671 1082 1735 autem,
1131 1673 1232 1727 aut
1277 1684 1655 1736 communes,
1701 1676 1769 1726 ut
1808 1675 1873 1726 ‘et
1913 1667 2113 1744 igitur.

387 1767 540 1827 Sunt
569 1767 744 1827 etiam
776 1766 1092 1838 dictioneS,
1139 1786 1286 1847 quas
1327 1770 1622 1830 incertum
1669 1774 1760 1828 est
1800 1774 2000 1829 utrum
2032 1767 2481 1829 coniunctiones
2526 1785 2601 1828 an
2646 1785 2818 1848 prae-

217 1869 542 1948 positiones
595 1885 672 1928 an
729 1866 1004 1929 adverbia
1049 1870 1424 1931 nominemus
1486 1870 1582 1951 [ut
1625 1887 1757 1930 cum
1807 1876 1867 1929 et
1908 1876 1991 1930 ut.
2080 1869 2258 1938 haec,
2306 1869 2419 1930 nisi
2462 1871 2815 1930 sententiam

218 1969 818 2042 consideraverimus,
863 1971 1092 2032 incerta
1123 1970 1320 2051 sunt],
1367 1991 1517 2052 quae
1563 1979 1761 2032 tamen
1808 1987 2015 2032 omnes
2058 1987 2235 2030 sensu
2282 1968 2451 2031 facile
2495 1970 2811 2032 dinoscun-
2841 1991 2891 2034 15

219 2079 330 2132 tur.
424 2089 561 2131 nam
619 2079 678 2132 et
731 2073 1182 2133 coniunctiones
1241 2091 1351 2153 pro
1409 2073 1539 2134 aliis
1592 2071 2107 2134 coniunctionibus
2160 2072 2387 2152 positae
2429 2072 2811 2134 inveniuntur

214 2177 506 2252 potestate
551 2178 791 2234 mutata.

1131 2341 1230 2402 DE
1273 2341 1892 2404 PRAEPOSITIONE.

383 2475 752 2554 Praepositio
808 2481 900 2536 est
941 2493 1082 2555 pars
1125 2477 1426 2556 orationis,
1473 2495 1622 2556 quae
1665 2477 2003 2558 praeposita
2046 2476 2174 2538 aliis
2218 2476 2487 2558 partibus
2531 2461 2815 2539 orationis

215 2577 704 2656 significationem
749 2595 954 2638 earum
999 2585 1101 2640 aut
1143 2585 1332 2639 mutat
1373 2585 1474 2638 aut
1516 2577 1754 2658 conplet
1797 2585 1896 2640 aut
1939 2579 2169 2641 minuit.
2215 2607 2219 2614 ·
2262 2598 2398 2641 nam
2444 2586 2548 2642 aut
2588 2580 2813 2640 nomini
2838 2601 2889 2642 20
2966 2597 2983 2608 “

213 2678 628 2758 praeponitur,
689 2686 754 2739 ut
806 2677 1134 2748 invalidus;
1192 2686 1293 2740 aut
1345 2681 1685 2759 pronomini
1742 2681 2155 2760 praeponitur,
2214 2688 2280 2743 ut
2330 2699 2477 2761 prae
2530 2701 2659 2751 me,
2720 2680 2813 2742 vel

213 2779 596 2859 subponitur,
655 2785 722 2839 ut
775 2797 1008 2841 mecum
1041 2787 1262 2841 tecum
1307 2779 1616 2842 nobiscum
1661 2781 1997 2851 vobiscum;
2056 2789 2157 2844 aut
2196 2781 2445 2843 verbum
2489 2782 2811 2863 praecedit,

213 2887 278 2941 ut
320 2879 596 2960 perfero,
642 2887 743 2942 aut
785 2881 1162 2953 adverbium,
1207 2889 1274 2942 ut
1318 2901 1628 2963 expresse,
1675 2889 1777 2945 aut
1818 2883 2229 2961 participium,
2262 2878 2291 2964 ΙΙ
2320 2889 2383 2942 ut
2424 2881 2809 2960 praecedens,

215 2990 314 3043 aut
353 2982 864 3053 commotionem,
911 2991 978 3044 ut
1021 2982 1272 3064 absque,
1321 2991 1421 3044 aut
1458 3002 1521 3045 se
1562 2985 1783 3064 ipsam,
1828 2991 1893 3044 ut
1938 2984 2341 3045 circumcirca.
2420 2984 2811 3064 praepositio-

217 3101 320 3142 nes
376 3089 478 3143 aut
532 3081 767 3145 casibus
821 3086 1086 3145 serviunt
1139 3091 1240 3146 aut
1295 3084 1568 3165 loquellis
1611 3092 1712 3146 aut
1756 3093 1815 3145 et
1859 3083 2093 3145 casibus
2138 3091 2198 3145 et
2238 3083 2529 3164 loquellis
2620 3103 2809 3166 aeque
2834 3109 2885 3150 25

215 3191 314 3245 aut
357 3184 798 3263 coniunguntur
843 3193 943 3247 aut
985 3193 1336 3266 separantur
1381 3194 1480 3247 aut
1525 3193 1584 3246 et
1627 3188 2071 3263 coniunguntur
2117 3195 2177 3246 et
2220 3193 2589 3266 separantur.
2667 3205 2809 3246 con-

213 3287 568 3363 iunguntur,
615 3293 682 3345 ut
724 3284 784 3345 di
829 3286 920 3346 dis
961 3305 1029 3348 re
1073 3306 1137 3349 se
1181 3305 1277 3348 am
1324 3305 1466 3356 con;
1513 3287 1765 3348 dicimus
1810 3288 1966 3347 enim
2014 3285 2228 3349 diduco
2274 3286 2540 3349 distraho
2584 3289 2810 3366 recipio

213 3385 434 3447 secubo
489 3384 814 3464 amplector
870 3387 1256 3466 congredior:
1313 3394 1692 3468 separantur,
1750 3396 1818 3451 ut
1872 3388 2028 3468 apud
2089 3406 2305 3469 penes:
2368 3390 2811 3468 coniunguntur

214 3493 270 3547 et
311 3492 667 3566 separantur
711 3498 948 3550 ceterae
993 3507 1218 3552 omnes
1307 3507 1380 3550 ex
1435 3489 1650 3570 quibus
1705 3491 1769 3550 in
1831 3498 1891 3552 et
1934 3508 2065 3551 con·
2089 3491 2587 3570 praepositiones,
2634 3491 2685 3550 si
2727 3490 2810 3550 ita

213 3587 554 3667 conpositae
595 3585 848 3660 fuerint,
897 3599 963 3650 ut
1007 3608 1104 3650 eas
1149 3591 1344 3651 statim
1389 3609 1418 3650 s
1461 3590 1553 3651 vel
1597 3591 1625 3651 f
1660 3590 1895 3653 litterae
1939 3598 2409 3672 consequantur,
2454 3590 2806 3671 plerumque
2831 3616 2885 3658 so

211 3687 652 3767 producuntur,
700 3697 765 3750 ut
807 3690 1000 3752 insula
1043 3689 1228 3752 infula
1275 3689 1584 3753 consilium
1632 3693 1947 3754 confessio.

349 3873 376 3923 1
417 3873 484 3924 Ul
521 3873 638 3940 (1111
671 3874 726 3936 a)
760 3875 1104 3928 disiunctiuae
1139 3885 1257 3927 sunt
1293 3877 1362 3927 S:
1397 3879 1470 3926 VI
1506 3884 1556 3928 et
1591 3885 1709 3927 sunt
1744 3893 1835 3928 om.
1868 3877 1967 3927 LP
2105 3895 2197 3929 nec
2218 3895 2383 3943 neque
2420 3880 2463 3930 S
2488 3897 2582 3931 nec
2616 3897 2679 3931 an
2718 3897 2807 3931 ne·

212 3959 306 4007 que
334 3961 362 3994 s
505 3941 576 3991 XI
613 3941 736 4006 (xli
771 3945 824 4010 a)
857 3947 1146 4012 expletiuae
1181 3955 1298 3996 sunt
1333 3945 1402 3996 S.-
1439 3945 1506 3994 Xl
1545 3954 1594 3996 et
1630 3955 1749 3996 sunt
1777 3963 1869 3999 om.
1910 3948 2011 4008 LP
2177 3951 2211 3999 2
2243 3957 2411 3999 autem
2447 3965 2599 4015 porro
2636 3960 2805 4002 autem

212 4023 376 4063 tamen
415 4011 458 4061 S
492 4021 660 4063 autem
685 4027 837 4078 porro
872 4029 1024 4080 porro
1062 4023 1228 4066 autem
1267 4018 1384 4066 licet
1418 4023 1586 4066 tamen
1623 4031 1651 4065 s
1687 4024 1859 4067 autem
1896 4032 2046 4082 porro
2086 4018 2165 4068 sin
2193 4025 2363 4068 autem
2402 4020 2519 4070 licet
2554 4027 2724 4069 tamen
2757 4020 2815 4069 P

212 4085 342 4132 euim
381 4089 552 4132 autem
591 4097 744 4148 porro
783 4083 902 4134 licet
939 4093 1105 4136 tamen
1144 4099 1178 4141 ς
1352 4085 1384 4137 3
1429 4086 1636 4152 triginta
1670 4095 1905 4150 quattuor
1936 4103 2029 4138 om.
2073 4089 2173 4137 LP
2306 4090 2461 4139 etiam
2496 4104 2590 4141 om.
2629 4090 2732 4138 LP
2762 4089 2809 4138 si

209 4153 356 4202 etiam
389 4151 658 4204 Diomedes
686 4165 748 4216 p.
771 4151 876 4204 410
984 4157 1019 4205 4
1055 4171 1114 4205 ac
1150 4156 1195 4204 si
1227 4163 1395 4206 tamen
1421 4157 1466 4205 si
1502 4154 1545 4204 S
1579 4171 1638 4205 ac
1675 4156 1723 4205 si
1760 4159 1964 4208 tametsi
2002 4155 2096 4216 sP,
2134 4171 2226 4207 om.
2250 4157 2301 4206 L
2406 4160 2438 4209 5
2477 4159 2717 4222 quatinus
2758 4157 2807 4206 L

209 4230 458 4284 quatenus
494 4235 630 4270 eor-r.
663 4223 900 4286 quatinus
937 4223 990 4274 P
1122 4224 1274 4291 neue]
1329 4239 1428 4275 neu
1464 4226 1530 4290 P,
1574 4241 1665 4277 om.
1707 4225 1759 4274 L
1898 4227 1943 4276 si
1983 4234 2103 4277 ante
2142 4229 2277 4277 enim
2312 4243 2407 4280 om.
2432 4227 2475 4278 S
2645 4229 2680 4278 6
2718 4226 2804 4292 ne]

211 4305 305 4341 non
342 4291 480 4340 enim
510 4290 562 4338 P
697 4292 816 4342 licet
843 4307 938 4344 nm.
975 4292 1068 4343 SP
1226 4297 1254 4345 7
1296 4295 1586 4358 quindecim
1617 4311 1710 4349 om.
1751 4295 1853 4344 LP
2018 4297 2089 4347 ita
2124 4311 2222 4359 que
2256 4295 2299 4346 S
2330 4298 2403 4348 ita
2436 4299 2606 4361 itaque
2640 4313 2669 4348 a

209 4359 242 4410 8
277 4362 414 4410 enim
451 4361 636 4410 etenim
675 4363 938 4414 enimuero
976 4364 1026 4412 P
1161 4364 1196 4416 9
1247 4365 1444 4415 seilicet
1491 4366 1732 4415 uidelicet
1767 4373 2040 4432 propterea
2075 4366 2126 4415 L
2266 4381 2334 4416 nn
2370 4382 2553 4418 rmum
2586 4368 2808 4432 Figurae

207 4429 248 4478 S
387 4427 454 4479 13
489 4429 742 4482 dictiones
776 4433 1028 4497 plurimae
1061 4435 1114 4483 P
1251 4435 1316 4486 14
1351 4442 1404 4484 nt
1440 4450 1554 4484 cum
1595 4461 1660 4470 —
1699 4437 1893 4485 incerta
1924 4443 2041 4485 sunt
2076 4450 2169 4486 om.
2210 4435 2312 4486 LP
2450 4437 2516 4487 18
2550 4452 2619 4487 ns
2650 4450 2807 4486 Pnu-

210 4496 493 4564 rosirron]
543 4499 704 4552 Diom-
735 4518 796 4566 p.
833 4501 936 4554 404
1077 4501 1146 4554 20
1181 4513 1268 4555 aut
1295 4505 1516 4570 complet
1551 4513 1638 4556 aut
1675 4513 1837 4556 mutat
1870 4513 1959 4555 aut
1992 4505 2177 4555 minuit
2210 4505 2260 4556 L
2402 4506 2583 4572 implet
2617 4506 2669 4554 P

209 4570 273 4617 22
309 4569 452 4632 quod
509 4578 556 4620 et
593 4569 820 4622 Donatus
873 4573 926 4621 in
985 4573 1210 4624 secunda
1257 4583 1364 4625 arte
1399 4575 1546 4625 docet
1593 4575 1674 4625 his
1713 4575 1889 4626 verbis
1909 4613 1925 4639 ,
1978 4582 2067 4624 aut
2118 4576 2327 4624 verbum
2364 4604 2424 4612 —
2470 4576 2805 4626 circumcirca

213 4635 504 4690 Pri-ecimus
535 4655 591 4704 p.
629 4639 736 4690 990
908 4642 1158 4707 praecidit
1190 4643 1233 4694 S
1373 4646 1443 4696 24
1491 4659 1548 4695 se
1582 4661 1672 4695 om.
1711 4645 1781 4707 S,
1813 4647 1937 4696 add.
1972 4659 2001 4694 s
2172 4647 2241 4696 25
2292 4653 2379 4695 aut
2420 4654 2470 4696 et
2506 4647 2712 4696 casibus
2750 4654 2799 4696 et

212 4706 444 4769 loquellis
479 4723 572 4762 om.
615 4709 666 4759 L
703 4724 866 4773 aeque
888 4712 1092 4761 casibus
1123 4721 1172 4761 et
1209 4713 1445 4777 loquellis
1478 4715 1531 4763 P
1665 4730 1799 4780 eque
1829 4715 1880 4764 L
1913 4713 2115 4780 haeque
2153 4716 2211 4777 S,
2248 4729 2339 4770 ont.
2380 4716 2430 4765 P
2568 4715 2638 4767 26
2671 4731 2801 4781 quae

211 4775 426 4896 loquelit
462 4779 696 4897 serLuiunt
725 4789 916 4831 tantum
951 4783 1326 4849 coniunguntur
1360 4791 1416 4833 ut
1449 4783 1502 4833 di
1531 4786 1581 4834 P
1718 4784 1786 4835 27
1818 4785 2009 4835 distrao
2040 4782 2090 4832 L
2228 4785 2297 4836 28
2328 4801 2489 4855 penes
2523 4788 2643 4838 item
2682 4800 2801 4836 con-

213 4859 402 4912 magun
423 4861 486 4896 ur
