3434 5442
687 299 809 366 448
1458 302 1702 366 SERVII
1746 302 1978 366 COMM.
2023 303 2099 364 IN
2145 302 2495 366 DONATVM

2728 411 3011 454 f.183e.od
3040 410 3123 453 ru.

853 487 1032 550 Plane
1077 488 1378 551 sciendum
1425 498 1514 552 est
1558 491 1831 570 quoniam
1878 491 2116 552 schema
2157 493 2220 552 in
2264 509 2535 552 sermone
2577 491 2794 552 factum
2840 489 2911 552 ad
2954 509 3199 570 gramma·

683 596 748 654 ti
743 609 832 650 os
875 592 1158 670 pertinet,
1205 594 1264 652 in
1311 610 1486 654 sensu
1531 592 1749 654 iactum
1795 592 1865 654 ad
1912 601 2196 655 otatores.
2272 612 2406 655 nam
2452 611 2581 656 cum
2627 593 2825 654 dico‘
2844 610 2977 672 pars
3016 595 3071 653 in
3108 593 3199 654 fru-

682 703 768 756 sta
800 698 1059 765 secant’,
1091 695 1366 773 quoniam
1397 695 1458 753 in
1487 693 1684 756 verbis
1715 701 1805 756 est
1834 697 2124 775 quaestio,
2158 695 2343 774 figura
2374 693 2823 774 grammaticalis
2854 705 2969 763 est:
3010 695 3199 776 quando

683 804 878 858 autem
926 794 1068 855 dicit
1108 794 1382 874 Virgilius

633 916 658 954 5
935 891 1168 977 ',quid
1213 915 1610 960 memorem
1656 899 2008 961 infandas
2052 897 2354 969 caedes,

680 999 739 1060 id
810 1007 898 1060 est
961 1017 1095 1082 cum
1143 999 1284 1060 dicit
1326 1018 1388 1061 se
1445 1018 1561 1061 non
1619 1000 1913 1064 dicturum
1969 1001 2123 1062 facta
2166 1001 2433 1062 Mezentii
2490 1010 2548 1063 et
2610 999 2793 1063 nihilo
2844 1001 3031 1061 minus
3078 999 3199 1068 dicit.

683 1103 956 1182 quoniam
1011 1103 1108 1163 in‘·
1131 1119 1304 1176 sensu
1363 1120 1460 1164 res
1515 1110 1630 1172 est,
1688 1101 1759 1163 ad
1819 1111 2081 1163 oratores
2136 1105 2391 1182 pertinet
2456 1103 2599 1164 haec
2652 1103 2859 1181 figura.
2944 1111 3201 1182 praeterea

685 1202 1052 1284 hyperbaton
1096 1213 1154 1266 et
1174 1202 1477 1283 vallegoria
1523 1221 1644 1264 non
1687 1206 1749 1264 in
1797 1203 2068 1266 omnibus
2111 1202 2256 1265 locis
2300 1204 2533 1267 dicitur.
2584 1223 2719 1268 nam
2752 1202 3049 1284 generales
3072 1213 3201 1264 sunt:

685 1308 948 1385 quisquis
1001 1309 1158 1368 enim
1219 1299 1433 1368 dixerit
1487 1306 1884 1386 hyperbaton,
1943 1304 2115 1369 simul
2174 1308 2429 1388 quinque
2482 1315 2684 1388 tropos
2738 1309 2931 1388 ponit:
2986 1307 3202 1386 quisquis

609 1423 659 1464 πο
687 1407 1056 1487 allegoriam,
1103 1406 1271 1470 simul
1319 1415 1564 1488 septem.
1651 1425 1833 1486 quare
1878 1406 2163 1470 debemus
2208 1425 2325 1469 non
2371 1410 2511 1490 ipsis
2553 1410 2639 1471 uti
2680 1407 3087 1490 principalibus
3124 1427 3201 1468 no·

685 1509 972 1580 minibus,
1020 1509 1122 1572 sed
1168 1511 1362 1591 potius
1407 1508 1744 1572 nominibus
1788 1509 2228 1580 subdivisionis,
2286 1511 2437 1572 sicut
2478 1512 2537 1572 iu
2584 1520 2709 1572 arte
2752 1509 3081 1590 dispositum
3120 1520 3202 1571 est.

685 1614 841 1674 inter
899 1611 1218 1692 parabolen
1263 1619 1323 1674 et
1365 1611 1704 1692 paradigma
1748 1611 1863 1672 boc
1905 1613 2181 1683 interest,
2235 1613 2389 1693 quod
2434 1611 2712 1693 parabole
2755 1630 2953 1674 rerum
2997 1611 3203 1672 dissimi-

684 1713 826 1774 lium
889 1717 1229 1794 conparatio
1287 1721 1405 1784 est,
1466 1722 1533 1776 ut
1589 1732 1723 1775 cum
1768 1716 1955 1775 virum
2000 1713 2213 1776 fortem
2259 1714 2521 1777 Turnum
2568 1715 3012 1794 aequiperamus
3050 1713 3205 1780 leoni:

685 1814 1025 1896 paradigma
1083 1824 1278 1878 autem
1341 1823 1430 1879 est
1483 1833 1684 1877 rerum
1738 1815 2017 1878 similium
2062 1819 2428 1897 conparatio,
2484 1826 2550 1878 ut.
2592 1835 2723 1879 oum
2769 1825 2909 1896 puta
2952 1816 3205 1876 hominem

609 1932 659 1972 15
685 1918 912 1978 homini
966 1936 1371 1998 conparamuS.
1463 1916 1535 1978 de
1591 1919 1682 1978 his
1738 1925 1930 1980 autem
1978 1918 2184 1989 rebuS,
2242 1920 2299 1981 id
2346 1925 2433 1982 est
2473 1920 2705 1999 figuriS,
2752 1918 3031 1999 quaedam
3070 1936 3204 1998 prae·

686 2018 1006 2082 libamenta
1065 2028 1390 2100 posuerunt
1443 2021 1828 2098 grammatici.
1919 2037 2050 2080 nam
2094 2028 2234 2082 sunt
2283 2021 2395 2102 ipsi
2438 2027 2731 2092 auctoreS,
2776 2021 2877 2100 qui
2920 2019 3207 2100 specialiter

688 2140 836 2201 opus
878 2123 1214 2184 inmensum
1261 2121 1334 2183 de
1379 2122 1489 2184 hac
1535 2139 1600 2182 re
1643 2119 2081 2202 multorumque
2124 2120 2410 2184 librorum
2458 2123 2745 2184 feceruut.

821 2311 854 2360 2
899 2309 1080 2360 frustra
1111 2311 1160 2360 P
1293 2311 1326 2360 4
1373 2307 1642 2376 Virgilius]
1683 2309 1815 2359 Aen.
1850 2309 1966 2358 Vlll
2004 2307 2103 2360 483
2245 2309 2277 2360 8
2315 2319 2361 2358 et
2407 2327 2501 2366 om.
2538 2313 2588 2362 P
2726 2311 2789 2361 12
2834 2311 2965 2375 quod
3002 2309 3201 2376 paraboly

684 2381 736 2430 P
900 2381 962 2430 15
995 2380 1245 2442 quaedam
1281 2380 1646 2446 perlinamenta
1679 2379 1727 2428 Ρ
1892 2379 1956 2430 16
1990 2392 2106 2432 suut
2142 2395 2234 2430 om.
2276 2381 2325 2430 P
2498 2383 2555 2432 17
2587 2380 2815 2431 recerunt
2848 2395 3203 2430 conuersi-mun

687 2464 736 2498 m
769 2465 900 2500 Auru:
933 2465 1111 2502 oona-rt
1151 2464 1374 2502 Pmoun
1403 2465 1665 2500 ssxpmcurt
1701 2464 1954 2501 materna
1990 2465 2196 2502 sanutus
2227 2452 2278 2500 P
