3434 5442
944 325 1342 388 INSTITVTA
1384 325 1668 390 ARTlVM
1721 325 2052 390 193-208
2713 327 2795 390 79

282 447 321 488 p.
350 433 439 477 190.
460 437 509 477 m
543 437 605 478 R.
2351 455 2397 497 p.
2425 443 2606 485 zos—‘10
2633 441 2692 486 V.

200 507 577 578 inveniuntur,
622 509 781 572 haec
824 512 874 572 si
910 515 1332 575 nominativum
1378 506 1467 575 vel
1502 515 1902 574 accusativum
1946 531 2147 575 casum
2199 516 2436 576 numeri
2479 514 2796 593 singularis

204 609 263 670 ad
301 609 551 686 [ormam
600 615 846 675 Aeneae
898 615 1095 676 facere
1152 617 1571 696 reperiuntur,
1628 622 1772 676 tunc
1815 634 1924 694 per
1967 618 2197 678 cete'ros
2241 633 2411 678 casus
2465 616 2536 678 ad
2581 634 2794 678 sonum

208 713 413 773 Aeneae
462 711 873 777 declinantur.
964 735 1373 797 quaecumque
1416 736 1557 778 vero
1612 721 1873 798 nomina„
1909 720 2142 796 generis
2187 717 2495 779 masculini
2541 717 2794 780 ablativo

212 831 331 876 casu
378 817 623 877 numeri
676 817 996 895 singularis
1048 837 1079 879 a
1137 817 1331 882 littera
1381 825 1515 898 post
1565 825 1988 880 consonantem
2047 821 2438 882 terminantur
2487 828 2543 881 et
2599 826 2792 898 aptota

214 936 323 980 esse
356 934 479 978 non
522 920 933 1008 inveniuntur,
979 920 1128 981 haec
1171 923 1221 982 si
1260 922 1679 983 nominativum
1725 928 1827 982 aut
1869 923 2261 983 accusativum
2313 940 2513 983 casum
2561 923 2800 983 numeri
2845 945 2876 986 s

210 1018 507 1096 singularis
549 1021 645 1082 vel
694 1021 875 1082 alium
922 1021 1244 1102 quemlibet
1289 1039 1491 1083 casum
1536 1025 1766 1083 numeri
1813 1021 2056 1103 pluralis
2097 1023 2170 1083 ad
2218 1023 2470 1084 sormam
2513 1021 2796 1085 Catilinae

210 1121 393 1182 [acere
436 1123 843 1200 reperiuntur,
884 1131 1027 1186 tunc
1069 1141 1179 1202 per
1224 1132 1455 1185 ceteros
1500 1143 1671 1186 casus
1714 1125 1789 1185 ad
1826 1141 2036 1186 sonum
2084 1121 2366 1186 Catilinae
2405 1123 2794 1186 declinantur.

364 1223 451 1285 De
496 1223 693 1286 dativo
736 1224 827 1286 vel
872 1225 1119 1288 ablativo
1176 1244 1317 1288 casu
1366 1229 1603 1288 numeri
1660 1223 1931 1305 pluralis,
1990 1227 2092 1307 qui
2134 1226 2184 1286 is
2223 1223 2432 1287 litteris
2477 1233 2612 1306 post
2653 1242 2794 1286 con-

205 1333 507 1387 sonantem
566 1327 947 1388 definiuntur.
1038 1345 1445 1408 quaecumque
1488 1329 1728 1389 nomina
1757 1324 1788 1410 ss
1815 1327 2051 1404 generis
2107 1326 2415 1389 masculini
2471 1329 2662 1390 dativo
2703 1326 2794 1388 vel

206 1427 446 1488 ablativo
500 1445 643 1489 casu
698 1431 939 1490 numeri
990 1428 1235 1509 pluralis
1287 1431 1335 1490 is
1386 1429 1599 1491 litteris
1656 1437 1794 1508 post
1844 1435 2265 1491 consonantem
2325 1429 2682 1491 deliniuntur
2737 1435 2796 1489 et
2825 1451 2874 1492 ιο

206 1535 391 1607 aptota
441 1547 577 1592 esse
622 1548 741 1590 non
796 1532 1203 1600 inveniuntur,
1258 1531 1406 1592 haec
1458 1531 1722 1609 indigent
1769 1530 1896 1592 aliis
1939 1529 2200 1604 casibus,
2260 1550 2369 1612 per
2421 1547 2572 1612 quos
2617 1547 2795 1609 appa·

204 1637 363 1692 reant
405 1631 487 1692 ad
518 1647 697 1712 quam
740 1633 995 1694 formam
1038 1634 1337 1712 pertinere
1382 1635 1775 1712 reperiantur,
1821 1640 1881 1694 et
1909 1633 2042 1694 ideo
2075 1617 2316 1694 eosdem
2349 1651 2536 1702 casus,
2582 1632 2798 1711 quibus

207 1733 484 1812 indigent,
528 1733 887 1806 subicimus,
932 1742 1000 1797 ut
1042 1742 1368 1816 appareant
1412 1753 1521 1815 per
1566 1753 1715 1815 quos
1759 1753 1931 1797 casus
1985 1735 2056 1796 ad
2104 1753 2278 1814 quam
2324 1715 2574 1797 form‘am
2616 1733 2797 1813 perti-

206 1853 339 1896 nere
378 1837 782 1914 reperiantur.
873 1856 1057 1918 quare
1102 1853 1512 1916 quaecumque
1558 1839 1796 1898 nomina
1846 1837 2083 1916 generis
2126 1835 2430 1898 masculini
2474 1837 2667 1897 dativo
2705 1834 2796 1896 vel

207 1935 449 1997 ablativo
492 1955 633 1998 casu
677 1939 913 2000 numeri
948 1937 1195 2018 pluralis
1236 1941 1289 2000 is
1326 1938 1538 2000 litteris
1580 1944 1714 2018 post
1759 1947 2180 2000 consonantem
2223 1937 2601 2008 definiuntur,
2647 1937 2796 1998 haec
2829 1959 2874 1999 ιε,

209 2041 251 2098 si
303 2037 488 2098 alium
550 2038 873 2118 quemlibet
926 2059 1130 2102 casum
1178 2040 1253 2126 ad
1300 2040 1553 2104 formam
1598 2039 1878 2102 Catilinae
1939 2039 2135 2102 facere
2191 2041 2603 2120 reperiuntur,
2655 2047 2798 2100 tunc

210 2157 307 2219 per
349 2149 587 2201 ceteros
626 2157 798 2202 casus
841 2143 915 2202 ad
954 2143 1171 2204 sonum
1216 2141 1495 2204 Catilinae
1538 2142 1925 2204 declinantur.

368 2241 457 2302 De
494 2241 853 2304 nominativo
896 2262 1035 2306 casu
1079 2246 1312 2306 numeri
1356 2243 1687 2323 singularia,
1735 2245 1832 2324 qui
1878 2261 1942 2304 as
1981 2243 2190 2305 litteris
2232 2243 2527 2306 delinitur.
2617 2259 2797 2322 quae-

212 2363 455 2424 cumque
501 2345 741 2405 nomina
797 2342 1049 2428 gelneris
1103 2345 1409 2407 masculini
1461 2347 1818 2407 nominativo
1869 2364 2008 2407 casu
2065 2347 2310 2407 ‘numeri
2370 2342 2683 2423 singularis
2735 2361 2800 2404 as

214 2447 409 2507 litteris
454 2445 820 2508 definiuntur
862 2454 921 2508 et
964 2454 1161 2526 aptota
1200 2466 1329 2509 esse
1374 2465 1490 2508 non
1536 2447 1934 2517 inveniuntur,
1981 2447 2129 2508 haec
2173 2447 2440 2526 indigent
2482 2445 2609 2508 aliis
2649 2445 2795 2507 casi-
2823 2469 2877 2510 πο

214 2547 336 2615 hus.
394 2567 507 2627 per
552 2567 706 2633 quos
749 2554 1074 2629 appareant
1124 2549 1195 2610 ad
1243 2567 1417 2628 quam
1467 2549 1716 2610 formam
1776 2551 2074 2628 pertinere
2130 2549 2544 2628 reperiantur..
2615 2565 2800 2626 quare

216 2669 619 2731 quaecumque
661 2641 903 2711 nomina
951 2654 1187 2730 generis
1218 2650 1541 2714 'masculini
1597 2653 1958 2712 nominativo
2005 2669 2142 2712 casu
2199 2651 2436 2712 numeri
2489 2648 2800 2730 singularis

214 2771 269 2811 as
304 2751 521 2814 litteris
568 2752 935 2814 definiuntur
985 2761 1045 2814 et
1086 2759 1283 2830 aptota
1331 2771 1460 2814 esse
1513 2771 1631 2814 non
1684 2754 2090 2823 inveniuntur,
2151 2755 2200 2814 si
2251 2753 2430 2814 alium
2479 2749 2804 2832 quemlibet

214 2872 397 2916 casum
438 2853 515 2916 ad
554 2853 805 2915 sormam
849 2857 1081 2916 Aeneae
1125 2854 1323 2917 facere
1359 2856 1770 2934 reperiuntur,
1821 2863 1960 2917 tunc
2005 2856 2152 2918 haec
2195 2873 2306 2935 per
2351 2857 2582 2916 c‘eteros
2629 2869 2802 2914 casus
2894 2881 2898 2885 >

213 2956 274 3016 ad
314 2973 531 3016 sonum
576 2957 813 3018 Aeneae
855 2955 1243 3018 declinantur.
1334 2974 1493 3018 nunc
1536 2959 1599 3018 in
1644 2958 1757 3018 hac
1801 2975 1978 3036 supra
2021 2959 2240 3036 scripta
2285 2957 2507 3025 forma,
2555 2973 2668 3034 qua
2711 2953 2799 3014 di·
2825 2977 2876 3019 π

214 3057 393 3118 ximus
436 3059 685 3135 generis
728 3057 1039 3120 masculini
1082 3059 1322 3120 nomina
1368 3059 1727 3120 nominativo
1772 3077 1913 3120 casu
1961 3060 2193 3120 numeri
2239 3056 2552 3137 singularis
2593 3073 2659 3117 as
2704 3054 2800 3117 lit·
2835 3071 2837 3073 ’

212 3162 341 3220 teris
378 3159 648 3229 definiri,
712 3160 1045 3238 quaeritur,
1092 3178 1209 3240 qua
1248 3161 1321 3222 de
1367 3179 1543 3222 causa
1584 3163 1893 3224 Maecenas
1947 3161 2124 3222 huius
2168 3158 2522 3222 Maecenatis
2579 3165 2640 3220 et
2679 3175 2799 3218 non

210 3262 371 3324 liuius
408 3262 735 3323 Maecenae
796 3261 991 3323 lacere
1041 3263 1393 3340 reperiatur.
1483 3263 1595 3324 hac
1651 3263 1725 3324 de
1780 3280 1986 3332 causa,
2044 3263 2320 3342 quoniam
2375 3261 2802 3338 cuiuscumque

210 3365 432 3441 generis
488 3365 733 3424 nomina
780 3365 1043 3425 vocativo
1095 3382 1237 3426 casu
1302 3367 1533 3426 numeri
1582 3364 1900 3443 singularis
1957 3383 2020 3426 as
2067 3363 2277 3425 litteris
2329 3363 2688 3424 deliniuntur
2745 3369 2803 3422 et

210 3475 394 3544 aptota
438 3483 577 3526 esse
621 3483 741 3526 non
787 3467 1184 3547 reperiuntur,
1228 3467 1376 3528 haec
1413 3469 1683 3544 genetivo
1724 3485 1862 3528 casu
1904 3467 2137 3526 numeri
2171 3464 2483 3544 singularis
2513 3465 2564 3525 is
2593 3462 2802 3524 litteris
2827 3483 2880 3526 ao

212 3567 647 3630 conc-luduntur
688 3577 749 3629 et
779 3569 853 3630 ad
896 3569 1147 3628 formam
1195 3569 1519 3630 eorundem
1561 3571 1886 3639 nominum,
1935 3586 2086 3647 quae
2114 3565 2362 3629 ablativo
2392 3585 2531 3630 casu
2569 3566 2804 3628 numeri

212 3671 515 3749 singularis
572 3677 635 3730 e·
672 3669 863 3730 littera
916 3669 1141 3732 scilicet
1188 3679 1463 3750 correpta
1516 3653 1969 3741 terminantur,'
2003 3669 2329 3730 secundum
2383 3687 2557 3730 suum
2615 3685 2805 3745 genus

214 3772 601 3834 declinantur.
692 3789 853 3832 nunc
895 3789 1031 3832 cum
1070 3773 1227 3834 dicat
1271 3771 1565 3850 Vergilius
1857 3769 1860 3772 ⁴

1332 3893 1467 3954 quo
1512 3874 1770 3936 sidere
1812 3881 2092 3936 terram
2177 3880 2185 3887 '

618 3983 945 4044 vertere,
992 3975 1411 4045 Maecena5‚
2828 3993 2880 4034 aa

218 4081 399 4158 ntique
442 4081 569 4139 iam
614 4079 943 4139 vocativum
988 4095 1189 4140 casum
1231 4078 1493 4140 eiusdem
1538 4079 1766 4140 formae
1811 4077 2082 4147 ostendit,
2130 4096 2244 4158 qua
2281 4077 2518 4137 nomina
2553 4074 2803 4136 ablativo

222 4197 343 4241 usu
394 4181 634 4242 numeri
692 4178 1009 4256 singularis
1065 4200 1097 4242 e
1146 4179 1337 4242 littera
1394 4187 1668 4259 correpta
1723 4181 2147 4249 terminantur,
2211 4187 2269 4240 et
2317 4177 2452 4240 ideo
2497 4177 2806 4238 Maecenas

224 4279 377 4343 huius
414 4281 801 4351 Maecenatis,
852 4299 971 4343 non
1016 4283 1331 4344 Maecenae
1374 4282 1569 4344 facere
1616 4282 2052 4360 pronuntiatur.

370 4385 453 4446 De
494 4385 867 4445 nominativo
912 4401 1049 4446 casu
1092 4387 1329 4446 numeri
1376 4383 1707 4463 singularis,
1755 4385 1950 4463 quies
1984 4381 2227 4466 litjlteris
2267 4381 2559 4442 delinitur.
2623 4399 2805 4462 quae-

226 4501 455 4566 cumque
508 4488 761 4548 nomina
818 4487 1057 4565 generis
1112 4485 1421 4549 masculini
1474 4488 1832 4548 nominativo
1891 4501 2030 4546 casu
2097 4483 2333 4544 numeri
2377 4481 2691 4561 singularis
2740 4500 2804 4546 es
2831 4497 2884 4542 ω

340 4735 371 4788 3
400 4739 613 4788 nomina
650 4751 749 4787 om.
790 4733 897 4786 RB
1039 4735 1106 4784 24
1142 4742 1259 4784 tunc
1293 4751 1385 4785 om.
1425 4733 1491 4796 R,
1527 4733 1650 4784 add.
1682 4749 1742 4783 ro
1882 4731 1950 4784 29
1987 4730 2194 4781 nomina
2231 4731 2545 4782 nominativo
2578 4739 2628 4782 et
2656 4729 2806 4783 voca-

212 4805 309 4854 tivo
340 4823 451 4858 casu
484 4826 514 4858 v
552 4823 631 4858 ex
666 4807 849 4856 codice
888 4803 1132 4854 Parisino
1166 4803 1305 4855 7519
1444 4801 1513 4853 33
1552 4797 1838 4869 Vergilius]
1873 4818 2049 4866 geom.
2087 4801 2108 4850 Ῐ
2141 4799 2163 4850 l
