3434 5442
640 344 764 407 390
1377 313 1392 336 ’
1790 339 2066 402 noum

741 461 786 501 p.
816 449 879 488 23.
908 449 955 489 ‘24
987 447 1030 489 L.
2222 403 2254 428 x
2788 460 2831 500 p.
2860 448 2966 490 1761.
2990 449 3035 490 ὦ
3065 447 3111 488 Ρ.

809 527 1239 608 Praepositioni
1285 526 1497 587 accidit
1541 544 1712 586 casus
1756 533 2003 588 tantum.
2078 543 2246 620 casps
2292 545 2547 606 namque
2591 528 2653 585 in
2700 526 3207 606 praepositionibus

641 627 758 690 du'o
804 637 974 698 sunt,
1021 629 1383 689 accusativus
1431 625 1443 708 Ι
1488 634 1546 688 et
1589 626 1893 689 ablativus,
1980 626 2129 688 aliae
2186 628 2344 688 enim
2404 629 2736 688 accusativo
2780 631 2934 688 casui
2972 647 3209 708 praepo-

642 737 892 800 nuntur,
938 728 1084 790 aliae
1127 728 1406 798 ablativo,
1455 727 1603 790 aliae
1645 715 1939 809 utrique.⁹
1992 731 2307 790 accusativi
2361 747 2531 791 casus
2588 732 3039 808 praepositiones
3082 741 3213 792 sunt

642 832 782 902 hae,
829 831 902 892 ad
949 831 1106 910 apud
1152 839 1290 891 ante
1335 830 1643 891 adversum
1692 832 1779 891 cis
1822 832 1968 891 citra
2000 832 2223 891 circum
2258 833 2413 891 circa
2444 838 2651 891 contra
2684 849 2825 909 erga
2868 841 3023 893 extra
3064 835 3213 892 inter

589 953 614 992 5
640 934 796 994 intra
858 933 1012 993 inl'ra
1068 933 1228 993 iuxta
1283 931 1358 992 ob
1413 950 1570 1012 pone
1623 951 1733 1010 per
1792 950 1981 1012 prope
2036 932 2361 993 secundum
2416 939 2552 1012 post
2596 940 2761 992 trans
2802 931 2949 992 ultra
2992 943 3215 1012 praeter

641 1042 888 1113 propter
941 1052 1120 1113 supra
1177 1031 1472 1114 [circiter]
1533 1052 1720 1112 usque
1780 1032 2007 1113 [secus]
2065 1051 2267 1113 penes.
2358 1033 2607 1094 dicimus
2664 1034 2823 1094 enim
2868 1035 2937 1096 ad
2980 1045 3214 1112 patrem,

639 1136 792 1216 apud
841 1135 1078 1204 villam.
1116 1141 1252 1194 ante
1297 1133 1504 1204 aedeS,
1551 1134 1863 1195 adversum
1894 1136 2195 1204 inimicOS,
2242 1135 2330 1194 cis
2357 1135 2618 1205 Renum,
2664 1136 2813 1195 citra
2856 1135 3059 1205 forum,
3106 1137 3217 1196 cir·

641 1254 773 1298 cum
821 1238 1071 1306 vicinoS,
1119 1235 1276 1296 circa
1322 1233 1638 1314 templum,
1699 1241 1907 1296 contra
1950 1235 2207 1306 hostem,
2266 1253 2410 1314 erga
2452 1238 2847 1316 propinquos,
2904 1245 3061 1297 extra
3106 1245 3218 1296 ter-

641 1325 1065 1407 minOS‚‘inter
1110 1355 1316 1409 naveS,
1373 1337 1528 1396 intra
1584 1338 1849 1406 moenia,
1904 1336 2059 1398 infra
2104 1344 2357 1408 tectum,
2416 1339 2577 1398 iuxta
2620 1336 2960 1407 macellum,
3006 1337 3078 1398 ob
3124 1357 3219 1397 au·

567 1455 615 1498 10
641 1441 906 1517 gurium,
965 1456 1122 1518 pone
1165 1437 1454 1508 tribunal,
1511 1455 1620 1516 per
1665 1440 1981 1517 parietem,
2040 1456 2228 1518 prope
2272 1438 2625 1508 fenestram,
2684 1438 3007 1500 secundum
3052 1439 3221 1506 fores,

641 1548 775 1618 post
819 1549 1083 1620 tergum,
1130 1547 1294 1600 trans
1337 1539 1557 1618 ripam,
1603 1538 1757 1600 ultra
1802 1541 1977 1608 fines,
2024 1547 2261 1618 praeter
2305 1538 2593 1607 officium,
2641 1546 2889 1620 propter
2931 1559 3084 1610 rem,
3132 1559 3219 1600 su-

640 1659 749 1721 pra
795 1639 1054 1710 caelum,
1106 1640 1375 1721 [circiter
1405 1639 1622 1719 annos]
1645 1688 1658 1710 ,
1709 1659 1893 1720 usque
1940 1639 2269 1711 Oceanum,
2320 1640 2522 1720 [secus
2551 1640 2681 1721 vos]
2728 1659 2916 1721 penes
2959 1639 3221 1701 arbitros

643 1761 714 1803 ex
760 1743 853 1803 bis
912 1741 986 1802 ad
1045 1749 1104 1802 et
1159 1741 1314 1822 apud
1373 1760 1508 1802 cum
1554 1743 1729 1802 unius
1775 1761 1947 1803 casus
1990 1744 2135 1810 sint,
2182 1742 2415 1802 diverso
2460 1741 2637 1802 modo
2678 1749 3003 1822 ponuntur.
3088 1742 3225 1802 dici-

643 1863 774 1905 mus
829 1845 988 1904 enim
1037 1841 1144 1902 ‘ad
1211 1843 1462 1926 amicum
1521 1841 1668 1902 vado
1685 1846 1726 1912 '‚
1774 1843 1967 1922 ‘apud
2022 1843 2275 1903 amicum
2322 1847 2513 1904 sum'.
2602 1861 2739 1913 nam
2796 1861 2991 1923 neque
3044 1843 3227 1922 ‘apud

569 1967 618 2008 ιε,
645 1947 900 2006 amicum
945 1942 1127 2004 vado'
1185 1951 1348 2003 recte
1403 1943 1620 2004 dicitur
1677 1961 1869 2023 neque
1916 1943 2026 2004 ‘ad
2070 1945 2326 2004 amicum
2369 1949 2556 2005 sum'.
2646 1964 2833 2025 usque
2876 1947 3229 2025 praepositio

639 2045 913 2126 plurimis
971 2062 1088 2105 non
1147 2044 1403 2114 videtur,
1464 2045 1596 2122 quia
1655 2046 1789 2104 sine
1842 2043 2037 2125 aliqua
2092 2047 2531 2124 praepositione
2588 2046 2846 2126 proferri
2901 2054 3066 2106 recte
3118 2064 3232 2106 non

639 2153 850 2227 potest.
913 2145 1149 2207 ablativi
1179 2163 1349 2206 casus
1391 2146 1861 2224 praepositiones
1901 2155 2037 2206 sunt
2081 2147 2222 2216 hae,
2254 2143 2282 2230 ΙΙ
2314 2165 2347 2206 3
2392 2146 2465 2208 31)
2510 2147 2615 2207 abs
2661 2166 2795 2208 cum
2842 2165 3045 2209 coram
3090 2147 3231 2207 clam

641 2249 715 2309 de
761 2267 794 2308 e
839 2267 912 2308 ex
968 2266 1076 2328 pro
1132 2264 1277 2326 prae
1331 2246 1525 2328 palam
1589 2248 1717 2306 sine
1774 2246 1997 2327 absque
2056 2257 2243 2308 tenus.
2336 2248 2585 2309 dicimus
2631 2249 2789 2308 enim
2836 2267 2868 2307 a
2914 2248 3120 2318 domo,
3164 2247 3233 2308 ab

643 2349 915 2436 homine,
961 2347 1066 2410 abs
1109 2347 1402 2428 quolibet,
1451 2365 1584 2408 cum
1631 2349 1927 2418 exercitu,
1974 2367 2175 2410 coram
2224 2348 2499 2419 testibus,
2546 2348 2699 2410 clam
2744 2348 3121 2418 custodibus,
3166 2348 3235 2409 de

568 2477 620 2516 20
647 2450 806 2520 l'oro,
855 2469 888 2510 e
931 2451 1092 2520 iure,
1141 2468 1214 2509 ex
1255 2449 1658 2528 praefectura,
1705 2467 1817 2529 pro
1858 2449 2196 2520 clientibuS,
2242 2460 2387 2529 prae
2418 2452 2657 2520 timore,
2704 2450 2899 2530 palam
2946 2449 3235 2520 omnibus

644 2554 773 2612 sine
833 2550 1071 2622 labore,
1129 2549 1352 2630 absque
1406 2551 1654 2620 iniuria,
1726 2559 1899 2612 tenus
1953 2551 2129 2638 pube.
2218 2552 2322 2612 sed
2378 2551 2525 2614 haec
2578 2555 2943 2632 praepositio
2998 2562 3239 2632 propter

645 2653 1008 2733 euphoniam
1061 2651 1350 2726 subicitur
1404 2658 1465 2712 et
1519 2651 1659 2712 facit
1699 2651 2092 2731 pubetenus,
2184 2651 2333 2714 clam
2378 2655 2739 2734 praepositio
2784 2652 3021 2714 casibus
3064 2655 3239 2715 servit

642 2753 951 2816 ambobus.
1039 2755 1348 2831 utriusque
1407 2771 1578 2814 casus
1632 2755 2103 2833 praepositiones
2148 2763 2285 2815 sunt
2328 2753 2469 2825 hae,
2526 2757 2589 2822 in
2634 2753 2746 2816 sub
2790 2772 2973 2833 super
3018 2755 3237 2816 subter.

642 2875 894 2937 quarum
953 2857 1014 2917 in
1071 2862 1131 2916 et
1176 2853 1286 2916 sub
1341 2860 1484 2928 tunc
1535 2856 1849 2915 accusativi
1892 2873 2062 2917 casus
2106 2863 2272 2926 sunt,
2300 2874 2452 2916 ·cum
2499 2855 2571 2918 ad
2617 2855 2813 2916 locum
2862 2855 2953 2917 vel
2998 2874 3113 2918 nos
3158 2855 3239 2916 vel

565 2989 616 3028 25
643 2957 938 3039 quoslibet
979 2959 1070 3018 ire
1113 2958 1228 3016 isse
1271 2957 1462 3018 ituros
1506 2974 1636 3018 esse
1691 2957 2118 3035 significamus;
2177 2965 2320 3018 tunc
2363 2956 2625 3028 ablativi,
2684 2975 2819 3020 cum
2866 2956 2955 3017 vel
3004 2978 3117 3019 nos
3158 2956 3243 3020 vel

643 3058 942 3141 quoslibet
983 3060 1046 3118 in
1087 3056 1222 3118 loco
1269 3076 1401 3118 esse
1445 3056 1626 3118 fuisse
1671 3057 1905 3119 futuros
1950 3077 2081 3120 esse
2124 3059 2541 3137 significamus,
2629 3060 2798 3120 cuius
2840 3061 2929 3119 rei
2976 3060 3241 3140 exempla

641 3170 784 3222 sunt
824 3162 1002 3222 baec:
1048 3161 1111 3219 in
1155 3161 1472 3221 accusativi
1500 3177 1700 3229 casuS,
1751 3161 1945 3221 ‘itur
1986 3160 2061 3220 in
2106 3162 2484 3240 antiquam
2533 3158 2854 3234 silvam3'
2900 3161 2967 3221 in
3012 3161 3245 3222 ablativi

642 3281 842 3332 casae,
901 3265 1147 3322 ‘stans
1203 3260 1402 3322 celsa
1462 3263 1530 3321 in
1599 3263 1889 3340 puppi.'
1978 3261 2089 3324 sub
2152 3263 2467 3323 accusativi
2522 3279 2731 3338 casuS,
2790 3265 3244 3343 ‘postesque

644 3364 778 3426 sub
823 3366 1029 3442 ipsos
1075 3363 1434 3423 Nituntur
1477 3362 1911 3440 gradibus;’
1960 3363 2069 3424 sub
2114 3363 2349 3425 ablativi
2392 3380 2590 3433 casus,

567 3493 618 3535 3⁰
1051 3471 1248 3525 arma
1293 3463 1426 3524 sub
1473 3463 2090 3542 adversa-posuit
2132 3464 2515 3526 radiantia
2559 3482 2863 3544 quercu.

780 3717 814 3768 3
855 3719 1113 3780 utriusque
1149 3733 1236 3768 cas
1273 3754 1437 3767 .....
1480 3717 1523 3767 S
1553 3719 1755 3781 utrique
1791 3717 1934 3766 casui
1968 3733 1995 3767 s
2100 3717 2132 3767 5
2168 3730 2345 3782 prope·
2366 3727 2576 3784 propter
2610 3717 2891 3767 secuudum
2924 3719 2977 3766 P
3060 3721 3096 3770 6
3130 3736 3249 3784 pro·

643 3795 755 3854 pter
782 3788 1012 3838 hocloco
1048 3803 1140 3838 om.
1180 3789 1229 3837 P
1331 3789 1532 3838 circiter
1564 3805 1654 3841 om.
1702 3789 1751 3837 L
1892 3801 2041 3836 secus
2074 3803 2167 3838 om.
2206 3787 2309 3850 LS,
2350 3789 2475 3842 add.
2510 3804 2569 3839 ε.-
2606 3789 2677 3852 cf.
2715 3786 2847 3838 Don.
2887 3797 2992 3838 art.
3031 3791 3147 3842 min.
3188 3791 3251 3838 de

639 3873 821 3923 praep.
999 3859 1030 3908 7
1075 3857 1346 3907 aduersum
1388 3867 1524 3908 ostes
1555 3857 1595 3908 S
1639 3859 1915 3908 aduersum
1953 3857 2187 3906 inimicos
2219 3873 2247 3907 8
2424 3858 2489 3908 10
2528 3871 2687 3922 prope
2725 3857 3001 3908 fenestram
3042 3869 3251 3922 propter

645 3928 974 3994 disciplinam
1011 3927 1288 3978 secundum
1325 3927 1375 3976 P
1465 3966 1474 3976 .
1519 3929 1580 3979 11
1635 3937 1842 3993 propter
1878 3943 1983 3978 rem
2025 3927 2104 3987 L,
2142 3941 2234 3979 om.
2277 3928 2355 3976 P:
2392 3929 2445 3977 in
2490 3927 2532 3976 S
2560 3936 2637 3977 est
2684 3928 2863 3988 litura,
2902 3931 2953 3978 in
2990 3945 3095 3993 qua
3130 3929 3255 3993 quid

644 4003 758 4052 olim
784 4001 950 4064 fuer-it
979 4015 1078 4050 non
1110 3999 1332 4060 adparet
1470 3999 1538 4049 12
1587 3998 1787 4047 circiter
1820 4012 1979 4048 annos
2017 4013 2109 4048 om.
2152 3996 2253 4047 LP
2388 4011 2551 4059 usque
2588 3997 2655 4047 ad
2688 3997 2955 4046 uictoriam
2990 4011 3128 4047 cor-r.
3162 4013 3251 4048 us-

645 4087 742 4134 que
781 4070 854 4120 ad·
880 4083 1124 4118 oceanum
1148 4068 1198 4117 P
1333 4081 1486 4117 secus
1525 4083 1614 4117 vos
1651 4083 1742 4118 om.
1780 4067 1879 4116 LP
2054 4067 2119 4118 14
2147 4064 2281 4131 sum]
2322 4081 2471 4116 suum
2506 4067 2557 4115 L
2731 4067 2797 4117 15
2830 4064 2964 4131 sum]
3004 4083 3161 4118 suum
3206 4068 3253 4116 L

785 4139 852 4190 16
888 4136 1106 4203 preferri
1140 4136 1184 4186 S
1287 4144 1422 4185 recte
1457 4154 1551 4188 om.
1593 4139 1641 4188 L
1772 4139 1833 4188 17
1870 4145 2037 4202 potest
2074 4146 2131 4186 ut
2160 4151 2325 4199 usque
2362 4137 2427 4186 ad
2466 4135 2662 4186 caelum
2704 4151 2864 4199 usque
2894 4137 2962 4186 ad
3000 4151 3251 4186 oceanum

648 4212 730 4270 P,·
751 4211 836 4259 ubi
869 4209 920 4257 in
959 4210 1183 4273 maraine
1218 4208 1484 4269 adscripta
1517 4215 1636 4257 sunt
1667 4207 1821 4268 haec,
1862 4206 1997 4256 unde
2036 4214 2087 4256 et
2122 4207 2419 4272 adiungitur
2462 4207 2665 4268 utrique
2698 4207 2840 4256 casui
2870 4221 2965 4270 pro
3000 4207 3253 4268 qualitate

649 4279 1184 4344 praepositionis-eius
1209 4277 1288 4326 cui
1315 4275 1466 4326 fuerit
1485 4278 1718 4343 copulata
1750 4285 1807 4326 ut
1838 4291 1999 4339 usque
2026 4277 2092 4327 ad
2120 4285 2169 4326 et
2200 4291 2362 4338 usque
2388 4275 2470 4338 ab,
2491 4291 2620 4341 quae
2636 4284 2752 4338 post
2774 4285 2943 4340 potest
2965 4277 3167 4326 addunt
3184 4291 3253 4332 ες

819 4350 886 4398 22
932 4349 997 4398 de
1032 4347 1158 4397 clam
1206 4348 1588 4412 praepositione
1629 4349 1905 4398 testimonio
1934 4347 2134 4397 Donati
2164 4362 2284 4396 usus
2316 4355 2399 4398 esc.
2426 4345 2725 4396 Pte-§cianus
2754 4361 2807 4408 p.
2846 4345 2980 4408 998,
3038 4348 3155 4396 icem
3184 4347 3253 4395 de

643 4419 1098 4482 praepositionibus
1133 4419 1400 4482 utriusque
1437 4433 1588 4468 casus
1615 4431 1673 4480 p.
1718 4415 1854 4469 1203
2028 4417 2098 4468 24
2144 4423 2265 4467 tunc
2312 4417 2719 4480 praepositiones
2764 4415 3045 4464 aecusatiui
3093 4430 3251 4465 casus

648 4498 781 4548 sunt,
818 4503 932 4537 cum
962 4489 1235 4537 aduersum
1273 4487 1353 4535 uel
1391 4497 1508 4538 ante
1532 4487 1844 4552 significant,
1884 4494 1939 4536 ut
1974 4486 2103 4535 ‘ibat
2136 4488 2189 4535 in
2224 4485 2523 4549 Euryalum‘
2562 4485 2760 4552 (Very.
2782 4485 2913 4534 Aen.
2936 4484 3080 4534 Vllll
3118 4485 3252 4546 424)

649 4567 698 4608 et
733 4558 858 4609 ‘sub
895 4558 1064 4622 ipsum
1102 4559 1394 4607 Arcturum’
1430 4555 1620 4622 (Ver-9.
1654 4571 1831 4622 yeory.
1862 4557 1882 4604 Ι
1918 4555 2011 4618 67)
2049 4571 2140 4621 pro
2180 4563 2326 4614 ante;
2362 4564 2482 4605 tunc
2517 4553 2727 4606 ablatini
2762 4569 2941 4613 casus,
2981 4567 3099 4602 cum
3140 4555 3249 4603 uim

649 4637 786 4678 recte
809 4628 1026 4677 retinent
1049 4643 1142 4677 nec
1175 4643 1268 4693 pro
1307 4629 1613 4678 accusatiuis
1647 4626 2111 4691 praepositionibus
2150 4625 2424 4690 ponuntur.
2452 4627 2573 4675 item
2604 4624 2882 4674 accusatiui
2918 4637 3071 4672 casus
3106 4633 3250 4684 sunt,

649 4711 762 4746 cum
796 4698 860 4746 ad
898 4696 1060 4747 locuni
1101 4699 1178 4746 uel
1216 4712 1309 4746 nos
1365 4699 1444 4746 uel
1488 4696 1742 4760 quoslibet
1777 4698 1851 4744 ire
1901 4697 2023 4744 iisse
2059 4696 2221 4745 ituros
2256 4711 2371 4746 esse
2408 4695 2782 4761 significamus.
2820 4694 2967 4743 cuius
3002 4707 3039 4750 ς
3182 4696 3251 4745 27

649 4764 770 4831 itur]
817 4767 975 4831 Vera.
1015 4767 1145 4818 Aen.
1187 4768 1256 4816 VI
1297 4765 1394 4817 179
1496 4769 1563 4817 28
1597 4764 1759 4832 stans]
1802 4768 1959 4829 Vera.
1999 4766 2129 4815 Aen.
2171 4767 2241 4815 Ill
2273 4767 2394 4818 527.
2434 4767 2551 4816 Vlll
2586 4763 2716 4816 680,
2748 4763 2797 4811 X
2832 4761 2937 4816 261
3052 4773 3251 4829 potest·

650 4851 750 4899 que
783 4835 862 4886 S:
909 4837 1066 4901 Ver9,
1103 4837 1233 4886 Aen.
1271 4838 1315 4888 u
1351 4837 1455 4886 442
1596 4835 1665 4887 30
1701 4831 1863 4898 arma]
1915 4837 2072 4900 Very.
2123 4835 2253 4888 Aen,
2300 4835 2411 4883 Vlll
2450 4835 2553 4885 616
2693 4848 2880 4898 querco
2912 4833 2957 4882 S
2988 4849 3189 4895 quercu
3226 4851 3253 4884 s
